2428 3377
114 145 101 75 Part
233 145 30 75 I.

113 209 71 75 face
199 209 27 75 is
245 209 126 75 convex
386 209 63 75 and
460 209 126 75 fmooth
598 209 10 75 ;
633 209 183 75 backward,
842 209 26 75 it
884 209 26 75 is
926 209 138 75 unequal
1082 209 62 75 and

114 253 151 75 concave,
290 253 51 75 for
357 253 133 75 lodging
514 253 72 75 part
602 253 41 75 of
654 253 56 75 the
729 253 189 75 crotaphyte
934 253 146 75 mufcles.

160 300 77 75 The
257 300 75 75 four
358 300 107 75 angles
493 300 39 75 of
555 300 79 75 each
661 300 40 75 of
723 300 88 75 thefe
811 332 13 49 v
835 300 99 75 bones
957 300 83 75 have
1062 300 81 75 been

115 345 160 75 reckoned
302 345 121 75 procefi'
423 345 34 75 es
477 345 44 75 by
537 345 97 75 fome.
730 345 77 75 The
823 345 61 75 one
901 345 33 75 at
953 345 56 75 the
1035 345 107 75 exter-

115 392 53 75 nal
185 392 132 75 canthus
331 392 40 75 of
382 392 55 75 the
454 392 98 75 orbit,
577 392 103 75 called
696 392 54 75 the
757 392 153 75 fuperitr
925 392 128 75 orbitar
1068 392 74 75 pro-

116 438 78 75 cefs,
220 438 26 75 is
271 438 55 75 the
347 438 122 75 longed
491 438 63 75 and
568 438 147 75 thickert.
810 438 76 75 The
902 438 115 75 fecond
1033 438 109 75 termi-

115 484 89 75 nates
221 484 75 75 near
309 484 55 75 the
380 484 120 75 middle
517 484 40 75 of
568 484 56 75 the
640 484 99 75 lower
755 484 80 75 edge
852 484 40 75 of
905 484 54 75 the
976 484 84 75 orbit
1076 484 31 75 in
1126 484 19 75 a

116 529 89 75 (harp
231 529 101 75 point,
358 529 63 75 and
446 529 28 75 is
502 529 114 75 named
633 529 55 75 the
705 529 282 75 inferior\rbitar
1004 529 139 75 procefs.

209 575 75 75 The
300 575 100 75 third,
416 575 114 75 placed
541 575 75 75 near
632 575 55 75 the
704 575 102 75 lower
820 575 71 75 part
908 575 40 75 of
959 575 54 75 the
1031 575 112 75 cheek,

114 622 65 75 and
194 622 114 75 thence
324 622 105 75 called
444 622 183 75 maxillary^
653 622 26 75 is
697 622 55 75 the
779 622 143 75 ihorted,
947 622 63 75 and
1025 622 120 75 neared

116 668 35 75 to
168 668 19 75 a
203 668 86 75 right
305 668 104 75 angle.
506 668 77 75 The
599 668 123 75 fourth,
748 668 105 75 which
878 668 26 75 is
923 668 103 75 called
1052 668 92 75 zygo-

116 714 112 75 matic,
254 714 131 75 becaufe
401 714 26 75 it
443 714 27 75 is
486 714 162 75 extended
664 714 185 75 backwards
873 714 36 75 to
936 714 55 75 the
1008 714 138 75 zygoma

117 759 40 75 of
168 759 55 75 the
240 759 155 75 temporal
411 759 94 75 bone,
531 759 77 75 ends
628 759 33 75 in
678 759 19 75 a
712 759 102 75 point,
839 759 62 75 and
924 759 56 75 has
1005 759 59 75 one
1082 759 63 75 fide

118 805 142 75 dreight,
286 805 63 75 and
364 805 55 75 the
435 805 95 75 other
546 805 357 75 flopping.—Between
919 805 55 75 the
1002 805 66 75 two
1093 805 52 75 or-

118 851 83 75 bitar
225 851 108 75 angles
349 851 91 75 there
456 851 27 75 is
500 851 18 75 a
535 851 136 75 concave
689 851 88 75 arch,
802 851 106 75 which
925 851 107 75 makes
1049 851 97 75 about

118 898 18 75 a
150 898 90 75 third
255 898 39 75 of
307 898 54 75 the
376 898 146 75 external
538 898 245 75 circumference
800 898 41 75 of
859 898 55 75 the
938 898 97 75 orbit,
1060 898 86 75 from

118 943 106 75 which
241 943 19 75 a
278 943 75 75 fifth
375 943 125 75 procefs
525 943 27 75 is
580 943 163 75 extended
758 943 188 75 backwards
963 943 111 75 within
1091 943 56 75 the

119 990 97 75 mbit,
241 990 34 75 to
288 990 84 75 form
388 990 75 75 near
479 990 60 75 one
556 990 89 75 third
667 990 41 75 of
724 990 71 75 that
811 990 107 75 cavity
931 990 11 75 ;
969 990 61 75 and
1045 990 101 75 hence

117 1035 27 75 it
164 1035 72 75 may
256 1035 40 75 be
320 1035 103 75 called
450 1035 55 75 the
533 1035 151 75 internal
708 1035 126 75 orbitar
859 1035 287 75 procefs.—From

119 1081 55 75 the
191 1081 100 75 lower
306 1081 81 75 edge
412 1081 40 75 of
473 1081 77 75 each
574 1081 40 75 of
636 1081 55 75 the
719 1081 64 75 ofla
805 1081 167 75 malarum,
997 1081 105 75 which
1120 1081 27 75 is

118 1127 142 75 between
277 1127 55 75 the
349 1127 170 75 maxillary
534 1127 62 75 and
612 1127 180 75 zygomatic
808 1127 167 75 procefles,
992 1127 56 75 the
1064 1127 82 75 muf-

110 1172 90 75 fler
216 1172 117 75 mufcle
350 1172 90 75 takes
457 1172 40 75 its
514 1172 124 75 origin;
665 1172 62 75 and
743 1172 85 75 from
844 1172 56 75 the
917 1172 143 75 exterior
1076 1172 72 75 part

121 1220 39 75 of
179 1220 56 75 the
264 1220 181 75 zygomatic
472 1220 137 75 procefs,
635 1220 56 75 the
719 1220 160 75 mu/culus
904 1220 152 75 dijlorfor
1081 1220 66 75 oris

121 1266 73 75 riles
210 1266 9 75 ;
246 1266 32 75 in
295 1266 79 75 both
392 1266 105 75 which
519 1266 105 75 places
644 1266 56 75 the
715 1266 122 75 furface
859 1266 41 75 of
926 1266 56 75 the
1010 1266 82 75 bone
1120 1266 26 75 is

123 1311 114 75 rough.

169 1356 58 75 Oh
247 1356 56 75 the
326 1356 144 75 external
489 1356 122 75 furface
638 1356 40 75 of
697 1356 79 75 each
796 1356 101 75 cheek
913 1356 94 75 bone,
1032 1356 60 75 one
1109 1356 37 75 or

122 1403 88 75 more
227 1403 89 75 fmall
333 1403 89 75 holes
442 1403 53 75 are
513 1403 182 75 commonly
711 1403 113 75 found,
849 1403 52 75 for
917 1403 55 75 the
989 1403 157 75 tranfmif-

122 1449 64 75 fion
203 1449 39 75 of
252 1449 90 75 fmall
359 1449 110 75 nerves
487 1449 36 75 or
542 1449 223 75 blood-veflels
782 1449 96 75 from,
897 1449 63 75 and
970 1449 178 75 fometimes

121 1495 71 75 into
208 1495 55 75 the
280 1495 97 75 orbit.
473 1495 55 75 On
551 1495 55 75 the
622 1495 135 75 internal
777 1495 123 75 furface
917 1495 52 75 are
986 1495 55 75 the
1056 1495 92 75 holes

122 1541 52 75 for
190 1541 54 75 the
262 1541 121 75 paflage
401 1541 39 75 of
459 1541 55 75 the
531 1541 171 75 nutritious
730 1541 109 75 vefiels
866 1541 40 75 of
924 1541 86 75 thefe
1035 1541 112 75 bones.

216 1586 32 75 A
265 1586 98 75 notch
380 1586 42 75 on
441 1586 55 75 the
513 1586 120 75 outfide
649 1586 40 75 of
701 1586 55 75 the
771 1586 136 75 internal
928 1586 123 75 orbitar
1074 1586 74 75 pro-

123 1633 64 75 cefs
215 1633 41 75 of
278 1633 77 75 each
382 1633 41 75 of
445 1633 88 75 thefe
549 1633 97 75 bones
664 1633 90 75 aflifls
771 1633 35 75 to
823 1633 81 75 form
923 1633 54 75 the
993 1633 91 75 great
1100 1633 49 75 flit

123 1678 144 75 common
285 1678 35 75 to
345 1678 64 75 this
433 1678 84 75 bone
541 1678 63 75 and
631 1678 36 75 to
693 1678 55 75 the
775 1678 165 75 fphenoid,
964 1678 184 75 maxillary,

122 1724 62 75 and
199 1724 233 75 palate-bones.

169 1770 76 75 The
260 1770 161 75 lubdance
437 1770 40 75 of
491 1770 87 75 thefe
595 1770 97 75 bones
708 1770 39 75 is,
765 1770 32 75 in
814 1770 184 75 proportion
1015 1770 35 75 to
1066 1770 84 75 their

122 1816 89 75 bulk,
236 1816 101 75 thick,
362 1816 94 75 hard,
482 1816 63 75 and
562 1816 92 75 folid,
679 1816 79 75 with
774 1816 85 75 fome
876 1816 143 75 cancelli.

168 1861 90 75 Each
271 1861 40 75 of
321 1861 55 75 the
388 1861 64 75 olfa
464 1861 153 75 malarum
633 1861 26 75 is
672 1861 123 75 joined,
813 1861 43 75 by
872 1861 40 75 its
929 1861 140 75 fuperior
1086 1861 61 75 and

121 1907 134 75 internal
272 1907 121 75 orbitar
409 1907 166 75 procelfes,
600 1907 35 75 to
662 1907 55 75 the
745 1907 35 75 os
809 1907 129 75 frontis,
963 1907 62 75 and
1042 1907 35 75 to
1093 1907 55 75 the

121 1954 120 75 orbitar
256 1954 124 75 procefs
397 1954 40 75 of
459 1954 54 75 the
540 1954 153 75 fphenoid
720 1954 93 75 bone,
839 1954 43 75 by
904 1954 54 75 the
974 1954 174 75 tranfverfe

120 2000 118 75 future.
334 2000 53 75 By
402 2000 55 75 the
479 2000 81 75 edge
575 2000 143 75 between
741 2000 55 75 the
819 2000 137 75 internal
980 2000 63 75 and
1065 2000 81 75 infe-

121 2045 65 75 rior
199 2045 120 75 orbitar
332 2045 165 75 procefles,
523 2045 34 75 to
585 2045 56 75 the
660 2045 172 75 maxillary
848 2045 94 75 bone",
967 2045 44 75 by
1027 2045 55 75 the
1098 2045 48 75 in-

121 2091 102 75 ternal
238 2091 121 75 orbitar
380 2091 222 75 future.—By
617 2091 56 75 the
688 2091 63 75 fide
767 2091 144 75 between
928 2091 55 75 the
1000 2091 146 75 maxilla-

122 2137 38 75 ry
183 2137 62 75 and
271 2137 132 75 inferior
429 2137 122 75 orbitar
572 2137 138 75 procefs,
736 2137 91 75 again
847 2137 36 75 to
906 2137 55 75 the
977 2137 172 75 maxillary

121 2184 94 75 bone,
240 2184 43 75 by
298 2184 55 75 the
375 2184 145 75 external
536 2184 121 75 orbitar
672 2184 223 75 future.—By
918 2184 55 75 the
995 2184 152 75 zygoma-

122 2229 44 75 tic
184 2229 137 75 procefs,
346 2229 35 75 to
401 2229 55 75 the
476 2229 36 75 os
529 2229 192 75 temporum,
748 2229 43 75 by
807 2229 56 75 the
890 2229 181 75 zygomatic
1096 2229 51 75 fu-

124 2275 81 75 ture.

170 2320 101 75 Ossa
300 2320 261 75 Maxillafua
593 2320 241 75 Superiora,
869 2320 53 75 are
950 2320 55 75 the
1032 2320 116 75 largeft

122 2367 111 75 bones,
259 2367 62 75 and
337 2367 166 75 conflitute
520 2367 55 75 the
593 2367 50 75 far
667 2367 126 75 greater
809 2367 71 75 part
907 2367 40 75 of
968 2367 55 75 the
1052 2367 98 75 upper

119 2413 79 75 jaw.

169 2458 74 75 The
260 2458 152 75 procefles
429 2458 41 75 of
488 2458 78 75 each
583 2458 35 75 os
636 2458 168 75 maxiilare
820 2458 74 75 may
919 2458 41 75 be
988 2458 162 75 reckoned

123 2504 228 75 feven.—The
379 2504 64 75 firll
459 2504 26 75 is
502 2504 55 75 the
573 2504 76 75 long
665 2504 84 75 nafal
778 2504 60 75 one
864 2504 32 75 at
912 2504 42 75 its
972 2504 98 75 upper
1086 2504 64 75 and

124 2549 168 75 fore-part,
317 2549 106 75 which
438 2549 26 75 is
481 2549 100 75 broad
596 2549 205 75 below,-and
816 2549 90 75 turns
922 2549 137 75 fmaller,
1077 2549 33 75 as
1123 2549 25 75 it

124 2595 73 75 rifes
213 2595 161 75 upwards,
399 2595 35 75 to
451 2595 91 75 make
565 2595 56 75 the
637 2595 63 75 fide
717 2595 39 75 of
767 2595 55 75 the
846 2595 86 75 nofe.
1028 2595 48 75 At
1093 2595 56 75 the

125 2640 71 75 root
219 2640 40 75 of
281 2640 77 75 this,
384 2640 18 75 a
428 2640 172 75 tranfverfe
617 2640 90 75 ridge
723 2640 73 75 may
812 2640 39 75 be
868 2640 153 75 obferved
1037 2640 112 75 within

125 2685 54 75 die
196 2685 135 75 noftrils,
356 2685 106 75 which
478 2685 144 75 fupports
651 2685 55 75 the
733 2685 158 75 fore-part
916 2685 39 75 of
978 2685 55 75 the
1050 2685 100 75 upper

125 2731 78 75 edge
221 2731 39 75 of
270 2731 56 75 the
342 2731 36 75 os
394 2731 197 75 fpongiofum
607 2731 270 75 inferius.—The
892 2731 117 75 fecond
1031 2731 27 75 is
1075 2731 74 75 pro-

126 2776 103 75 duced
256 2776 185 75 backwards
460 2776 61 75 and
537 2776 174 75 outwards,
733 2776 87 75 from
848 2776 55 75 the
932 2776 70 75 root
1031 2776 40 75 of
1092 2776 56 75 the

126 2821 83 75 nafal
238 2821 137 75 proeds,
400 2821 35 75 to
459 2821 83 75 form
559 2821 54 75 the
629 2821 101 75 lower
749 2821 61 75 fide
828 2821 105 75 of,the
950 2821 85 75 orbit
1050 2821 10 75 ;
1088 2821 62 75 and

101 2867 186 75 "therefore
304 2867 73 75 may
392 2867 39 75 be
447 2867 102 75 galled
565 2867 262 75 orbitar.—The
840 2867 79 75 edge
936 2867 40 75 of
987 2867 63 75 this
1063 2867 85 75 orbi-

125 2913 49 75 tar
189 2913 138 75 procefs,
346 2913 61 75 and
419 2913 55 75 the
491 2913 89 75 ridge
595 2913 41 75 of
644 2913 58 75 the
719 2913 83 75 nafal
818 2913 73 75 one,
910 2913 104 75 which
1031 2913 26 75 \s
1074 2913 75 75 cpn-

74 2961 24 75 S
125 2961 110 75 tir.ued
251 2961 82 75 from
350 2961 38 75 it,
413 2961 91 75 make
522 2961 18 75 a
556 2961 211 75 confiderable
779 2961 126 75 portion
922 2961 41 75 of
969 2961 55 75 the
1040 2961 109 75 exter-

220 3005 95 75 Vol.
333 3005 29 75 I.
386 3005 73 75 No.
482 3005 33 75 7.

1036 3005 17 75 3

1288 141 39 75 O
1444 141 50 75 M
1609 141 53 75 Y.

2140 141 72 75 161

1191 203 51 75 nal
1260 203 246 75 circumference
1528 203 40 75 of
1583 203 56 75 the
1665 203 246 75 orbit.—From
1927 203 56 75 the
1999 203 117 75 proper
2131 203 87 75 orbi-

1192 248 49 75 tar
1258 248 135 75 procefs,
1419 248 18 75 a
1452 248 77 75 very
1545 248 103 75 rough
1669 248 175 75 triangular
1860 248 122 75 furface
2005 248 27 75 is
2056 248 163 75 extended

1191 297 198 75 downwards
1403 297 63 75 and
1477 297 175 75 outwards,
1678 297 35 75 to
1730 297 38 75 be
1789 297 173 75 connected
1978 297 35 75 to
2030 297 55 75 the
2102 297 116 75 cheek-

1192 342 82 75 bone
1293 342 10 75 ;
1325 342 62 75 and
1403 342 161 75 therefore
1580 342 73 75 may
1670 342 39 75 be
1733 342 104 75 called
1864 342 55 75 the
1944 342 108 75 malar
2079 342 137 75 procefs,

1192 388 84 75 from
1292 388 55 75 the
1363 388 108 75 loweft:
1486 388 209 75 protuberant
1712 388 70 75 part
1798 388 40 75 of
1849 388 103 75 which
1975 388 86 75 fome
2080 388 87 75 fhare
2183 388 42 75 of

1193 433 54 75 the
1264 433 143 75 mafleter
1419 433 116 75 mufcle
1550 433 90 75 takes
1657 433 41 75 its
1717 433 71 75 rife.
1884 433 127 75 Behind
2027 433 55 75 the
2097 433 122 75 orbitar

1191 480 138 75 procefs,
1355 480 18 75 a
1389 480 87 75 large
1491 480 175 75 tuberofity
1681 480 38 75 or
1740 480 96 75 bulge
1851 480 41 75 of
1903 480 54 75 the
1974 480 82 75 bone
2072 480 146 75 appears,

1193 525 104 75 which
1315 525 26 75 is
1359 525 154 75 efleemed
1528 525 182 75 the'fourth
1727 525 138 75 procefs.
1959 525 55 75 On
2039 525 55 75 the
2121 525 97 75 inter-

1192 571 50 75 nal
1259 571 72 75 part
1346 571 40 75 of
1397 571 63 75 this
1476 571 48 75 we
1540 571 91 75 often
1658 571 84 75 meet
1770 571 77 75 with
1875 571 18 75 a
1920 571 103 75 ridge,
2048 571 109 75 almoft
2185 571 40 75 of

1194 618 54 75 the
1265 618 83 75 fame
1365 618 111 75 height
1492 618 78 75 with
1598 618 69 75 that
1695 618 32 75 in
1755 618 54 75 the
1837 618 84 75 nafal
1950 618 136 75 procefs,
2113 618 105 75 which

1193 664 73 75 runs
1283 664 219 75 tranfverfely,
1527 664 63 75 and
1605 664 27 75 is
1648 664 136 75 covered
1810 664 44 75 by
1881 664 19 75 a
1927 664 115 75 fimilar
2069 664 89 75 ridge
2184 664 43 75 of

1193 709 55 75 the
1272 709 216 75 palate-bone,
1513 709 41 75 on
1578 709 105 75 which
1707 709 55 75 the
1786 709 169 75 back-part
1982 709 40 75 of
2043 709 55 75 the
2122 709 100 75 upper

1194 756 79 75 edge
1289 756 40 75 of
1341 756 55 75 the
1411 756 36 75 os
1464 756 196 75 fpongiofum
1677 756 130 75 inferius
1824 756 88 75 refls.
2007 756 76 75 The
2095 756 127 75 convex

1194 802 168 75 back-part
1387 802 40 75 of
1449 802 64 75 this
1539 802 174 75 tuberofity
1735 802 26 75 is
1788 802 104 75 rough
1919 802 50 75 for
1994 802 55 75 the
2065 802 104 75 origin
2186 802 42 75 of

1195 847 69 75 part
1281 847 40 75 of
1339 847 55 75 the
1411 847 145 75 external
1577 847 169 75 pterygoid
1769 847 128 75 mufcle,
1923 847 63 75 and
2010 847 90 75 more
2123 847 99 75 inter-

1195 893 88 75 nally
1298 893 27 75 is
1342 893 161 75 fcabrous,
1528 893 107 75 where
1658 893 54 75 the
1729 893 104 75 palate
1860 893 63 75 and
1946 893 153 75 fphenoid
2123 893 98 75 bones

1196 940 52 75 are
1269 940 111 75 joined
1405 940 35 75 to
1468 940 38 75 it.
1601 940 92 75 That
1715 940 120 75 fpongy
1857 940 228 75 protuberance
2110 940 32 75 at
2167 940 56 75 the

1194 986 100 75 lower
1310 986 246 75 circumference
1578 986 41 75 of
1638 986 64 75 this
1719 986 93 75 bone,
1838 986 105 75 where
1959 986 55 75 the
2030 986 124 75 fockets
2171 986 51 75 for

1195 1032 55 75 the
1267 1032 88 75 teeth
1372 1032 53 75 are
1441 1032 137 75 formed,
1605 1032 26 75 is
1649 1032 160 75 reckoned
1830 1032 55 75 the
1910 1032 210 75 fifth.—The
2137 1032 86 75 fixth

1193 1078 26 75 is
1236 1078 56 75 the
1307 1078 182 75 horizontal
1506 1078 97 75 plate,
1628 1078 107 75 which
1762 1078 102 75 forms!
1887 1078 55 75 the
1959 1078 125 75 greater
2100 1078 71 75 part
2187 1078 41 75 of

1195 1125 54 75 the
1266 1125 72 75 bafe
1355 1125 40 75 of
1406 1125 55 75 the
1478 1125 138 75 noftrils,
1641 1125 63 75 and
1719 1125 78 75 roof
1816 1125 40 75 of
1875 1125 55 75 the
1946 1125 133 75 mouth;
2105 1125 41 75 its
2164 1125 59 75 up-

1196 1170 56 75 per
1267 1170 135 75 furface,
1420 1170 106 75 which
1537 1170 133 75 belongs
1686 1170 36 75 to
1738 1170 54 75 the
1804 1170 136 75 noftrils,
1957 1170 26 75 is
1996 1170 76 75 very
2083 1170 140 75 fmooth,

1196 1216 57 75 but
1271 1216 53 75 the
1340 1216 94 75 other
1450 1216 104 75 below
1570 1216 26 75 is
1615 1216 117 75 arched
1748 1216 63 75 and
1828 1216 113 75 rough,
1966 1216 53 75 for
2034 1216 55 75 the
2102 1216 121 75 ftrong-

1194 1262 35 75 er
1257 1262 147 75 adhefion
1430 1262 40 75 of
1491 1262 55 75 the
1572 1262 180 75 membrane
1774 1262 40 75 of
1833 1262 54 75 the
1913 1262 124 75 mouth,
2063 1262 104 75 which
2195 1262 28 75 is

1195 1309 157 75 ftretched
1364 1309 83 75 upon
1464 1309 38 75 it,
1521 1309 62 75 and
1599 1309 31 75 in
1644 1309 155 75 chewing,
1816 1309 160 75 fpeaking,
1991 1309 63 75 drr.
2073 1309 102 75 might
2186 1309 36 75 o-

1196 1355 146 75 therwife
1370 1355 39 75 be
1433 1355 95 75 liable
1554 1355 34 75 to
1613 1355 38 75 be
1677 1355 30 75 fe
1710 1355 38 75 pa
1752 1355 225 75 rated.—^The
2000 1355 143 75 feventh'
2143 1355 80 75 rifes

1195 1400 65 75 like
1276 1400 19 75 a
1309 1400 86 75 fpine
1411 1400 84 75 from
1510 1400 56 75 the
1582 1400 89 75 inner
1687 1400 79 75 edge
1782 1400 40 75 of
1842 1400 55 75 the
1916 1400 68 75 laft,
2010 1400 64 75 and
2087 1400 100 75 forms
2204 1400 20 75 a

1195 1446 89 75 fmall
1301 1446 71 75 part
1389 1446 39 75 of
1445 1446 55 75 the
1517 1446 151 75 partition
1684 1446 40 75 of
1735 1446 55 75 the
1809 1446 138 75 noftrils.

1241 1493 75 75 The
1333 1493 187 75 depreffions
1537 1493 32 75 in
1580 1493 78 75 each
1672 1493 171 75 maxillary
1860 1493 82 75 bone
1958 1493 65 75 are,
2047 1493 31 75 1.
2095 1493 128 75 Afinu-

1195 1538 80 75 ofity
1289 1538 120 75 behind
1435 1538 55 75 the
1517 1538 123 75 orbitar
1665 1538 138 75 procefs,
1828 1538 91 75 made
1936 1538 42 75 by
1995 1538 55 75 the
2067 1538 156 75 temporal

1197 1585 128 75 mufcle.
1376 1585 33 75 2.
1436 1585 32 75 A
1485 1585 46 75 pit
1547 1585 217 75 immediately
1789 1585 109 75 before
1915 1585 54 75 the
1985 1585 83 75 fame
2085 1585 141 75 procefs,.

1198 1631 105 75 where
1316 1631 56 75 the
1389 1631 102 75 origin
1507 1631 40 75 of
1561 1631 56 75 the
1634 1631 156 75 muflculus
1807 1631 142 75 elevator
1964 1631 156 75 labiorum
2136 1631 87 75 com-

1198 1677 116 75 munis,
1340 1677 63 75 and
1422 1677 142 75 elevator
1590 1677 76 75 labii
1693 1677 180 75 fuperioris,
1899 1677 77 75 with
2001 1677 19 75 a
2047 1677 118 75 branch
2187 1677 42 75 of

1198 1722 54 75 the
1269 1722 73 75 fifth
1359 1722 68 75 pair
1451 1722 40 75 of
1510 1722 124 75 nerves,
1660 1722 54 75 are
1740 1722 119 75 lodged
1884 1722 153 75 fecurely.
2089 1722 32 75 3.
2146 1722 77 75 The

1197 1769 121 75 hollow
1334 1769 75 75 arch
1425 1769 40 75 of
1484 1769 54 75 the
1554 1769 117 75 palate.
1734 1769 33 75 4.
1792 1769 76 75 The
1896 1769 209 75 femicircular
2132 1769 92 75 great

1198 1815 109 75 notch,
1333 1815 36 75 or
1394 1815 94 75 entry
1512 1815 36 75 to
1570 1815 55 75 the
1649 1815 100 75 lower
1772 1815 71 75 part
1867 1815 40 75 of
1929 1815 55 75 the
2005 1815 135 75 noftrils,
2166 1815 55 75 be-

1198 1861 95 75 twixt
1309 1861 55 75 the
1381 1861 74 75 root
1476 1861 40 75 of
1539 1861 55 75 the
1621 1861 85 75 nafal
1722 1861 124 75 procefs
1864 1861 62 75 and
1941 1861 85 75 fpine
2043 1861 41 75 of
2095 1861 55 75 the
2166 1861 55 75 pa-

1194 1908 180 75 late-plate.
1425 1908 32 75 5.
1484 1908 135 75 Sockets
1644 1908 51 75 for
1718 1908 53 75 the
1796 1908 108 75 teeth:
1939 1908 76 75 The
2039 1908 132 75 number
2186 1908 42 75 of

1196 1954 85 75 thefe
1301 1954 123 75 fockets
1441 1954 26 75 is
1484 1954 175 75 uncertain.
1710 1954 33 75 6.
1768 1954 76 75 The
1859 1954 151 75 lacrymal
2028 1954 77 75 fofla
2120 1954 32 75 in
2165 1954 57 75 the

1195 2000 82 75 nafal
1294 2000 138 75 procefs,
1457 2000 104 75 which
1579 2000 89 75 aflifts
1691 2000 55 75 the
1770 2000 36 75 os
1831 2000 113 75 unguis
1967 2000 34 75 to
2017 2000 82 75 form
2117 2000 19 75 a
2152 2000 68 75 paf-

1193 2046 72 75 fage
1289 2046 52 75 for
1365 2046 55 75 the
1446 2046 152 75 lacrymal
1624 2046 86 75 dudh
1770 2046 221 75 Immediately
2008 2046 41 75 on
2066 2046 54 75 the
2147 2046 74 75 out-

1195 2093 62 75 fide
1273 2093 39 75 of
1324 2093 76 75 this,
1424 2093 91 75 there
1539 2093 25 75 is
1588 2093 19 75 a
1629 2093 88 75 fmall
1734 2093 183 75 depreffion,
1942 2093 85 75 from
2043 2093 104 75 which
2165 2093 57 75 the

1194 2139 132 75 inferior
1342 2139 37 75 or
1394 2139 91 75 lefler
1501 2139 130 75 oblique
1647 2139 116 75 mufcle
1780 2139 39 75 of
1830 2139 55 75 the
1901 2139 58 75 eye
1975 2139 57 75 has
2048 2139 41 75 its
2102 2139 116 75 origin.

1197 2185 32 75 7.
1253 2185 77 75 The
1346 2185 88 75 canal
1451 2185 42 75 on
1509 2185 54 75 the
1588 2185 98 75 upper
1710 2185 70 75 part
1796 2185 40 75 of
1855 2185 54 75 the
1933 2185 89 75 great
2049 2185 173 75 tuberofity

1196 2231 110 75 within
1334 2231 56 75 the
1417 2231 99 75 orbit,
1541 2231 104 75 which
1670 2231 26 75 is
1722 2231 108 75 almoft
1847 2231 18 75 a
1881 2231 157 75 complete
2061 2231 75 75 hole
2150 2231 9 75 ;
2187 2231 33 75 in

1197 2277 62 75 this
1278 2277 18 75 a
1311 2277 119 75 branch
1449 2277 39 75 of
1499 2277 54 75 the
1578 2277 140 75 fuperior
1741 2277 171 75 maxillary
1939 2277 94 75 nerve
2061 2277 99 75 pafles'
2160 2277 10 75 .

1197 2323 127 75 Befides
1341 2323 99 75 thefe,
1466 2323 55 75 the
1537 2323 140 75 fuperior
1693 2323 122 75 furface
1842 2323 39 75 of
1904 2323 55 75 the
1976 2323 89 75 great
2082 2323 94 75 bulge
2191 2323 29 75 is

1197 2369 149 75 concave,
1372 2369 39 75 to.
1424 2369 120 75 receive
1561 2369 54 75 the
1627 2369 100 75 under
1739 2369 70 75 part
1826 2369 40 75 of
1877 2369 55 75 the
1948 2369 272 75 eye.—Immedi-

1198 2415 85 75 ately
1299 2415 100 75 above
1416 2415 54 75 the
1487 2415 171 75 tranfverfe
1680 2415 89 75 ridge
1793 2415 32 75 in
1850 2415 55 75 the
1930 2415 83 75 nafal
2037 2415 138 75 procefs,
2201 2415 19 75 a

1197 2461 87 75 fmall
1301 2461 120 75 hollow
1438 2461 26 75 is
1482 2461 125 75 formed
1621 2461 44 75 by
1684 2461 55 75 the
1756 2461 35 75 os
1812 2461 210 75 fpongiofum.

1243 2507 76 75 The
1336 2507 88 75 holes
1441 2507 41 75 of
1499 2507 64 75 this
1579 2507 83 75 bone
1679 2507 53 75 are
1757 2507 65 75 two
1840 2507 115 75 proper
1971 2507 62 75 and
2049 2507 65 75 two
2130 2507 88 75 com-

1197 2552 87 75 mon,
1310 2552 104 75 which
1432 2552 52 75 are
1501 2552 116 75 always
1645 2552 35 75 to
1708 2552 38 75 be
1774 2552 112 75 found,
1913 2552 117 75 befides
2047 2552 119 75 feveral
2182 2552 37 75 o-

1197 2599 100 75 thers,
1322 2599 106 75 whofe
1446 2599 195 75 magnitude,
1666 2599 144 75 number,
1838 2599 62 75 6c.
1926 2599 52 75 are
1995 2599 175 75 uncertain.

1196 2647 76 75 The
1289 2647 63 75 firft
1368 2647 39 75 of
1418 2647 54 75 the
1489 2647 115 75 proper
1619 2647 26 75 is
1663 2647 53 75 the
1743 2647 149 75 external
1909 2647 138 75 orbitar,
2073 2647 145 75 immedi-

1197 2691 86 75 ately
1299 2691 104 75 below
1419 2691 54 75 the
1490 2691 96 75 orbit,
1612 2691 42 75 by
1670 2691 104 75 which
1791 2691 54 75 the
1863 2691 220 75 infra-orbitar
2098 2691 120 75 branch

1196 2736 38 75 of
1251 2736 56 75 the
1326 2736 114 75 fecond
1456 2736 117 75 branch
1601 2736 41 75 of
1660 2736 55 75 the
1731 2736 72 75 fifth
1822 2736 66 75 pair
1910 2736 41 75 of
1967 2736 122 75 nerves,
2115 2736 61 75 and
2200 2736 18 75 a

1197 2783 87 75 fmall
1302 2783 118 75 artery,
1445 2783 88 75 come
1550 2783 69 75 out,
1645 2783 82 75 after
1742 2783 116 75 having
1874 2783 104 75 palfed
1993 2783 32 75 in
2042 2783 54 75 the
2113 2783 103 75 canal,

1197 2832 30 75 at
1244 2832 56 75 the
1316 2832 123 75 bottom
1465 2832 39 75 of
1519 2832 62 75 .the
1608 2832 97 75 orbit,
1729 2832 165 75 deferibed
1909 2832 124 75 Numb.
2053 2832 32 75 7.
2111 2832 40 75 of
2162 2832 56 75 the

1197 2877 321 75 depreflions.—The
1530 2877 115 75 fecond
1664 2877 27 75 is
1708 2877 56 75 xhe.
1774 2877 155 75 foramen
1951 2877 179 75 incifivusn,
2152 2877 66 75 juft

1197 2923 125 75 behind,
1336 2923 55 75 the
1419 2923 187 75 fore-teeth,
1629 2923 120 75 which,
1776 2923 32 75 at
1824 2923 41 75 its
1881 2923 100 75 under
1997 2923 84 75 part,
2106 2923 26 75 is
2156 2923 62 75 one

1196 2970 152 75 irregular
1364 2970 74 75 hole
1454 2970 147 75 common
1613 2970 34 75 to
1663 2970 78 75 both
1758 2970 55 75 the
1829 2970 170 75 maxillary
2016 2970 96 75 bones
2125 2970 91 75 when

1668 3022 21 75 S
1707 3022 12 75 i

2141 3022 77 75 they

655 144 42 75 A
812 144 44 75 N
971 144 41 75 A
1130 144 41 75 T
