2397 3387
515 168 207 75 BIB

1082 168 18 75 (
1159 168 83 75 548
1302 168 19 75 )

1642 168 209 75 BIB

140 239 57 75 ftin
215 239 88 75 gives
321 239 64 75 this
402 239 121 75 verfion
543 239 54 75 the
615 239 91 75 name
718 239 40 75 of
770 239 55 75 the
842 239 109 75 Italic,
978 239 61 75 and
1056 239 122 75 prefers

141 285 25 75 it
194 285 35 75 to
254 285 41 75 ail
321 285 55 75 the
401 285 83 75 relt:
514 285 66 75 But
597 285 48 75 we
664 285 122 75 referve
813 285 19 75 a
854 285 123 75 diltinft
1001 285 112 75 article
1130 285 52 75 for

145 333 62 75 this
226 333 133 75 verfipn.
411 333 62 75 See
494 333 211 75 Vulgate.

191 379 37 75 St
247 379 111 75 jerom
376 379 184 75 undertook
576 379 36 75 to
636 379 98 75 revife
762 379 63 75 and
853 379 123 75 correft
1003 379 56 75 the
1084 379 100 75 Latin

141 426 120 75 verfion
279 426 40 75 of
331 426 55 75 the
403 426 96 75 Bible
511 426 10 75 ;
548 426 70 75 but,
645 426 116 75 having
785 426 189 75 afterwards
991 426 142 75 attained
1151 426 34 75 to

143 474 18 75 a
178 474 88 75 more
284 474 55 75 per
341 474 62 75 fed
420 474 190 75 knowledge
625 474 40 75 of
678 474 55 75 the
747 474 142 75 Hebrew
905 474 167 75 language,
1087 474 40 75 he
1140 474 46 75 fet

143 520 98 75 about
259 520 18 75 a
294 520 69 75 new
381 520 185 75 tranflation
585 520 40 75 of
638 520 85 75 fome
740 520 102 75 books
866 520 41 75 of
919 520 54 75 the
986 520 68 75 Old
1070 520 114 75 Tefta-

142 567 88 75 ment
247 567 85 75 from
349 567 55 75 the
428 567 163 75 Hebrew;
619 567 63 75 and
700 567 197 75 continuing,
924 567 33 75 at
974 567 56 75 the
1046 567 139 75 folicita-

144 614 70 75 tion
230 614 40 75 of
284 614 48 75 his
351 614 134 75 friends,
511 614 35 75 to
575 614 146 75 tranflate
751 614 55 75 the
835 614 72 75 red,
933 614 41 75 he
991 614 33 75 at
1040 614 57 75 lad
1114 614 71 75 per-

144 661 104 75 feded
266 661 39 75 an
322 661 102 75 entire
442 661 70 75 new
530 661 120 75 verfion
666 661 40 75 of
717 661 42 75 all
776 661 56 75 the
849 661 102 75 books
965 661 173 75 contained
1154 661 33 75 in

144 706 56 75 the
217 706 142 75 Hebrew
377 706 113 75 canon.
540 706 40 75 In
608 706 49 75 his
680 706 197 75 tranflation,
903 706 40 75 he
961 706 166 75 followed,
1152 706 34 75 as

145 755 110 75 nearly
274 755 32 75 as
324 755 41 75 he
388 755 108 75 could,
523 755 55 75 the
601 755 121 75 verfion
738 755 40 75 of
798 755 57 75 the
885 755 206 75 Septuagint,
1122 755 65 75 and

147 802 145 75 retained
308 802 55 75 the
379 802 79 75 very
478 802 191 75 exprefiions
686 802 40 75 of
738 802 56 75 the
810 802 127 75 ancient
947 802 113 75 vulgar
1072 802 113 75 Latin,

147 850 33 75 as
194 850 48 75 far
256 850 33 75 as
302 850 65 75 was
386 850 165 75 confident
563 850 78 75 with
660 850 108 75 purity
781 850 39 75 of
832 850 78 75 dyle
927 850 63 75 and
1006 850 71 75 true
1094 850 92 75 Lati-

147 896 82 75 nity.
278 896 86 75 This
382 896 185 75 tranflation
595 896 65 75 was
685 896 33 75 fo
735 896 113 75 highly
866 896 178 75 applauded
1065 896 42 75 by
1132 896 55 75 the

148 943 161 75 Chridian
332 943 134 75 church,
493 943 70 75 that
582 943 87 75 fome
698 943 131 75 authors
854 943 83 75 have
962 943 175 75 pretended
1161 943 26 75 it

147 990 64 75 was
229 990 142 75 brought
387 990 35 75 to
443 990 175 75 perfedion
635 990 43 75 by
695 990 55 75 the
769 990 185 75 infpiration
971 990 40 75 of
1023 990 57 75 the
1096 990 93 75 Holy

149 1037 118 75 Ghofl.
318 1037 67 75 But
402 1037 40 75 St
455 1037 176 75 Augudine
647 1037 120 75 looked
786 1037 85 75 upon
888 1037 55 75 the
963 1037 116 75 author
1097 1037 35 75 to
1148 1037 40 75 be

148 1084 34 75 fo
199 1084 72 75 well
287 1084 111 75 Ikilled
417 1084 33 75 in
473 1084 56 75 the
546 1084 142 75 Hebrew
702 1084 169 75 language,
897 1084 34 75 as
955 1084 35 75 to
1007 1084 39 75 be
1063 1084 72 75 able
1152 1084 36 75 to

147 1130 191 75 undertake,
363 1130 64 75 and
442 1130 95 75 bring
553 1130 35 75 to
606 1130 173 75 perfedion
804 1130 77 75 fuch
907 1130 19 75 a
955 1130 91 75 work
1073 1130 42 75 by
1134 1130 55 75 the

147 1177 140 75 drength
313 1177 40 75 of
376 1177 50 75 his
453 1177 74 75 own
543 1177 151 75 abilities.
745 1177 39 75 St
813 1177 139 75 Jerom’s
977 1177 121 75 verfion
1125 1177 64 75 was

147 1225 77 75 foon
242 1225 146 75 received
405 1225 31 75 in
455 1225 95 75 many
566 1225 156 75 churches
737 1225 12 75 ;
776 1225 60 75 and
854 1225 33 75 in
904 1225 55 75 the
977 1225 83 75 fixth
1078 1225 111 75 centu-

148 1272 38 75 ry
204 1272 24 75 it
245 1272 129 75 became
391 1272 32 75 as
442 1272 140 75 general,
609 1272 62 75 and
696 1272 33 75 in
754 1272 34 75 as
815 1272 92 75 great
929 1272 127 75 edeem,
1082 1272 33 75 as
1134 1272 56 75 the

151 1317 125 75 ancient
299 1317 157 75 Vulgate.

196 1364 32 75 It
251 1364 65 75 was
340 1364 58 75 not
414 1364 51 75 till
481 1364 56 75 the
555 1364 157 75 fixteenth
720 1364 139 75 .century
870 1364 72 75 that
954 1364 60 75 any
1035 1364 71 75 new
1123 1364 67 75 La-

151 1412 45 75 tin
218 1412 199 75 tranflations
436 1412 83 75 were
536 1412 92 75 made
645 1412 39 75 of
699 1412 55 75 the
771 1412 95 75 Bible
883 1412 85 75 from
981 1412 55 75 the
1049 1412 142 75 Hebrew

151 1459 87 75 text.
305 1459 130 75 Sandes
456 1459 174 75 Pagninus,
656 1459 18 75 a
691 1459 196 75 Dominican
905 1459 109 75 monk,
1040 1459 65 75 was
1134 1459 56 75 the

149 1506 64 75 fird
239 1506 73 75 who
330 1506 180 75 undertook
527 1506 19 75 a
564 1506 71 75 new
652 1506 120 75 verfion
790 1506 39 75 of
849 1506 56 75 the
922 1506 102 75 books
1042 1506 39 75 of
1093 1506 96 75 fcrip-

150 1553 73 75 ture
251 1553 85 75 from
359 1553 56 75 the
434 1553 133 75 modern
595 1553 143 75 Hebrew
766 1553 86 75 text.
902 1553 63 75 His
992 1553 105 75 defign
1126 1553 64 75 Was

152 1599 199 75 encouraged
372 1599 43 75 by
431 1599 82 75 pope
530 1599 73 75 Leo
619 1599 68 75 X.;
714 1599 62 75 and
803 1599 51 75 his
882 1599 121 75 verfion
1032 1599 92 75 made
1147 1599 43 75 its

150 1648 65 75 fird
235 1648 192 75 appearance
445 1648 32 75 at
495 1648 113 75 Lyons
625 1648 33 75 in
675 1648 56 75 the
748 1648 76 75 year
846 1648 101 75 1527.
1008 1648 31 75 It
1057 1648 133 75 adheres

152 1693 58 75 too
227 1693 215 75 fcrupuloufly
459 1693 35 75 to
511 1693 56 75 the
584 1693 108 75 words
708 1693 40 75 of
768 1693 56 75 the
840 1693 85 75 text,
951 1693 105 75 which
1082 1693 109 75 makes

151 1741 25 75 it
193 1741 144 75 obfcure,
363 1741 63 75 and
442 1741 114 75 favour
572 1741 41 75 of
625 1741 163 75 barbarity
805 1741 32 75 in
854 1741 95 75 many
966 1741 122 75 places.
1138 1741 53 75 He

152 1787 26 75 is
204 1787 63 75 like
271 1787 71 75 wife
359 1787 91 75 often
468 1787 108 75 mifled
594 1787 33 75 as
653 1787 35 75 to
719 1787 57 75 the
801 1787 98 75 fenfe,
922 1787 119 75 having
1057 1787 135 75 affeded

151 1834 57 75 too
226 1834 95 75 much
346 1834 34 75 to
398 1834 111 75 follow
526 1834 54 75 the
604 1834 211 75 explications
834 1834 40 75 of
886 1834 56 75 the
965 1834 117 75 Jewifh
1100 1834 89 75 Rab-

151 1881 83 75 bins.
283 1881 32 75 It
332 1881 26 75 is
377 1881 150 75 however
552 1881 18 75 a
590 1881 78 75 very
686 1881 99 75 ufeful
804 1881 105 75 work,
935 1881 63 75 and
1020 1881 79 75 very
1116 1881 75 75 pro-

152 1927 56 75 per
225 1927 36 75 to
276 1927 130 75 explain
424 1927 55 75 the
495 1927 104 75 literal
617 1927 85 75 fenfe
718 1927 40 75 of
774 1927 56 75 the
847 1927 142 75 Hebrew
1008 1927 85 75 text.
1143 1927 48 75 A-

153 1973 62 75 rias
247 1973 191 75 Montanus,
473 1973 94 75 when
587 1973 42 75 he
653 1973 159 75 compiled
839 1973 56 75 the
920 1973 121 75 edition
1070 1973 39 75 of
1136 1973 57 75 the

157 2019 114 75 Biblia
289 2019 198 75 Polyglot!a,
513 2019 121 75 revifed
652 2019 64 75 this
737 2019 182 75 tranflation
937 2019 39 75 of
995 2019 174 75 Pagninus.

201 2066 154 75 Cardinal
380 2066 151 75 Cajetan,
556 2066 124 75 though
706 2066 58 75 not
786 2066 113 75 verfed
912 2066 32 75 in
963 2066 56 75 the
1036 2066 156 75 Hebrew,

155 2113 182 75 undertook
354 2113 19 75 a
389 2113 182 75 tianflation
588 2113 39 75 of
639 2113 85 75 fome
742 2113 87 75 parts
849 2113 40 75 of
901 2113 55 75 the
973 2113 95 75 Bible
1081 2113 44 75 by
1136 2113 57 75 the

153 2160 155 75 affidance
325 2160 40 75 of
376 2160 66 75 two
457 2160 129 75 perfons
603 2160 73 75 well
694 2160 112 75 (killed
822 2160 32 75 in
867 2160 73 75 that
951 2160 168 75 language,
1138 2160 56 75 the

154 2208 60 75 one
232 2208 19 75 a
269 2208 83 75 Jew,
377 2208 55 75 the
461 2208 94 75 other
583 2208 19 75 a
629 2208 175 75 Chridian.
854 2208 97 75 After
978 2208 68 75 him
1074 2208 120 75 Ifidore

155 2253 142 75 Clarius,
323 2253 19 75 a
358 2253 97 75 monk
471 2253 39 75 of
523 2253 121 75 Mount
665 2253 116 75 Caflin,
806 2253 46 75 fet
868 2253 132 75 himfelf
1011 2253 34 75 to
1072 2253 123 75 reform

153 2302 57 75 the
222 2302 112 75 vulgar
346 2302 121 75 verfion
484 2302 40 75 of
535 2302 56 75 the
607 2302 95 75 Bible
718 2302 83 75 after
818 2302 55 75 the
892 2302 141 75 Hebrew
1049 2302 94 75 text;
1161 2302 33 75 in

154 2348 57 75 the
226 2348 99 75 doing
340 2348 52 75 _of
409 2348 105 75 which
533 2348 42 75 he
590 2348 150 75 pretends
764 2348 35 75 to
816 2348 81 75 have
913 2348 164 75 correded
1094 2348 100 75 above

156 2394 89 75 eight
261 2394 157 75 thoufand
435 2394 137 75 paflages
590 2394 39 75 of
641 2394 55 75 the
712 2394 108 75 Bible.
854 2394 128 75 Befides
995 2394 86 75 thefe
1094 2394 100 75 tranf-

155 2441 130 75 lations,
302 2441 92 75 made
410 2441 43 75 by
466 2441 137 75 catholic
615 2441 144 75 authors,
776 2441 91 75 there
884 2441 53 75 are
954 2441 85 75 fome
1055 2441 141 75 likewife

157 2487 183 75 performed
357 2487 42 75 by
418 2487 172 75 protedant
605 2487 184 75 tranflators
803 2487 11 75 ;
852 2487 55 75 the
934 2487 64 75 fird
1027 2487 39 75 of
1089 2487 108 75 whom

157 2535 66 75 was
242 2535 163 75 Sebadian
421 2535 159 75 Munder.
629 2535 63 75 His
709 2535 121 75 verfion
846 2535 27 75 is
891 2535 88 75 more
995 2535 201 75 intelligible,

159 2582 61 75 and
237 2582 32 75 in
286 2582 95 75 much
398 2582 106 75 better
521 2582 111 75 Latin,
657 2582 78 75 than
748 2582 70 75 that
831 2582 40 75 of
882 2582 174 75 Pagninus.
1105 2582 92 75 Hue-

159 2629 64 75 tius
240 2629 133 75 bedows
396 2629 42 75 on
466 2629 67 75 him
558 2629 55 75 the
641 2629 163 75 charader
832 2629 39 75 of
889 2629 20 75 a
933 2629 167 75 tranflator
1125 2629 73 75 well

159 2674 112 75 verfed
287 2674 33 75 in
339 2674 55 75 the
411 2674 155 75 Hebrew,
592 2674 61 75 and
670 2674 106 75 whofe
793 2674 77 75 dyle
886 2674 27 75 is
929 2674 80 75 very
1024 2674 94 75 exad
1136 2674 63 75 and

161 2721 229 75 comformable
407 2721 35 75 to
469 2721 56 75 the
549 2721 148 75 original.
745 2721 78 75 The
851 2721 183 75 tranflation
1062 2721 40 75 of
1125 2721 73 75 Leo

161 2768 97 75 Juda,
277 2768 18 75 a
313 2768 181 75 Zuinglian,
512 2768 127 75 printed
655 2768 33 75 at
710 2768 119 75 Zurich
845 2768 31 75 in
900 2768 100 75 1543,
1026 2768 63 75 and
1100 2768 98 75 after-

162 2815 104 75 wards
285 2815 41 75 by
344 2815 126 75 Robert
489 2815 158 75 Stephens
664 2815 31 75 in
719 2815 99 75 1545,
837 2815 25 75 is
882 2815 126 75 written
1026 2815 32 75 in
1075 2815 18 75 a
1110 2815 87 75 more

161 2862 125 75 elegant
302 2862 79 75 dyle
398 2862 77 75 than
494 2862 69 75 that
580 2862 40 75 of
630 2862 167 75 Munder;
825 2862 56 75 but
900 2862 41 75 he
957 2862 89 75 often
1070 2862 128 75 departs

160 2909 83 75 from
256 2909 55 75 the
327 2909 104 75 literal
450 2909 146 75 meaning
612 2909 39 75 of
662 2909 55 75 the
735 2909 141 75 Hebrew
894 2909 72 75 text
983 2909 52 75 for
1051 2909 55 75 the
1122 2909 74 75 fake

155 2957 45 75 of
212 2957 37 75 an
267 2957 126 75 elegant
412 2957 98 75 Latin
527 2957 187 75 expreflion.
765 2957 173 75 However,
957 2957 30 75 in
1001 2957 64 75 this
1082 2957 40 75 he
1139 2957 58 75 has

158 3002 57 75 not
232 3002 94 75 taken
345 3002 35 75 fo
407 3002 89 75 great
519 3002 18 75 a
559 3002 116 75 liberty
698 3002 35 75 as
754 3002 161 75 Sebadian
942 3002 152 75 Cadalio,
1122 3002 73 75 who

156 3051 184 75 undertook
356 3051 35 75 to
410 3051 72 75 give
505 3051 57 75 the
586 3051 103 75 world
706 3051 39 75 an
762 3051 125 75 elegant
904 3051 101 75 Latin
1022 3051 122 75 verfion
1161 3051 40 75 of

1233 234 55 75 the
1304 234 96 75 Bible
1416 234 9 75 :
1452 234 68 75 But
1538 234 91 75 there
1646 234 54 75 are
1717 234 109 75 critics
1842 234 76 75 who
1930 234 128 75 cenfure
2071 234 67 75 him
2155 234 52 75 for
2219 234 55 75 de-

1234 281 127 75 parting
1378 281 88 75 from
1480 281 54 75 the
1553 281 95 75 noble
1664 281 170 75 fimplicity
1851 281 62 75 and
1930 281 126 75 natural
2073 281 159 75 grandeur
2244 281 40 75 of

1236 328 54 75 the
1318 328 150 75 original,
1496 328 63 75 and
1587 328 165 75 deviating
1780 328 68 75 into
1878 328 39 75 an
1947 328 133 75 affeded
2097 328 182 75 effeminate

1236 375 91 75 dyle,
1353 375 220 75 overcharged
1591 375 79 75 with
1700 375 78 75 falfe
1807 375 154 75 rhetoric,
1987 375 64 75 and
2076 375 57 75 not
2160 375 119 75 always

1237 421 70 75 true
1324 421 160 75 Latinity.
1534 421 76 75 The
1628 421 121 75 verfion
1767 421 39 75 of
1830 421 115 75 Junius
1974 421 65 75 and
2066 421 212 75 Tremellius,

1236 469 58 75 has
1311 469 96 75 much
1425 469 88 75 more
1529 469 40 75 of
1581 469 56 75 the
1656 469 72 75 true
1744 469 126 75 natural
1887 469 187 75 fimplicity:
2100 469 78 75 The
2195 469 92 75 chief

1237 515 186 75 Hebraifms
1441 515 53 75 are
1523 515 169 75 preferved
1719 515 33 75 in
1776 515 39 75 it,
1842 515 61 75 and
1922 515 55 75 the
1994 515 105 75 whole
2116 515 25 75 is
2161 515 120 75 dridly

1237 562 219 75 conformable
1473 562 34 75 to
1525 562 55 75 the
1598 562 142 75 Hebrew
1768 562 85 75 text.
1903 562 67 75 We
1995 562 81 75 mud
2101 562 55 75 not
2172 562 109 75 forget

1237 610 55 75 the
1308 610 122 75 verfion
1448 610 39 75 of
1497 610 179 75 Theodore
1691 610 103 75 Beza,
1813 610 18 75 a
1847 610 175 75 protedant
2034 610 107 75 divine
2157 610 40 75 of
2208 610 72 75 Ge-

1237 656 93 75 neva,
1355 656 32 75 in
1405 656 55 75 the
1476 656 158 75 fixteenth
1652 656 148 75 century.
1851 656 164 75 Sebadian:
2027 656 140 75 Cadalio
2179 656 103 75 found

1238 703 82 75 fault
1338 703 76 75 with
1432 703 62 75 this
1511 703 133 75 verfion,
1670 703 64 75 and
1749 703 91 75 Beza
1857 703 102 75 wrote
1976 703 39 75 an
2033 703 139 75 apology
2190 703 51 75 for
2253 703 28 75 it

1238 750 98 75 about
1352 750 57 75 the
1425 750 77 75 year
1526 750 10 75 1
1548 750 78 75 564.

1286 798 53 75 Jr
1341 798 75 75 able
1440 798 137 75 Bible.
1625 798 77 75 The
1727 798 123 75 Arabic
1873 798 140 75 verfions
2038 798 40 75 of
2101 798 57 75 the
2187 798 95 75 Bible

1239 845 53 75 are
1308 845 40 75 of
1360 845 67 75 two
1449 845 101 75 forts;
1578 845 55 75 the
1657 845 61 75 one
1734 845 83 75 done
1834 845 43 75 by
1898 845 192 75 Chridians,
2115 845 56 75 the
2187 845 95 75 other

1239 891 43 75 by
1299 891 100 75 Jews.
1447 891 114 75 There
1585 891 27 75 is
1641 891 61 75 one
1727 891 41 75 of
1786 891 55 75 the
1863 891 70 75 Old
1947 891 202 75 Tedament,
2174 891 108 75 whofe

1240 938 115 75 author
1372 938 27 75 is
1416 938 153 75 fuppofed
1586 938 35 75 to
1637 938 39 75 be
1696 938 133 75 Saadias
1848 938 111 75 Gaon,
1984 938 19 75 a
2019 938 73 75 Jew
2109 938 41 75 of
2172 938 109 75 Baby-

1239 985 66 75 lon,
1331 985 76 75 who
1423 985 103 75 wrote
1537 985 56 75 the
1610 985 83 75 fame
1710 985 99 75 about
1824 985 56 75 the
1904 985 77 75 year
2008 985 41 75 of
2071 985 109 75 Chrid
2198 985 82 75 900.

1240 1033 53 75 Of
1317 1033 64 75 this
1410 1033 106 75 whole
1538 1033 91 75 work
1654 1033 55 75 the
1736 1033 200 75 Pentateuch
1965 1033 92 75 alone
2085 1033 27 75 is
2137 1033 142 75 printed.

1239 1079 76 75 The
1324 1079 87 75 Jews
1429 1079 80 75 have
1527 1079 135 75 another
1670 1079 123 75 Arabic
1808 1079 122 75 verfion
1947 1079 31 75 in
1992 1079 140 75 Hebrew
2151 1079 130 75 charac-

1240 1127 79 75 ters,
1345 1127 106 75 which
1476 1127 160 75 Erpenius
1664 1127 165 75 publidied
1856 1127 33 75 in
1913 1127 124 75 Arabic
2053 1127 178 75 charaders
2248 1127 35 75 at

1241 1173 136 75 Leyden
1394 1173 33 75 in
1444 1173 55 75 the
1516 1173 77 75 year
1613 1173 101 75 1622.
1770 1173 131 75 Among
1926 1173 56 75 the
2007 1173 123 75 Arabic
2152 1173 129 75 tranfla-

1240 1220 85 75 tions
1341 1220 83 75 done
1440 1220 44 75 by
1501 1220 190 75 Chridians,
1717 1220 92 75 there
1833 1220 26 75 is
1880 1220 60 75 one
1957 1220 129 75 printed
2100 1220 33 75 in
2150 1220 56 75 the
2224 1220 57 75 po-

1239 1266 122 75 lyglots
1378 1266 39 75 of
1428 1266 91 75 Paris
1536 1266 62 75 and
1614 1266 140 75 London
1767 1266 11 75 ;
1820 1266 59 75 but
1895 1266 80 75 both
1991 1266 57 75 the
2065 1266 128 75 author,
2219 1266 64 75 and

1241 1313 55 75 the
1313 1313 77 75 time
1407 1313 92 75 when
1525 1313 26 75 it
1576 1313 65 75 was
1669 1313 143 75 written,
1837 1313 54 75 are
1918 1313 174 75 unknown.
2141 1313 32 75 It
2200 1313 82 75 mud

1240 1361 82 75 have
1338 1361 80 75 been
1434 1361 93 75 made
1543 1361 82 75 fince
1641 1361 56 75 the
1713 1361 197 75 publication
1935 1361 40 75 of
1995 1361 54 75 the
2073 1361 126 75 Koran,
2224 1361 57 75 be-

1242 1408 90 75 caufe
1350 1408 55 75 the
1422 1408 129 75 author,
1576 1408 31 75 in
1625 1408 95 75 many
1736 1408 119 75 places,
1880 1408 57 75 has
1949 1408 164 75 evidently
2129 1408 153 75 followed

1241 1454 39 75 it.
1329 1454 38 75 In
1385 1454 64 75 this
1466 1454 121 75 verfion
1605 1454 54 75 the
1676 1454 199 75 Pentateuch
1893 1454 25 75 is
1939 1454 170 75 tranflated
2125 1454 84 75 from
2226 1454 56 75 the

1241 1501 143 75 Hebrew
1402 1501 94 75 text;
1522 1501 78 75 Job,
1625 1501 84 75 from
1726 1501 56 75 the
1800 1501 135 75 Syriac;
1962 1501 62 75 and
2040 1501 56 75 the
2112 1501 62 75 red
2196 1501 86 75 from

1240 1548 55 75 the
1313 1548 203 75 Septuagint,
1536 1548 61 75 and
1609 1548 67 75 two
1687 1548 95 75 other
1794 1548 137 75 verfions
1949 1548 41 75 of
2001 1548 54 75 the
2067 1548 213 75 Pentateuch,

1240 1595 56 75 the
1323 1595 208 75 manuferipts
1559 1595 40 75 of
1618 1595 106 75 which
1752 1595 54 75 are
1830 1595 33 75 in
1891 1595 56 75 the
1972 1595 157 75 Bodleian
2147 1595 133 75 library*

1239 1641 113 75 There
1369 1641 53 75 are
1440 1641 64 75 alfo
1521 1641 85 75 fome
1625 1641 121 75 Arabic
1765 1641 197 75 tranflations
1991 1641 44 75 of
2053 1641 56 75 the
2136 1641 143 75 Pfalms;

1239 1689 61 75 one
1323 1689 128 75 printed
1476 1689 32 75 at
1536 1689 117 75 Genoa
1669 1689 33 75 in
1723 1689 102 75 1516,
1850 1689 55 75 the
1928 1689 94 75 other
2049 1689 34 75 at
2108 1689 108 75 Rome
2249 1689 33 75 in

1246 1738 87 75 1619
1346 1738 8 75 :
1383 1738 77 75 And
1476 1738 91 75 there
1584 1738 26 75 is
1627 1738 19 75 a
1661 1738 193 75 manufeript
1870 1738 120 75 verfion
2008 1738 40 75 of
2059 1738 56 75 the
2127 1738 154 75 prophets

1241 1782 32 75 in
1290 1782 65 75 this
1372 1782 157 75 language
1549 1782 167 75 preferved
1733 1782 32 75 in
1782 1782 56 75 the
1854 1782 158 75 Bodleian
2029 1782 133 75 library.

1289 1829 76 75 The
1382 1829 107 75 gofpel
1508 1829 94 75 being
1619 1829 161 75 preached
1797 1829 32 75 in
1846 1829 43 75 all
1910 1829 137 75 nations,
2074 1829 91 75 there
2188 1829 27 75 is
2240 1829 43 75 no

1241 1875 114 75 doubt,
1381 1875 59 75 but
1456 1875 71 75 that
1551 1875 55 75 the
1624 1875 108 75 Bible,
1758 1875 105 75 which
1892 1875 27 75 is
1947 1875 57 75 the
2031 1875 188 75 foundation
2248 1875 41 75 of

1242 1922 55 75 the
1321 1922 161 75 Chridian
1507 1922 148 75 religion,
1680 1922 66 75 was
1767 1922 172 75 tranflated
1955 1922 69 75 into
2040 1922 56 75 the
2113 1922 170 75 refpedive

1241 1969 172 75 languages
1430 1969 41 75 of
1484 1969 78 75 each
1579 1969 123 75 nation.
1753 1969 40 75 St
1810 1969 206 75 Chryfodom
2038 1969 63 75 and
2122 1969 78 75 The'
2200 1969 82 75 odo-

1245 2014 48 75 ret
1309 2014 78 75 both
1406 2014 119 75 tedify,
1549 2014 73 75 that
1638 2014 55 75 the
1709 2014 103 75 books
1829 2014 40 75 of
1876 2014 60 75 .the
1947 2014 69 75 Old
2032 2014 64 75 and
2111 2014 86 75 New
2213 2014 69 75 Te-

1242 2061 132 75 dament
1389 2061 64 75 had
1480 2061 82 75 been
1587 2061 172 75 tranflated
1781 2061 69 75 into
1875 2061 55 75 the
1949 2061 129 75 Syrian,
2103 2061 178 75 Egyptian,

1243 2109 126 75 Indian,
1401 2109 140 75 Perfian,
1573 2109 189 75 Armenian,
1793 2109 181 75 AHhiopic,
2008 2109 169 75 Scythian,
2219 2109 64 75 and

1246 2155 178 75 Samaritan
1452 2155 185 75 languages.
1693 2155 149 75 Socrates
1868 2155 63 75 and
1959 2155 161 75 Sozomen
2150 2155 56 75 tell
2232 2155 50 75 us,

1244 2202 71 75 that
1331 2202 151 75 Ulphilas
1499 2202 109 75 bifhop
1625 2202 41 75 of
1682 2202 55 75 the
1765 2202 125 75 Goths,
1915 2202 75 75 who
2010 2202 87 75 lived
2113 2202 98 75 about
2228 2202 56 75 the

1244 2249 120 75 middle
1381 2249 40 75 of
1444 2249 55 75 the
1523 2249 112 75 fourth
1663 2249 147 75 century,
1835 2249 63 75 had
1923 2249 170 75 tranflated
2121 2249 56 75 the
2205 2249 80 75 holy

1244 2297 170 75 feriptures
1431 2297 69 75 into
1512 2297 55 75 the
1579 2297 128 75 Gothic
1717 2297 156 75 language
1885 2297 10 75 ;
1914 2297 62 75 and
1988 2297 83 75 pope
2083 2297 88 75 John
2179 2297 103 75 VIIL

1245 2343 79 75 gave
1340 2343 51 75 his
1408 2343 207 75 approbation
1633 2343 34 75 to
1684 2343 56 75 the
1761 2343 120 75 verfion
1899 2343 38 75 of
1950 2343 55 75 the
2022 2343 78 75 holy
2112 2343 171 75 feriptures

1246 2390 91 75 made
1355 2390 68 75 into
1441 2390 54 75 the
1509 2390 204 75 Sclavonian.

1297 2437 160 75 JEthiopic
1473 2437 136 75 Bible.
1657 2437 77 75 The
1751 2437 168 75 4Ethiopic
1934 2437 121 75 verfion
2080 2437 41 75 of
2143 2437 54 75 the
2215 2437 70 75 Old

1246 2483 186 75 Tedament
1449 2483 27 75 is
1493 2483 91 75 made
1601 2483 218 75 immediately
1836 2483 84 75 from
1937 2483 55 75 the
2009 2483 113 75 Greek
2150 2483 72 75 text
2247 2483 42 75 of

1222 2527 8 75 '
1246 2527 57 75 the
1321 2527 210 75 Septuagint;
1558 2527 169 75 and'there
1752 2527 27 75 is
1797 2527 19 75 a
1832 2527 77 75 very
1925 2527 86 75 plain
2028 2527 183 75 agreement
2227 2527 56 75 be-

1247 2577 102 75 tween
1368 2577 63 75 this
1449 2577 182 75 tranflation
1650 2577 60 75 and
1739 2577 55 75 the
1811 2577 235 75 Alexandrian'
2063 2577 217 75 manufeript:

1247 2623 74 75 The
1338 2623 95 75 order
1446 2623 40 75 of
1498 2623 55 75 the
1566 2623 162 75 chapters,
1748 2623 55 75 the
1815 2623 200 75 inferiptions
2033 2623 40 75 of
2081 2623 54 75 the
2148 2623 134 75 Pfalms,

1248 2670 62 75 and
1326 2670 95 75 every
1438 2670 93 75 thing
1547 2670 62 75 elfe
1634 2670 95 75 being
1752 2670 127 75 exadtly
1903 2670 95 75 alike.
2046 2670 78 75 The
2152 2670 131 75 fEthio-

1247 2716 89 75 pians
1354 2716 152 75 attribute
1523 2716 64 75 this
1604 2716 122 75 verfion
1743 2716 36 75 to
1795 2716 218 75 Frumentius,
2038 2716 56 75 the
2115 2716 116 75 apodle
2248 2716 43 75 of

1247 2763 182 75 ^Ethiopia,
1454 2763 67 75 fent
1538 2763 122 75 thither
1683 2763 43 75 by
1748 2763 191 75 Athanafius
1961 2763 111 75 bifliop
2088 2763 40 75 of
2141 2763 143 75 Alexan-

1248 2810 82 75 dria.

1295 2858 110 75 Coptic
1421 2858 37 75 or
1474 2858 167 75 Egyptian
1658 2858 135 75 Bible.
1843 2858 76 75 The
1933 2858 118 75 Coptic
2066 2858 38 75 or
2120 2858 165 75 Egyptian

1249 2903 182 75 tranflation
1448 2903 26 75 is
1491 2903 139 75 likewife
1649 2903 91 75 made
1758 2903 83 75 from
1859 2903 55 75 the
1931 2903 113 75 Greek
2061 2903 39 75 of
2122 2903 56 75 the
2204 2903 80 75 Sep-

1247 2949 137 75 tuagint,
1410 2949 32 75 in
1467 2949 105 75 which
1598 2949 55 75 the
1679 2949 162 75 Egyptian
1868 2949 166 75 tranflator
2051 2949 33 75 fo
2101 2949 184 75 pundually

1247 2997 152 75 followed
1418 2997 55 75 the
1490 2997 113 75 Greek
1621 2997 83 75 text,
1733 2997 68 75 that
1817 2997 41 75 he
1877 2997 123 75 refilled
2023 2997 35 75 to
2070 2997 92 75 make
2179 2997 52 75 ufe
2248 2997 42 75 of

1246 3045 55 75 the
1319 3045 127 75 labours
1464 3045 40 75 of
1524 3045 124 75 Origen
1666 3045 62 75 and
1744 3045 123 75 others,
1893 3045 75 75 who
1992 3045 64 75 had
2084 3045 79 75 been
2180 3045 32 75 at
2229 3045 55 75 the

2196 3081 87 75 pains
