2498 3377
212 144 101 75 Part
332 144 69 75 VI.

764 144 354 75 ANA
1233 144 38 75 T

210 185 4 104 ■
260 211 79 75 The
357 211 74 75 nofe
453 211 27 75 is
498 211 54 75 the
569 211 99 75 organ
684 211 41 75 of
748 211 155 75 fmelling,
921 211 53 75 -by
996 211 108 75 means
1130 211 41 75 of
1191 211 57 75 the

209 259 123 75 -villous
356 259 128 75 portion
502 259 40 75 of
560 259 55 75 the
631 259 136 75 internal
783 259 195 75 membrane,
1003 259 35 75 to
1061 259 106 75 which
1191 259 56 75 the

208 303 165 75 •olfadory
394 303 112 75 nerves
529 303 54 75 are
601 303 115 75 chiefly
732 303 200 75 difiributed.
996 303 33 75 It
1056 303 26 75 is
1107 303 139 75 likewife

208 352 46 75 •of
274 352 52 75 ufe
341 352 34 75 in
392 352 206 75 refpiratiou;
623 352 64 75 and
709 352 56 75 the
789 352 229 75 mucilaginous
1036 352 76 75 fluid
1136 352 111 75 fpread

216 399 77 75 over
322 399 55 75 the
402 399 106 75 whole
542 399 153 75 pituitary
723 399 194 75 membrane,
949 399 149 75 prevents
1119 399 57 75 the
1201 399 46 75 air

215 445 84 75 from
321 445 116 75 drying
462 445 72 75 that
558 445 194 75 membrane,
777 445 62 75 arid
861 445 34 75 fo
924 445 170 75 rendering
1110 445 26 75 it
1160 445 87 75 inca-

216 492 93 75 pable
324 492 41 75 of
377 492 94 75 being
488 492 148 75 affefted.
682 492 78 75 The
776 492 74 75 nofe
865 492 103 75 ferves
985 492 140 75 likewife
1140 492 35 75 to
1198 492 49 75 re-

207 538 115 75 -gulate
335 538 63 75 and
412 538 126 75 modify
554 538 55 75 the
623 538 102 75 voice,
750 538 62 75 and
828 538 35 75 to
882 538 65 75 this
965 538 185 75 the-finufes
1166 538 81 75 like-

215 584 73 75 wife
304 584 194 75 contribute.
544 584 79 75 The
639 584 140 75 facculus
795 584 204 75 lachrymalis
1025 584 139 75 receives
1193 584 55 75 the

215 632 102 75 ferum
333 632 85 75 from
435 632 56 75 the
513 632 88 75 eyes,
627 632 63 75 and
714 632 182 75 difcharges
913 632 24 75 it
954 632 86 75 upon
1057 632 55 75 the
1129 632 117 75 palate,

215 678 84 75 from
315 678 131 75 whence
459 678 56 75 the
527 678 135 75 greateft
683 678 71 75 part
774 678 40 75 of
824 678 25 75 it
867 678 74 75 runs
959 678 33 75 to
1012 678 56 75 the
1084 678 161 75 pharynx.

439 812 168 75 Sect.
637 812 90 75 VII.
785 812 80 75 The
893 812 133 75 Ear.

261 910 261 75 Anatomists
540 910 182 75 commonly
737 910 107 75 divide
861 910 36 75 or
913 910 180 75 diftinguifli
1111 910 55 75 the
1191 910 54 75 ear

212 956 69 75 into
298 956 144 75 external
459 956 62 75 and
546 956 149 75 internal.
752 956 51 75 Ey
833 956 54 75 the
916 956 145 75 external
1088 956 54 75 ear
1166 956 79 75 they

213 1003 91 75 mean
321 1003 43 75 all
379 1003 71 75 that
466 1003 58 75 lies
541 1003 137 75 without
695 1003 55 75 the
767 1003 145 75 external
929 1003 49 75 ori
989 1003 48 75 Ice
1054 1003 40 75 of
1105 1003 55 75 the
1177 1003 65 75 me-

213 1052 70 75 atus
299 1052 175 75 auditorius
491 1052 33 75 in
539 1052 56 75 the
623 1052 36 75 os
677 1052 172 75 temporis;
876 1052 62 75 and
966 1052 43 75 by
1033 1052 55 75 the
1103 1052 138 75 internal

213 1095 66 75 ear,
303 1095 43 75 all
363 1095 70 75 that
448 1095 58 75 lies
524 1095 112 75 within
652 1095 55 75 the
723 1095 129 75 cavities
870 1095 41 75 of
921 1095 71 75 that
1008 1095 95 75 bone,
1121 1095 62 75 and
1196 1095 46 75 al-

204 1117 8 104 ■
212 1143 36 75 to
265 1143 56 75 the
337 1143 87 75 parts
440 1143 74 75 that
526 1143 77 75 bear
619 1143 61 75 any
696 1143 133 75 relation
842 1143 139 75 thereto.

258 1188 77 75 The
351 1188 133 75 greateft
500 1188 72 75 part
588 1188 39 75 of
640 1188 55 75 the
711 1188 144 75 external
869 1188 54 75 ear
935 1188 124 75 confifts
1072 1188 40 75 of
1125 1188 17 75 a
1155 1188 86 75 large

211 1235 151 75 cartilage
379 1235 77 75 very
472 1235 180 75 artificially
673 1235 136 75 framed,
835 1235 105 75 which
968 1235 26 75 is
1022 1235 56 75 the
1105 1235 78 75 bafis
1207 1235 41 75 of

210 1281 42 75 all
270 1281 56 75 the
339 1281 95 75 other
450 1281 86 75 parts
552 1281 42 75 of
612 1281 106 75 which
742 1281 76 75 this'
829 1281 128 75 portion
981 1281 40 75 of
1048 1281 56 75 the
1132 1281 54 75 ear
1213 1281 27 75 is

210 1328 93 75 made
320 1328 54 75 up.
421 1328 77 75 The
520 1328 135 75 internal
680 1328 53 75 ear
758 1328 125 75 confifts
911 1328 115 75 chiefly
1053 1328 41 75 of
1121 1328 118 75 feveral

210 1373 88 75 bony
313 1373 117 75 pieces,
455 1373 105 75 partly
576 1373 127 75 formed
726 1373 33 75 in
783 1373 55 75 the
858 1373 165 75 fubftance
1048 1373 39 75 of
1106 1373 54 75 the
1177 1373 65 75 ofia

212 1420 194 75 temporum,
431 1420 62 75 and
509 1420 168 75 efpecially
692 1420 33 75 in
742 1420 68 75 that
829 1420 127 75 portion
973 1420 40 75 of
1034 1420 28 75 it
1086 1420 155 75 calledrf-

202 1440 4 104 ■
206 1466 289 75 pophyjispetrofa,
523 1466 61 75 and
601 1466 104 75 partly
722 1466 165 75 feparated
902 1466 97 75 from,
1024 1466 57 75 but
1099 1466 142 75 contain-

212 1511 39 75 ed
267 1511 32 75 in
315 1511 19 75 a
350 1511 172 75 particular
539 1511 106 75 cavity
661 1511 40 75 of
711 1511 70 75 that
797 1511 96 75 bone.

256 1558 76 75 The
348 1558 145 75 external
510 1558 65 75 ear,
593 1558 94 75 taken
704 1558 192 75 altogether,
922 1558 168 75 refembles
1107 1558 32 75 in
1156 1558 86 75 fome

212 1604 116 75 degree
345 1604 56 75 the
417 1604 76 75 /hell
510 1604 41 75 of
573 1604 19 75 a
609 1604 121 75 mufiel,
755 1604 77 75 with
851 1604 40 75 its
920 1604 101 75 broad
1037 1604 62 75 end
1126 1604 116 75 turned

211 1651 143 75 upward,
380 1651 56 75 the
453 1651 89 75 fmall
558 1651 62 75 end
636 1651 195 75 downward,
858 1651 55 75 the
930 1651 124 75 convex
1076 1651 63 75 fide
1163 1651 79 75 next

209 1698 56 75 the
281 1698 96 75 head,
402 1698 62 75 and
480 1698 56 75 the
552 1698 138 75 concave
701 1698 64 75 fide
782 1698 145 75 outward
989 1698 88 75 Two
1098 1698 142 75 portions

210 1743 54 75 are
281 1743 221 75 diftingui/hed
518 1743 32 75 in
567 1743 56 75 the
640 1743 142 75 external
811 1743 55 75 ear
887 1743 96 75 taken
1012 1743 42 75 all
1070 1743 169 75 together;

210 1790 60 75 one
293 1790 87 75 large
398 1790 60 75 and
476 1790 94 75 foiid,
596 1790 103 75 called
714 1790 33 75 in
764 1790 99 75 Latin
876 1790 116 75 pinna,
1018 1790 105 75 which
1141 1790 26 75 is
1185 1790 55 75 the

209 1836 154 75 fuperior,
390 1836 60 75 and
480 1836 42 75 by
551 1836 94 75 much
685 1836 55 75 the
772 1836 134 75 greateft
935 1836 93 75 part;
1068 1836 54 75 the
1148 1836 93 75 ether

209 1883 88 75 imall
315 1883 62 75 and
392 1883 77 75 foft,
496 1883 102 75 called
614 1883 149 75 the/^e,
788 1883 108 75 which
918 1883 109 75 makes
1054 1883 56 75 the
1138 1883 101 75 lower

207 1929 83 75 part.

253 1976 76 75 The
345 1976 134 75 forefide
505 1976 30 75 is
560 1976 225 75 divided'into
813 1976 177 75 eminences
1015 1976 63 75 and
1095 1976 142 75 cavities.

207 2022 76 75 The
303 2022 176 75 eminences
497 2022 56 75 are
568 2022 75 75 four
658 2022 31 75 in
707 2022 145 75 number,
877 2022 106 75 called
998 2022 96 75 helix,
1123 2022 59 75 ant
1185 2022 51 75 he-

208 2068 61 75 lix,
294 2068 129 75 tragus,
447 2068 63 75 and
526 2068 201 75 antitragus.
791 2068 78 75 The
896 2068 90 75 helix
1013 2068 27 75 is
1067 2068 55 75 the
1149 2068 90 75 large

207 2114 113 75 folded
337 2114 116 75 border
473 2114 35 75 or
526 2114 247 75 circumference
800 2114 40 75 of
862 2114 56 75 the
943 2114 90 75 great
1057 2114 127 75 portion
1201 2114 42 75 of

207 2161 54 75 the
275 2161 67 75 ear.
390 2161 77 75 The
487 2161 145 75 amhtlix
649 2161 26 75 is
696 2161 54 75 the
766 2161 88 75 large
870 2161 121 75 oblong
1015 2161 161 75 eminence
1201 2161 38 75 or

208 2207 93 75 rifing
317 2207 196 75 furrounded
530 2207 42 75 by
588 2207 55 75 the
659 2207 102 75 helix.
811 2207 77 75 The
911 2207 108 75 tragus
1035 2207 27 75 is
1078 2207 60 75 the
1150 2207 89 75 fmall

207 2253 140 75 anterior
364 2253 231 75 protuberance
620 2253 107 75 below
754 2253 56 75 the
837 2253 143 75 anterior
1005 2253 175 75 extremity
1204 2253 41 75 of

207 2300 55 75 the
274 2300 101 75 helix,
402 2300 104 75 which
518 2300 32 75 in
563 2300 39 75 an
614 2300 162 75 advanced
792 2300 57 75 age
860 2300 27 75 is
897 2300 136 75 covered
1050 2300 75 75 with
1139 2300 98 75 hairs.

207 2347 76 75 The
300 2347 179 75 antitragus
494 2347 26 75 is
537 2347 56 75 the
613 2347 154 75 pofterior
795 2347 142 75 tubercle
963 2347 103 75 below
1085 2347 55 75 ike
1156 2347 82 75 infe-

206 2392 64 75 rior
286 2392 176 75 extremity
477 2392 41 75 of
529 2392 54 75 the
600 2392 156 75 anthelix.

253 2439 75 75 The
345 2439 130 75 cavities
503 2439 41 75 on
571 2439 55 75 rite
639 2439 132 75 forefide
787 2439 53 75 are
857 2439 73 75 four
945 2439 33 75 in
995 2439 160 75 number;
1181 2439 56 75 the

205 2485 121 75 hollow
346 2485 40 75 of
393 2485 54 75 the
464 2485 88 75 helix
565 2485 9 75 ;
595 2485 236 75 thedepmfiion
850 2485 33 75 at
899 2485 55 75 the
970 2485 142 75 fuperior
1127 2485 109 75 extre-

205 2530 81 75 mity
302 2530 40 75 of
354 2530 55 75 the
429 2530 158 75 anthelix,
612 2530 103 75 called
738 2530 82 75 fo[fa
838 2530 173 75 navicular
1014 2530 47 75 is;
1087 2530 56 75 the
1161 2530 74 75 con-

205 2578 72 75 cha,
290 2578 38 75 or
336 2578 91 75 great
438 2578 116 75 double
568 2578 105 75 cavity
684 2578 70 75 that
769 2578 57 75 lies
843 2578 103 75 under
962 2578 54 75 the
1028 2578 94 75 rifing
1138 2578 98 75 term-

205 2624 40 75 ed
260 2624 159 75 antbdix,
444 2624 55 75 the
515 2624 104 75 upper
632 2624 125 75 bottom
782 2624 40 75 of
838 2624 113 75 which,
968 2624 25 75 is
1011 2624 225 75 diftinguiftied

204 2671 84 75 from
305 2671 56 75 the
377 2671 99 75 lower
493 2671 41 75 by
552 2671 18 75 a
586 2671 216 75 continuation
831 2671 41 75 of
893 2671 58 75 the
972 2671 92 75 helix
1091 2671 31 75 in
1151 2671 84 75 form

204 2717 40 75 of
256 2717 18 75 a
291 2717 173 75 tranfverfe
481 2717 90 75 crifta
585 2717 10 75 ;
623 2717 62 75 and
701 2717 102 75 laftly,
828 2717 56 75 the
900 2717 122 75 meatus
1040 2717 40 75 of
1103 2717 56 75 the
1176 2717 58 75 ex-

204 2764 101 75 ternal
322 2764 54 75 ear
392 2764 134 75 fiiuated
541 2764 33 75 at
591 2764 54 75 the
658 2764 98 75 lower
769 2764 69 75 part
855 2764 41 75 of
914 2764 55 75 the
985 2764 126 75 bottom
1128 2764 40 75 of
1180 2764 55 75 the

203 2810 134 75 concha.

251 2857 76 75 The
344 2857 145 75 backfide
505 2857 41 75 of
563 2857 55 75 the
634 2857 145 75 external
796 2857 54 75 ear
865 2857 83 75 ftiew'
948 2857 15 75 s
980 2857 78 75 only
1077 2857 61 75 one
1157 2857 76 75 con-

203 2904 151 75 fiderable
366 2904 174 75 eminence,
557 2904 104 75 which
678 2904 27 75 is
722 2904 18 75 a
755 2904 128 75 portion
906 2904 40 75 of
957 2904 56 75 the
1030 2904 127 75 convex
1172 2904 62 75 fide

204 2949 39 75 of
255 2949 55 75 the
324 2949 133 75 concha,
483 2949 55 75 the
556 2949 92 75 other
666 2949 126 75 portion
809 2949 96 75 being
922 2949 57 75 hid
1002 2949 43 75 by
1063 2949 56 75 the
1136 2949 97 75 adhe-

204 2997 68 75 fion.
285 2997 40 75 of
337 2997 54 75 the
410 2997 53 75 ear
482 2997 34 75 to
535 2997 56 75 the
611 2997 35 75 os
664 2997 166 75 tempens.

1390 141 53 75 a
1547 141 48 75 m
1714 141 52 75 Yt.

2240 141 94 75 ^

1345 207 76 75 The
1436 207 96 75 other
1548 207 85 75 parts
1651 207 41 75 of
1705 207 53 75 the
1772 207 144 75 externa!
1928 207 73 75 ’ear,
2027 207 124 75 befidts
2165 207 55 75 the
2238 207 97 75 caiti-

1297 252 84 75 lage,
1407 252 54 75 are
1472 252 181 75 ligaments,
1679 252 147 75 mufcles,
1843 252 227 75 integuments,
2088 252 171 75 febaceous
2271 252 64 75 and

1289 300 207 75 .ceruminous
1513 300 125 75 glands,
1663 300 144 75 arteries,
1832 300 89 75 Veins
1938 300 74 75 and'
2012 300 130 75 nerves.

1343 347 77 75 The
1437 347 151 75 cartilage
1603 347 42 75 of
1656 347 56 75 the
1728 347 147 75 outward
1891 347 54 75 ear
1961 347 26 75 is
2000 347 111 75 nearly
2127 347 39 75 of
2178 347 56 75 the
2249 347 84 75 fame

1298 393 112 75 extent
1427 393 62 75 and
1505 393 100 75 figure
1618 393 77 75 with
1711 393 55 75 the
1778 393 87 75 large
1877 393 83 75 foiid
1969 393 134 75 .portion
2120 393 140 75 thereof,
2285 393 45 75 al-

1299 439 97 75 ready
1423 439 206 75 mentioned;
1671 439 58 75 but
1751 439 26 75 it
1801 439 26 75 is
1852 439 58 75 not
1926 439 40 75 of
1986 439 54 75 the
2057 439 83 75 fame
2158 439 171 75 thicknefs,

1299 485 95 75 being
1410 485 137 75 covered
1578 485 43 75 by
1649 485 213 75 integuments
1890 485 41 75 on
1959 485 79 75 both
2066 485 95 75 fidcs.
2208 485 39 75 Va
2275 485 57 75 the

1297 533 73 75 lobe
1387 533 37 75 or
1439 533 65 75 foft
1519 533 68 75 low'
1587 533 32 75 er
1645 533 127 75 portion
1800 533 42 75 of
1863 533 55 75 the
1945 533 67 75 ear,
2039 533 64 75 this
2127 533 153 75 cartilage
2303 533 32 75 is-

1288 579 162 75 wanting.

1343 624 78 75 The
1437 624 144 75 external
1602 624 54 75 ear
1677 624 27 75 is
1720 624 88 75 fixed
1825 624 35 75 to
1873 624 56 75 the
1946 624 154 75 cranium,
2124 624 58 75 not
2197 624 76 75 only
2287 624 43 75 by

1300 673 53 75 the
1383 673 224 75 cartilaginous
1630 673 127 75 portion
1775 673 40 75 of
1834 673 66 75 the'
1917 673 123 75 meatus
2057 673 190 75 auditorius,
2272 673 59 75 but

1296 720 65 75 alfo
1373 720 43 75 by
1430 720 182 75 ligaments,
1629 720 106 75 which
1752 720 54 75 are
1818 720 66 75 two
1901 720 33 75 ih
1945 720 146 75 number,
2104 720 60 75 one
2177 720 152 75 anterior,

1295 767 55 75 the
1366 767 93 75 other
1477 767 164 75 pefterior.
1689 767 78 75 The
1790 767 140 75 anterior
1951 767 154 75 ligament
2129 767 26 75 is
2181 767 88 75 fixed
2285 767 44 75 by

1296 813 59 75 one
1373 813 175 75 extremity
1564 813 35 75 to
1618 813 56 75 the
1691 813 74 75 root
1793 813 40 75 of
1852 813 56 75 the
1935 813 167 75 apophyfis
2128 813 203 75 zygomatlca

1295 859 38 75 of
1347 859 54 75 the
1418 859 37 75 es
1471 859 166 75 temporis,
1663 859 33 75 at
1724 859 54 75 the
1806 859 140 75 anterior
1968 859 62 75 and
2054 859 19 75 a
2097 859 85 75 little
2205 859 125 75 toward

1294 906 55 75 the
1365 906 143 75 fuperior
1520 906 74 75 part
1620 906 40 75 of
1679 906 54 75 the
1750 906 122 75 meatus
1889 906 115 75 clTeiis,
2028 906 84 75 clofe
2134 906 35 75 to
2186 906 54 75 the
2257 906 72 75 cor-

1292 952 57 75 ner
1365 952 41 75 of
1423 952 54 75 the
1497 952 130 75 glenoid
1651 952 130 75 cavity;
1807 952 62 75 and
1886 952 44 75 by
1958 952 54 75 the
2030 952 93 75 other
2140 952 185 75 extremity,

1294 998 34 75 to
1344 998 55 75 the
1416 998 140 75 anterior
1568 998 63 75 and
1649 998 141 75 faperior
1807 998 72 75 pan
1895 998 40 75 of
1946 998 55 75 the
2018 998 226 75 cattilaginous
2261 998 66 75 me-

1338 1092 77 75 The
1442 1092 153 75 pofiericr
1623 1092 153 75 ligament
1804 1092 26 75 is
1860 1092 89 75 fixed
1973 1092 44 75 by
2042 1092 60 75 one
2128 1092 61 75 end
2212 1092 35 75 to
2272 1092 56 75 the

1291 1139 73 75 root
1384 1139 40 75 of
1435 1139 55 75 the
1506 1139 132 75 maftoid
1664 1139 178 75 apophyfis,
1869 1139 62 75 and
1950 1139 44 75 by
2013 1139 55 75 the
2097 1139 93 75 other
2223 1139 35 75 to
2270 1139 57 75 the

1292 1185 94 75 pofte'
1386 1185 60 75 rior
1462 1185 71 75 part
1548 1185 42 75 of
1600 1185 55 75 the
1676 1185 175 75 convexity
1866 1185 41 75 of
1920 1185 56 75 the
1993 1185 148 75 concha,,
2151 1185 35 75 fo
2210 1185 70 75 that
2301 1185 25 75 it

1294 1232 26 75 is
1338 1232 141 75 oppofite
1497 1232 34 75 to
1548 1232 55 75 the
1623 1232 143 75 anterior
1780 1232 167 75 ligament.
1966 1232 3 75 ,

1340 1280 53 75 Of
1404 1280 55 75 the
1475 1280 133 75 mufcles
1625 1280 40 75 of
1684 1280 54 75 the
1755 1280 145 75 external
1917 1280 66 75 ear,
2009 1280 86 75 fame
2119 1280 42 75 go
2180 1280 146 75 between

1293 1326 53 75 the
1359 1326 165 75 cartilages
1539 1326 61 75 and
1616 1326 56 75 the
1688 1326 36 75 os
1742 1326 166 75 temporis,
1934 1326 109 75 others
2059 1326 53 75 are
2129 1326 146 75 confined
2291 1326 35 75 to

1295 1374 54 75 the
1366 1374 48 75 cat
1422 1374 112 75 tilages
1552 1374 104 75 alone.
1706 1374 88 75 Both
1811 1374 94 75 kinds
1921 1374 80 75 vary
2025 1374 34 75 in
2085 1374 154 75 different
2254 1374 75 75 fub-

1291 1420 93 75 jefts,
1410 1420 62 75 and
1490 1420 53 75 are
1559 1420 179 75 foiuetimes
1754 1420 35 75 fo
1812 1420 79 75 very
1906 1420 82 75 thin,
2013 1420 34 75 as
2076 1420 35 75 to
2136 1420 78 75 Icok
2238 1420 90 75 more

1294 1466 65 75 like
1375 1466 169 75 ligaments
1561 1466 78 75 than
1656 1466 146 75 mufcles.
1851 1466 77 75 The
1955 1466 134 75 mufcles
2117 1466 40 75 of
2180 1466 55 75 the
2261 1466 67 75 firft

1294 1512 77 75 kind
1397 1512 54 75 are
1472 1512 164 75 generally
1663 1512 90 75 three
1780 1512 32 75 in
1839 1512 147 75 number,
2011 1512 61 75 one
2087 1512 154 75 fuperior,
2265 1512 64 75 cr.e

1293 1559 167 75 pofterior,
1486 1559 64 75 and
1566 1559 59 75 ere
1639 1559 151 75 anterior.
1838 1559 27 75 T
1875 1559 40 75 he
1932 1559 140 75 fuperior
2084 1559 117 75 mufcle
2219 1559 26 75 is
2262 1559 62 75 fix-

1292 1605 39 75 ed
1348 1605 33 75 in
1397 1605 56 75 the
1470 1605 174 75 convexity
1673 1605 40 75 ef
1732 1605 55 75 the
1815 1605 78 75 foffii
1909 1605 203 75 navicularis,
2137 1605 63 75 and
2218 1605 40 75 of
2268 1605 56 75 the

1291 1653 141 75 fnperior
1450 1653 126 75 portion
1603 1653 40 75 of
1655 1653 55 75 the
1727 1653 143 75 concha;
1897 1653 85 75 from
2000 1653 129 75 whence
2146 1653 26 75 it
2188 1653 75 75 tuns
2281 1653 42 75 up

1290 1698 35 75 to
1349 1698 55 75 the
1429 1698 168 75 fejuamoas
1615 1698 126 75 portion
1764 1698 40 75 of
1823 1698 55 75 the
1896 1698 36 75 ps
1949 1698 166 75 temporis,
2138 1698 185 75 expanding

1288 1747 30 75 in
1338 1747 26 75 a.
1373 1747 146 75 radiated
1539 1747 142 75 manner,
1705 1747 64 75 and
1792 1747 28 75 is
1843 1747 138 75 inferred
2003 1747 190 75 principally
2208 1747 32 75 in
2264 1747 57 75 the

1286 1792 210 75 Jigamentary
1517 1792 213 75 apOneUrofis,
1755 1792 106 75 which
1881 1792 112 75 covers
2006 1792 55 75 the
2076 1792 153 75 poftetior
2245 1792 75 75 poi-

1288 1838 65 75 tion
1372 1838 40 75 of
1422 1838 55 75 the
1493 1838 155 75 temporal
1664 1838 131 75 rnufele.

1331 1886 76 75 The
1424 1886 141 75 anterior
1588 1886 118 75 tunfcle
1722 1886 26 75 is
1766 1886 103 75 fmall,
1894 1886 89 75 more
2007 1886 38 75 or
2068 1886 61 75 lefis
2158 1886 159 75 inverted,

1285 1935 63 75 and
1369 1935 67 75 like
1455 1935 39 75 an
1511 1935 162 75 appendix
1683 1935 36 75 to
1729 1935 58 75 the
1795 1935 154 75 fuperior.
2000 1935 32 75 Ir
2048 1935 25 75 is
2095 1935 85 75 fixed
2199 1935 42 75 by
2257 1935 62 75 one

1285 1979 175 75 extremity
1471 1979 100 75 above
1586 1979 57 75 the
1653 1979 71 75 root
1739 1979 35 75 of
1789 1979 55 75 the
1861 1979 184 75 zygomatic
2060 1979 178 75 apophyfis,
2256 1979 63 75 and

1287 2025 42 75 by
1346 2025 54 75 the
1418 2025 95 75 other
1527 2025 32 75 in
1588 2025 55 75 the
1660 2025 143 75 americr
1813 2025 70 75 part
1901 2025 39 75 of
1953 2025 57 75 the
2023 2025 173 75 convexity
2212 2025 41 75 of
2263 2025 55 75 the

1282 2072 133 75 concha.

1332 2120 79 75 The.
1433 2120 153 75 pofterior
1614 2120 117 75 mufcle
1758 2120 27 75 is
1814 2120 111 75 almoft
1949 2120 187 75 tranfverfe,
2162 2120 63 75 and
2241 2120 42 75 of
2293 2120 26 75 -a

1286 2166 213 75 confiderable
1516 2166 150 75 bVeadth,
1691 2166 96 75 being
1809 2166 86 75 fixed
1913 2166 44 75 by
1973 2166 61 75 one
2050 2166 64 75 end
2128 2166 35 75 to
2187 2166 56 75 the
2259 2166 57 75 pe-

1287 2212 110 75 fterior
1414 2212 71 75 part
1502 2212 40 75 of
1553 2212 55 75 the
1625 2212 174 75 convexity
1822 2212 39 75 of
1875 2212 54 75 the
1944 2212 145 75 concha,,
2118 2212 62 75 and
2194 2212 45 75 by
2265 2212 53 75 the

1284 2258 93 75 other
1401 2258 30 75 in
1454 2258 55 75 the
1525 2258 72 75 root
1615 2258 40 75 of
1666 2258 55 75 the
1738 2258 134 75 ftiafloid
1886 2258 179 75 apophyfis.

1332 2306 76 75 The
1425 2306 90 75 fmall
1529 2306 136 75 mufcles
1676 2306 104 75 which
1799 2306 54 75 are
1865 2306 144 75 confined
2022 2306 35 75 to
2074 2306 56 75 the
2147 2306 168 75 cartilages

1284 2351 52 75 are
1354 2351 76 75 only
1446 2351 90 75 fmall
1551 2351 97 75 ftrata
1664 2351 39 75 of
1718 2351 94 75 fibres
1829 2351 101 75 found
1950 2351 42 75 on
2007 2351 80 75 both
2104 2351 79 75 fitles
2203 2351 41 75 of
2260 2351 55 75 tire

1281 2397 180 75 cartilages.

1329 2445 75 75 The
1421 2445 73 75 lobe
1511 2445 41 75 of
1562 2445 55 75 the
1634 2445 65 75 ear,
1725 2445 37 75 or
1786 2445 71 75 that
1881 2445 62 75 foft
1967 2445 126 75 portion
2122 2445 105 75 which
2256 2445 58 75 lies

1281 2491 101 75 Under
1408 2491 56 75 the
1493 2491 123 75 tragus,
1640 2491 187 75 agtitriigus,
1853 2491 63 75 and
1932 2491 122 75 meatus
2071 2491 188 75 auditorius,
2285 2491 27 75 is

1281 2537 92 75 made
1390 2537 41 75 up
1448 2537 42 75 of
1503 2537 133 75 nothing
1652 2537 58 75 but
1725 2537 66 75 ikin
1808 2537 62 75 and
1885 2537 131 75 cellular
2026 2537 173 75 fubftauce.
2234 2537 79 75 The

1281 2584 124 75 meatus
1419 2584 173 75 auditorius
1605 2584 25 75 is
1648 2584 103 75 partly
1768 2584 98 75 bony,
1885 2584 62 75 and
1958 2584 107 75 partly
2073 2584 240 75 Cartilaginous.

1280 2629 75 75 The
1373 2629 85 75 bony
1475 2629 127 75 portion
1630 2629 26 75 is
1682 2629 55 75 the
1760 2629 133 75 longtft,
1918 2629 61 75 and
1995 2629 44 75 fai
2049 2629 48 75 ms
2114 2629 54 75 the
2186 2629 126 75 bottom

1281 2676 41 75 ef
1337 2676 54 75 die
1408 2676 101 75 canal.
1558 2676 77 75 The
1652 2676 223 75 cartilaginous
1900 2676 128 75 portion
2052 2676 26 75 is
2096 2676 54 75 the
2167 2676 143 75 ftterteft,

1282 2723 60 75 and
1360 2723 99 75 forms
1476 2723 56 75 the
1549 2723 143 75 external
1710 2723 136 75 opening
1863 2723 36 75 or
1916 2723 108 75 orifice
2036 2723 41 75 of
2089 2723 57 75 the
2161 2723 101 75 canal.

1328 2771 107 75 Tbefe
1453 2771 65 75 two
1536 2771 142 75 portions
1692 2771 112 75 joined
1816 2771 136 75 tndwife
1964 2771 35 75 to
2012 2771 77 75 each
2103 2771 104 75 other,
2226 2771 87 75 form

1282 2816 17 75 a
1315 2816 90 75 canal
1423 2816 40 75 of
1474 2816 98 75 about
1588 2816 91 75 three
1699 2816 146 75 quarters
1869 2816 40 75 of
1923 2816 39 75 an
1977 2816 74 75 inch
2069 2816 35 75 in
2125 2816 124 75 length,
2275 2816 16 75 t
2299 2816 17 75 f

1281 2863 150 75 different
1442 2863 153 75 widenefs
1614 2863 30 75 in
1663 2863 43 75 its
1723 2863 150 75 different
1890 2863 101 75 parts,
2018 2863 62 75 and
2097 2863 17 75 a
2134 2863 84 75 little
2236 2863 28 75 cc
2275 2863 36 75 n-

1280 2908 119 75 torted.
1448 2908 31 75 It
1496 2908 27 75 is
1538 2908 87 75 lined
1640 2908 39 75 on
1697 2908 55 75 the
1769 2908 96 75 infide
1882 2908 43 75 by
1942 2908 55 75 the
2013 2908 65 75 fliin
2098 2908 62 75 and
2169 2908 141 75 •cellular

1279 2958 194 75 membrane,
1496 2958 140 75 through
1648 2958 41 75 its
1702 2958 105 75 whole
1825 2958 132 75 length;
1984 2958 61 75 and
2063 2958 73 75 thus
2157 2958 88 75 thefie
2261 2958 48 75 in-

1279 3007 178 75 teguments
1474 3007 92 75 make
1588 3007 43 75 up
1659 3007 58 75 for
1732 3007 54 75 the
1809 3007 114 75 breaks
1947 3007 33 75 in
2003 3007 55 75 the
2083 3007 226 75 cartilaginous

2166 3064 153 75 yorricB*.
