2428 3377
128 149 99 75 Part
249 149 51 75 V.

686 149 41 75 A
845 149 42 75 N
1006 149 41 75 A
1163 131 15 49 r

129 209 134 75 number
278 209 28 75 is
324 209 126 75 applied
465 209 35 75 to
531 209 79 75 each
639 209 109 75 nerve.
777 241 3 49 ;
796 209 114 75 There
927 209 52 75 are
1002 209 164 75 generally

129 258 66 75 faid
211 258 36 75 to
256 258 41 75 be
313 258 101 75 thirty
426 258 80 75 pair
522 258 41 75 of
580 258 112 75 them;
719 258 92 75 feven
826 258 41 75 of
885 258 108 75 which
1005 258 89 75 come
1108 258 57 75 out

128 304 145 75 between
290 304 56 75 the
362 304 153 75 vertebras
532 304 41 75 of
583 304 56 75 the
656 304 93 75 neck,
774 304 115 75 twelve
912 304 144 75 between
1074 304 90 75 thofe

128 352 42 75 of
190 352 54 75 the
272 352 94 75 back,
391 352 61 75 five
480 352 145 75 between
652 352 90 75 thofe
774 352 40 75 of
832 352 56 75 the
915 352 98 75 loins,
1038 352 63 75 and
1117 352 47 75 fix

129 399 85 75 from
230 399 56 75 the
302 399 78 75 falfe
391 399 169 75 vertebras.

175 445 77 75 The
269 445 126 75 First
414 445 203 75 Cervical
636 445 69 75 pair
721 445 41 75 of
780 445 111 75 nerves
909 445 107 75 csmes
1033 445 57 75 out
1106 445 56 75 be-

127 492 105 75 tween
248 492 55 75 the
315 492 64 75 firft
396 492 64 75 and
471 492 117 75 fecond
604 492 155 75 vertebras
776 492 41 75 of
828 492 55 75 the
896 492 102 75 neck;
1026 492 63 75 and
1105 492 57 75 ha-

127 538 78 75 ving
220 538 93 75 given
337 538 156 75 branches
516 538 36 75 to
572 538 72 75 join
669 538 80 75 with
772 538 55 75 the
853 538 93 75 tenth
963 538 69 75 pair
1048 538 41 75 of
1108 538 55 75 the

127 586 94 75 head,
247 586 56 75 the
326 586 118 75 fecond
468 586 136 75 cervical
628 586 63 75 and
713 586 195 75 intercoftal,
933 586 62 75 and
1018 586 35 75 to
1075 586 89 75 ferve

128 633 56 75 the
215 633 135 75 mufcles
383 633 72 75 that
482 633 86 75 bend
595 633 56 75 the
678 633 93 75 neck,
806 633 28 75 it
860 633 92 75 fends
980 633 42 75 its
1050 633 116 75 largeft

128 680 155 75 branches
299 680 187 75 backwards
504 680 36 75 to
555 680 56 75 the
627 680 150 75 extenfor
792 680 133 75 mufcles
942 680 41 75 of
1001 680 56 75 the
1080 680 86 75 head

128 726 62 75 and
207 726 102 75 neck;
334 726 87 75 fome
432 726 41 75 of
483 726 107 75 which
606 726 141 75 piercing
763 726 141 75 through
915 726 89 75 thefe
1016 726 147 75 mufcles,

128 773 58 75 run
203 773 43 75 up
269 773 42 75 on
328 773 56 75 the
399 773 128 75 occiput
543 773 35 75 to
596 773 39 75 be
652 773 61 75 loft
733 773 35 75 in
785 773 56 75 the
864 773 181 75 teguments
1061 773 100 75 here;

128 820 62 75 and
206 820 95 75 many
316 820 94 75 fibres
427 820 40 75 of
484 820 26 75 it
536 820 139 75 advance
700 820 35 75 fo
759 820 52 75 far
834 820 143 75 forward
1001 820 34 75 as
1064 820 35 75 to
1121 820 41 75 be

127 871 175 75 connedted
315 871 78 75 with
410 871 55 75 the
476 871 101 75 fibrils
600 871 41 75 of
658 871 56 75 the
732 871 64 75 firft
819 871 120 75 branch
957 871 41 75 of
1016 871 56 75 the
1088 871 76 75 fifth

127 914 68 75 pair
206 914 40 75 of
264 914 55 75 the
334 914 96 75 head,
456 914 63 75 and
536 914 40 75 of
594 914 56 75 the
662 914 107 75 portio
785 914 81 75 dura
882 914 40 75 of
940 914 56 75 the
1012 914 152 75 auditory

126 961 108 75 nerve.

173 1007 77 75 The
278 1007 157 75 Second
466 1007 202 75 Cervical
695 1007 28 75 is
748 1007 76 75 foon
848 1007 126 75 joined,
1007 1007 45 75 by
1075 1007 87 75 fome

126 1053 169 75 branches,
321 1053 36 75 to
379 1053 57 75 the
451 1053 94 75 ninth
568 1053 40 75 of
629 1053 54 75 the
704 1053 85 75 head
805 1053 63 75 and
882 1053 193 75 intercoftal,
1100 1053 64 75 and

125 1100 37 75 to
187 1100 56 75 the
268 1100 65 75 firft
357 1100 64 75 and
445 1100 90 75 third
558 1100 41 75 of
617 1100 57 75 the
699 1100 102 75 neck;
836 1100 79 75 then
939 1100 58 75 has
1028 1100 19 75 a
1072 1100 90 75 large

124 1146 123 75 branch
263 1146 70 75 that
351 1146 105 75 comes
474 1146 58 75 out
547 1146 33 75 at
596 1146 56 75 the
675 1146 143 75 exterior
842 1146 81 75 edge
947 1146 41 75 of
1006 1146 56 75 the
1084 1146 76 75 fter-

126 1195 255 75 no-maftoidasus
397 1195 131 75 mufcle,
545 1195 108 75 where
664 1195 26 75 it
704 1195 87 75 joins
809 1195 77 75 with
903 1195 56 75 the
976 1195 185 75 accefforius

122 1241 43 75 of
183 1241 56 75 the
262 1241 112 75 eighth
397 1241 89 75 pair;
514 1241 63 75 and
593 1241 26 75 is
644 1241 189 75 afterwards
849 1241 188 75 diftributed
1053 1241 35 75 to
1104 1241 57 75 the

125 1286 154 75 platyfma
294 1286 158 75 myoides,
476 1286 181 75 teguments
675 1286 41 75 of
734 1286 55 75 the
801 1286 64 75 fide
882 1286 39 75 of
933 1286 55 75 the
1000 1286 82 75 neck
1098 1286 62 75 and

124 1334 96 75 head,
244 1334 128 75 parotid
387 1334 108 75 gland,
521 1334 63 75 and
606 1334 148 75 external
777 1334 66 75 ear,
868 1334 96 75 being
986 1334 175 75 connedted

127 1380 37 75 to
176 1380 55 75 the
242 1380 106 75 portio
364 1380 81 75 dura
461 1380 40 75 of
520 1380 55 75 the
591 1380 150 75 auditory
757 1380 109 75 nerve,
891 1380 63 75 and
970 1380 35 75 to
1021 1380 55 75 the
1095 1380 65 75 firft

127 1426 149 75 cervical.
324 1426 77 75 The
418 1426 177 75 remainder
612 1426 39 75 of
662 1426 64 75 this
743 1426 117 75 fecond
875 1426 136 75 cervical
1027 1426 27 75 is
1071 1426 90 75 fpent

125 1473 43 75 on
184 1473 56 75 the
257 1473 123 75 levator
397 1473 133 75 fcapulse
548 1473 63 75 and
622 1473 55 75 the
694 1473 165 75 extenfors
876 1473 41 75 of
928 1473 55 75 the
999 1473 81 75 neck
1097 1473 63 75 and

123 1520 97 75 head.
269 1520 180 75 Generally
464 1520 19 75 a
499 1520 88 75 large
603 1520 120 75 branch
742 1520 27 75 is
784 1520 77 75 here
877 1520 70 75 fent
962 1520 52 75 off
1033 1520 35 75 to
1088 1520 72 75 join

127 1567 56 75 the
200 1567 185 75 accefforius
401 1567 42 75 of
453 1567 56 75 the
525 1567 112 75 eighth
652 1567 82 75 pair,
758 1567 76 75 near
845 1567 61 75 the
917 1567 140 75 fuperior
1069 1567 92 75 angle

123 1614 42 75 of
184 1614 55 75 the
256 1614 137 75 fcapula.

170 1661 77 75 The
261 1661 135 75 Third
414 1661 99 75 Pair
531 1661 40 75 of
590 1661 55 75 the
656 1661 82 75 neck
754 1661 98 75 paffes
869 1661 57 75 out
942 1661 145 75 between
1104 1661 55 75 the

122 1707 90 75 third
227 1707 63 75 and
306 1707 112 75 fourth
441 1707 135 75 cervical
601 1707 176 75 vertebras;
804 1707 117 75 having
943 1707 217 75 immediately

123 1754 20 75 a
166 1754 268 75 communication
451 1754 78 75 with
547 1754 55 75 the
626 1754 129 75 fecond,
781 1754 62 75 and
867 1754 132 75 fending
1021 1754 94 75 down
1141 1754 19 75 a

122 1800 134 75 branch,
282 1800 105 75 which
406 1800 96 75 being
514 1800 115 75 joined
640 1800 44 75 by
700 1800 19 75 a
735 1800 119 75 branch
872 1800 85 75 from
974 1800 55 75 the
1046 1800 112 75 fourth

123 1847 148 75 cervical,
297 1847 100 75 forms
415 1847 55 75 the
493 1847 176 75 Phrenic
688 1847 108 75 nerve.
844 1847 85 75 This
953 1847 203 75 defcending,

122 1894 106 75 enters
244 1894 55 75 the
316 1894 132 75 thorax,
473 1894 144 75 between
641 1894 55 75 the
719 1894 182 75 fubclavian
924 1894 73 75 vein
1020 1894 63 75 and
1107 1894 50 75 ar-

121 1941 72 75 tery
203 1941 10 75 ;
240 1941 63 75 and
318 1941 77 75 then
412 1941 95 75 being
524 1941 145 75 received
685 1941 68 75 into
770 1941 18 75 a
804 1941 132 75 groove,
962 1941 126 75 formed
1104 1941 55 75 for

121 1988 26 75 it
163 1988 33 75 in
213 1988 55 75 the
285 1988 224 75 pericardium,
534 1988 26 75 it
575 1988 57 75 has
648 1988 42 75 its
708 1988 108 75 courfe
834 1988 94 75 along
949 1988 64 75 this
1030 1988 127 75 capfula

122 2036 40 75 of
180 2036 56 75 the
252 2036 104 75 heart,
382 2036 50 75 till
448 2036 26 75 it
492 2036 25 75 is
534 2036 59 75 loft
610 2036 32 75 in
658 2036 56 75 the
731 2036 118 75 middle
866 2036 75 75 part
956 2036 40 75 of
1015 2036 55 75 the
1088 2036 68 75 dia-

122 2081 147 75 phragm.
317 2081 77 75 The
410 2081 87 75 right
514 2081 131 75 phrenic
660 2081 57 75 has
743 2081 19 75 a
785 2081 132 75 freight
942 2081 130 75 courfe;
1099 2081 58 75 but

121 2128 56 75 the
193 2128 60 75 left
269 2128 61 75 one
346 2128 27 75 is
396 2128 130 75 obliged
548 2128 36 75 to
606 2128 92 75 make
721 2128 19 75 a
764 2128 212 75 confiderable
993 2128 72 75 turn
1083 2128 73 75 out-

120 2174 44 75 W'
164 2174 75 75 ards,
256 2174 35 75 to
307 2174 42 75 go
366 2174 76 75 over
460 2174 55 75 the
531 2174 179 75 prominent
727 2174 72 75 part
812 2174 40 75 of
862 2174 55 75 the
929 2174 226 75 pericardium,

120 2222 108 75 where
251 2222 56 75 the
324 2222 91 75 point
431 2222 41 75 of
490 2222 54 75 the
560 2222 92 75 heart
670 2222 26 75 is
713 2222 133 75 lodged.
941 2222 77 75 The
1036 2222 121 75 middle

120 2269 40 75 of
172 2269 55 75 the
243 2269 187 75 diaphragm
446 2269 105 75 fcarce
569 2269 97 75 could
681 2269 81 75 have
780 2269 80 75 been
876 2269 142 75 fupplied
1036 2269 41 75 by
1095 2269 62 75 any

120 2315 94 75 other
229 2315 97 75 nerve
342 2315 107 75 which
465 2315 97 75 could
573 2315 81 75 have
670 2315 65 75 had
757 2315 77 75 fuch
858 2315 19 75 a
893 2315 132 75 freight
1046 2315 110 75 courfe

119 2363 33 75 as
169 2363 56 75 the
242 2363 131 75 phrenic
388 2363 72 75 has.

167 2407 77 75 The
261 2407 93 75 other
370 2407 155 75 branches
542 2407 40 75 of
600 2407 56 75 the
672 2407 89 75 third
773 2407 136 75 cervical
926 2407 96 75 nerve
1040 2407 53 75 are
1106 2407 49 75 di-

120 2453 154 75 ftributed
289 2453 36 75 to
341 2453 55 75 the
413 2453 133 75 mufcles
563 2453 62 75 and
641 2453 181 75 teguments
846 2453 33 75 at
896 2453 56 75 the
968 2453 100 75 lower
1085 2453 72 75 part

122 2501 39 75 of
179 2501 54 75 the
252 2501 80 75 neck
349 2501 62 75 and
428 2501 55 75 top
500 2501 40 75 of
559 2501 55 75 the
631 2501 160 75 fhoulder.

167 2546 76 75 The
260 2546 167 75 Fourth
443 2546 200 75 Cervical
658 2546 108 75 nerve,
783 2546 83 75 after
877 2546 131 75 fending
1020 2546 52 75 off
1082 2546 72 75 that

121 2592 120 75 branch
258 2592 106 75 which
386 2592 87 75 joins
490 2592 80 75 with
594 2592 55 75 the
665 2592 89 75 third
776 2592 36 75 to
834 2592 86 75 form
937 2592 55 75 the
1009 2592 144 75 phrenic,

120 2640 62 75 and
205 2640 172 75 beftowing
401 2640 93 75 twigs
521 2640 42 75 on
588 2640 55 75 the
666 2640 134 75 mufcles
826 2640 62 75 and
910 2640 113 75 glands
1040 2640 40 75 of
1098 2640 56 75 the

119 2687 95 75 neck,
245 2687 75 75 runs
349 2687 35 75 to
411 2687 56 75 the
478 2687 162 75 farm-pit,
675 2687 107 75 where
808 2687 26 75 it
861 2687 100 75 meets
989 2687 81 75 with
1097 2687 58 75 the

122 2732 139 75 Fifth,
287 2732 143 75 Sixth,
455 2732 63 75 and
547 2732 179 75 Seventh
754 2732 166 75 cervicals,
946 2732 63 75 and
1032 2732 122 75 First

121 2779 176 75 Dorsal,
321 2779 71 75 that
416 2779 110 75 efcape
548 2779 32 75 in
604 2779 57 75 the
687 2779 176 75 interftices
884 2779 41 75 of
943 2779 56 75 the
1021 2779 133 75 mufculi

122 2825 127 75 fcaleni,
273 2825 35 75 to
326 2825 90 75 come
439 2825 33 75 at
495 2825 55 75 the
573 2825 143 75 arm-pit,
741 2825 107 75 where
866 2825 79 75 they
957 2825 83 75 join,
1066 2825 86 75 fepa-

120 2872 83 75 rate,
221 2872 62 75 and
300 2872 114 75 rejoin,
431 2872 33 75 in
481 2872 18 75 a
510 2872 71 75 way
596 2872 105 75 fcarce
713 2872 35 75 to
759 2872 41 75 be
812 2872 120 75 rightly
944 2872 163 75 expreffed
1117 2872 34 75 in

122 2918 129 75 words;
279 2918 73 75 and,
378 2918 82 75 after
485 2918 108 75 giving
616 2918 120 75 feveral
753 2918 214 75 confiderable
983 2918 112 75 nerves
1115 2918 35 75 to

121 2966 55 75 the
189 2966 132 75 mufcles
338 2966 63 75 and
416 2966 180 75 teguments
615 2966 106 75 which
738 2966 94 75 Cover
849 2966 56 75 the
922 2966 131 75 thorax,
1073 2966 78 75 they

120 3013 106 75 divide
248 3013 70 75 into
331 3013 120 75 feveral
468 3013 166 75 branches,
660 3013 35 75 to
712 3013 39 75 be
768 3013 187 75 diftributed
981 3013 35 75 to
1034 3013 40 75 all
1093 3013 55 75 the

1182 145 20 75 r
1319 145 42 75 O
1478 145 49 75 M
1645 145 55 75 Y.

2168 145 49 75 25
2231 145 17 75 r

1214 207 86 75 parts
1317 207 41 75 of
1367 207 56 75 the
1434 207 142 75 fuperior
1587 207 188 75 extremity.
1818 207 105 75 Seven
1939 207 41 75 of
1990 207 89 75 thefe
2095 207 157 75 branches

1213 253 49 75 we
1273 253 77 75 ftiall
1367 253 142 75 defcribe
1524 253 101 75 under
1642 253 172 75 particular
1830 253 122 75 names.

1265 302 30 75 x.
1322 302 246 75 Scapularis
1586 302 75 75 runs
1685 302 134 75 freight
1843 302 35 75 to
1901 302 55 75 the
1981 302 120 75 cavitas
2124 302 127 75 femilu-

1212 347 74 75 nata
1302 347 40 75 of
1353 347 57 75 the
1427 347 98 75 upper
1542 347 84 75 cofta
1643 347 41 75 of
1696 347 55 75 the
1765 347 140 75 fcapula,
1922 347 107 75 which
2042 347 27 75 is
2082 347 18 75 a
2112 347 87 75 hole,
2217 347 33 75 in

1211 395 56 75 the
1280 395 108 75 recent
1403 395 133 75 fubjeft,
1553 395 45 75 by
1609 395 19 75 a
1645 395 153 75 ligament
1811 395 94 75 being
1917 395 163 75 extended
2091 395 85 75 from
2189 395 61 75 one

1212 441 92 75 angle
1321 441 41 75 of
1380 441 55 75 the
1454 441 84 75 bone
1554 441 36 75 to
1607 441 56 75 the
1686 441 108 75 other,
1819 441 107 75 giving
1943 441 111 75 nerves
2072 441 31 75 in
2120 441 41 75 its
2178 441 73 75 way

1213 487 33 75 to
1263 487 55 75 the
1334 487 133 75 mufcles
1485 487 40 75 of
1544 487 55 75 the
1622 487 140 75 fcapula.
1811 487 112 75 When
1946 487 26 75 it
1987 487 58 75 has
2062 487 103 75 palled
2184 487 67 75 this

1212 535 87 75 hole,
1324 535 27 75 it
1367 535 136 75 fupplies
1516 535 56 75 the
1587 535 248 75 fupra-fpinatus
1853 535 139 75 mufcle;
2019 535 63 75 and
2097 535 78 75 then
2192 535 57 75 de-

1213 581 149 75 fcending
1379 581 32 75 at
1424 581 56 75 the
1496 581 142 75 anterior
1653 581 74 75 root
1744 581 40 75 of
1804 581 55 75 the
1875 581 86 75 fpine
1978 581 41 75 of
2036 581 57 75 the
2108 581 139 75 fcapula,

1212 627 24 75 it
1252 627 27 75 is
1296 627 60 75 loft
1378 627 33 75 in
1428 627 55 75 the
1499 627 95 75 other
1617 627 134 75 mufcles
1776 627 71 75 that
1868 627 43 75 lie
1935 627 42 75 on
1994 627 56 75 the
2066 627 129 75 dorfum
2211 627 43 75 of

1210 675 72 75 that
1298 675 94 75 bone.

1260 725 32 75 2.
1320 725 278 75 Articularis
1625 725 82 75 finks
1731 725 187 75 downward
1942 725 34 75 at
1998 725 56 75 the
2075 725 111 75 axilla,
2211 725 38 75 to

1211 768 54 75 get
1281 768 106 75 below
1404 768 55 75 the
1476 768 81 75 neck
1573 768 41 75 of
1633 768 56 75 the
1712 768 84 75 head
1820 768 40 75 of
1881 768 55 75 the
1959 768 36 75 os
2021 768 138 75 humeri,
2184 768 65 75 and

1212 816 34 75 to
1262 816 113 75 mount
1391 816 90 75 again
1506 816 33 75 at
1560 816 56 75 the
1639 816 171 75 back-part
1826 816 40 75 of
1884 816 46 75 it;
1956 816 35 75 fo
2008 816 71 75 that
2095 816 25 75 it
2137 816 113 75 almoft

1210 865 171 75 furrounds
1399 865 55 75 the
1466 865 216 75 articulation,
1713 865 64 75 and
1792 865 26 75 is
1835 865 190 75 diftributed
2039 865 37 75 to
2090 865 56 75 the
2163 865 86 75 muf-

1210 910 65 75 cles
1292 910 72 75 that
1375 910 90 75 draw
1481 910 55 75 the
1553 910 69 75 arm
1638 910 95 75 back,
1752 910 62 75 and
1826 910 35 75 to
1873 910 91 75 thofe
1976 910 70 75 that
2060 910 78 75 raife
2151 910 26 75 it
2190 910 56 75 up.

1259 959 33 75 3.
1318 959 217 75 Cutaneus
1554 959 76 75 runs
1655 959 95 75 down
1773 959 56 75 the
1853 959 159 75 fore-part
2034 959 41 75 of
2094 959 55 75 the
2165 959 81 75 arm,

1210 1003 75 75 near
1302 1003 56 75 the
1373 1003 80 75 fkin,
1479 1003 35 75 to
1538 1003 105 75 which
1666 1003 26 75 it
1708 1003 89 75 gives
1813 1003 53 75 off
1885 1003 154 75 branches
2051 1003 11 75 ;
2089 1003 65 75 and
2169 1003 79 75 then

1209 1051 136 75 divides,
1363 1051 42 75 on
1421 1051 56 75 the
1494 1051 98 75 infide
1604 1051 40 75 of
1656 1051 55 75 the
1723 1051 168 75 fore-arm,
1908 1051 70 75 into
1989 1051 120 75 feveral
2120 1051 127 75 nerves,

1209 1097 105 75 which
1331 1097 113 75 fupply
1461 1097 55 75 the
1538 1097 182 75 teguments
1737 1097 103 75 there,
1866 1097 63 75 and
1953 1097 42 75 on
2021 1097 55 75 the
2100 1097 87 75 palm
2210 1097 44 75 of

1209 1144 55 75 the
1280 1144 100 75 hand.

1256 1192 34 75 4.
1315 1192 404 75 Musculo-Cutaneu
1730 1192 31 75 s,
1779 1192 38 75 or
1829 1192 176 75 perforans
2022 1192 131 75 Cajferi,
2175 1192 70 75 paf-

1207 1237 48 75 fes
1272 1237 142 75 through
1427 1237 54 75 the
1494 1237 302 75 coraco-brachialis
1814 1237 137 75 mufcle;
1979 1237 73 75 and,
2078 1237 83 75 after
2173 1237 75 75 fup-

1207 1284 111 75 plying
1342 1284 55 75 the
1422 1284 108 75 biceps
1556 1284 103 75 flexor
1684 1284 100 75 cubiti
1808 1284 63 75 and
1895 1284 175 75 brachiseus
2087 1284 157 75 internus,

1208 1331 100 75 paffes
1325 1331 119 75 behind
1460 1331 56 75 the
1532 1331 119 75 tendon
1668 1331 41 75 of
1727 1331 56 75 the
1799 1331 122 75 biceps,
1947 1331 63 75 and
2026 1331 77 75 over
2119 1331 56 75 the
2192 1331 53 75 ce-

1208 1378 104 75 phalic
1327 1378 84 75 vein,
1438 1378 34 75 to
1484 1378 40 75 be
1536 1378 157 75 beftowed
1711 1378 42 75 on
1765 1378 56 75 the
1833 1378 181 75 teguments
2035 1378 41 75 on
2096 1378 57 75 the
2169 1378 76 75 out-

1208 1425 64 75 fide
1289 1425 40 75 of
1349 1425 55 75 the
1421 1425 155 75 fore-arm
1593 1425 63 75 and
1671 1425 82 75 back
1770 1425 40 75 of
1830 1425 55 75 the
1896 1425 100 75 hand.

1258 1473 32 75 5.
1317 1473 262 75 Muscularis
1597 1473 58 75 has
1673 1473 19 75 a
1711 1473 93 75 fpiral
1825 1473 110 75 courfe
1952 1473 85 75 from
2059 1473 55 75 the
2131 1473 113 75 axilla,

1208 1518 101 75 under
1326 1518 55 75 the
1398 1518 37 75 os
1451 1518 138 75 humeri,
1615 1518 62 75 and
1696 1518 172 75 backward
1884 1518 36 75 10
1936 1518 56 75 the
2009 1518 147 75 external
2172 1518 73 75 part

1209 1565 39 75 of
1268 1565 70 75 that
1354 1565 97 75 bone,
1475 1565 169 75 fupplying
1656 1565 43 75 by
1716 1565 56 75 the
1789 1565 71 75 way
1877 1565 55 75 the
1948 1565 150 75 extenfor
2110 1565 135 75 mufcles

1207 1612 40 75 of
1266 1612 55 75 the
1336 1612 167 75 fore-arm,
1529 1612 35 75 to
1581 1612 107 75 which
1705 1612 26 75 it
1748 1612 74 75 runs
1839 1612 146 75 between
2001 1612 56 75 the
2080 1612 66 75 two
2170 1612 73 75 bra-

1207 1658 89 75 chiaei
1313 1658 147 75 mufcles,
1485 1658 64 75 and
1564 1658 115 75 within
1703 1658 56 75 the
1784 1658 161 75 fupinator
1969 1658 81 75 radii
2066 1658 179 75 longus.

1206 1705 49 75 At
1271 1705 56 75 the
1343 1705 101 75 upper
1458 1705 72 75 part
1542 1705 40 75 of
1601 1705 56 75 the
1673 1705 167 75 fore-arm,
1865 1705 26 75 it
1906 1705 92 75 fends
2010 1705 52 75 off
2073 1705 19 75 a
2107 1705 134 75 branch,

1206 1752 104 75 which
1329 1752 218 75 accompanies
1564 1752 56 75 the
1632 1752 162 75 fupinator
1809 1752 115 75 longus
1941 1752 51 75 till
2007 1752 27 75 it
2046 1752 107 75 comes
2166 1752 77 75 near

1205 1799 55 75 the
1277 1799 96 75 wrift,
1398 1799 109 75 where
1532 1799 26 75 it
1583 1799 98 75 paffes
1706 1799 165 75 obliquely
1888 1799 78 75 over
1990 1799 54 75 the
2062 1799 119 75 radius,
2207 1799 36 75 to

1205 1846 39 75 be
1255 1846 59 75 loft
1330 1846 32 75 in
1380 1846 56 75 the
1452 1846 82 75 back
1550 1846 41 75 of
1603 1846 54 75 the
1673 1846 86 75 hand
1775 1846 62 75 and
1849 1846 129 75 fingers.
2027 1846 78 75 The
2123 1846 118 75 princi-

1206 1893 50 75 pal
1273 1893 72 75 part
1362 1893 41 75 of
1420 1893 65 75 this
1501 1893 95 75 nerve
1613 1893 123 75 pierces
1749 1893 148 75 through,
1907 1893 55 75 the
1979 1893 162 75 fupinator
2158 1893 83 75 radii

1205 1941 118 75 brevis,
1349 1941 34 75 to
1405 1941 90 75 ferve
1518 1941 56 75 the
1598 1941 133 75 mufcles
1755 1941 72 75 that
1851 1941 121 75 extend
1995 1941 55 75 the
2074 1941 88 75 hand
2178 1941 64 75 and

1204 1988 129 75 fingers,
1358 1988 107 75 whofe
1482 1988 117 75 adtions
1611 1988 54 75 are
1682 1988 55 75 not
1755 1988 126 75 injured
1897 1988 93 75 when
2007 1988 55 75 the
2078 1988 164 75 fupinator

1203 2034 78 75 adts.

1252 2083 33 75 6.
1312 2083 182 75 Ulnaris
1514 2083 26 75 is
1558 2083 164 75 extended
1737 2083 96 75 along
1849 2083 54 75 the
1919 2083 97 75 infide
2032 2083 41 75 of
2088 2083 56 75 the
2157 2083 81 75 arm,

1204 2127 35 75 to
1254 2127 72 75 give
1342 2127 112 75 nerves
1471 2127 35 75 to
1523 2127 55 75 the
1593 2127 134 75 mufcles
1750 2127 70 75 that
1845 2127 122 75 extend
1990 2127 56 75 the
2068 2127 171 75 fore-arm,

1203 2175 63 75 and
1282 2175 35 75 to
1333 2175 56 75 the
1407 2175 179 75 teguments
1604 2175 41 75 of
1663 2175 56 75 the
1734 2175 125 75 elbow:
1885 2175 163 75 Towards
2065 2175 57 75 the
2137 2175 122 75 lower^

1202 2222 71 75 part
1290 2222 41 75 of
1349 2222 56 75 the
1421 2222 81 75 arm,
1527 2222 26 75 it
1569 2222 94 75 llants
1681 2222 19 75 a
1720 2222 85 75 little
1821 2222 200 75 back-ward,
2046 2222 36 75 to
2098 2222 90 75 come
2204 2222 35 75 at

1201 2269 55 75 the
1268 2269 120 75 groove
1404 2269 120 75 behind
1534 2269 56 75 the
1606 2269 136 75 internal
1762 2269 135 75 condyle
1914 2269 40 75 of
1972 2269 55 75 the
2044 2269 36 75 os
2096 2269 143 75 humeri,

1201 2314 143 75 through
1366 2314 106 75 which
1497 2314 25 75 it
1547 2314 76 75 runs
1648 2314 35 75 to
1706 2314 56 75 the
1778 2314 95 75 ulna:
1900 2314 39 75 In
1956 2314 42 75 its
2016 2314 109 75 courfe
2142 2314 97 75 along

1202 2362 64 75 this
1283 2362 95 75 bone,
1404 2362 25 75 it
1446 2362 104 75 ferves
1568 2362 55 75 the
1640 2362 233 75 neighbouring
1895 2362 134 75 mufcles
2055 2362 63 75 and
2142 2362 92 75 tegu-

1202 2408 103 75 ments
1317 2408 11 75 ;
1355 2408 62 75 and
1445 2408 34 75 as
1504 2408 25 75 it
1557 2408 106 75 comes
1688 2408 76 75 near
1787 2408 56 75 the
1868 2408 97 75 wrift,
1990 2408 27 75 it
2040 2408 151 75 detaches
2217 2408 21 75 a

1202 2454 120 75 branch
1340 2454 166 75 obliquely
1522 2454 77 75 over
1614 2454 56 75 the
1687 2454 74 75 ulna
1778 2454 34 75 to
1830 2454 56 75 the
1901 2454 83 75 back
2005 2454 41 75 of
2064 2454 54 75 the
2134 2454 101 75 hand,

1201 2501 34 75 to
1262 2501 39 75 be
1325 2501 60 75 loft
1409 2501 32 75 in
1466 2501 56 75 the
1546 2501 124 75 convex
1692 2501 71 75 part
1786 2501 40 75 of
1844 2501 119 75 feveral
1979 2501 129 75 fingers.
2156 2501 79 75 The

1200 2547 100 75 larger
1320 2547 70 75 part
1407 2547 40 75 of
1465 2547 55 75 the
1536 2547 94 75 nerve
1647 2547 76 75 goes
1740 2547 129 75 ftreighi
1887 2547 141 75 forward
2053 2547 34 75 to
2113 2547 53 75 the
2183 2547 48 75 in-

1201 2594 101 75 ternal
1315 2594 62 75 fide
1394 2594 40 75 of
1446 2594 54 75 the
1517 2594 34 75 os
1564 2594 159 75 pififorme
1735 2594 40 75 of
1786 2594 56 75 the
1854 2594 104 75 wrift;
1985 2594 104 75 where
2102 2594 25 75 it
2140 2594 93 75 fends

1201 2640 50 75 off
1271 2640 17 75 a
1305 2640 118 75 branch
1442 2640 105 75 which
1563 2640 82 75 finks
1669 2640 100 75 under
1786 2640 54 75 the
1862 2640 88 75 large
1966 2640 134 75 tendons
2117 2640 32 75 in
2174 2640 56 75 the

1198 2688 98 75 palm,
1321 2688 35 75 to
1372 2688 42 75 go
1430 2688 85 75 crofs
1530 2688 36 75 to
1588 2688 55 75 the
1660 2688 92 75 other
1768 2688 63 75 fide
1855 2688 40 75 of
1913 2688 55 75 the
1985 2688 96 75 wrift,
2106 2688 126 75 ferving

1199 2735 55 75 the
1283 2735 131 75 mufculi
1441 2735 201 75 lumbricales
1666 2735 62 75 and
1752 2735 170 75 interoffei,
1948 2735 61 75 and
2026 2735 32 75 at
2081 2735 58 75 laft
2163 2735 65 75 ter-

1198 2781 151 75 minating
1366 2781 31 75 in
1414 2781 55 75 the
1488 2781 86 75 fhort
1589 2781 132 75 mufcles
1742 2781 40 75 of
1800 2781 56 75 the
1873 2781 114 75 thumb
2003 2781 62 75 and
2081 2781 146 75 fore-fin-

1198 2827 69 75 ger.
1316 2827 104 75 What
1437 2827 134 75 remains
1590 2827 38 75 of
1647 2827 56 75 the
1719 2827 92 75 ulnar
1826 2827 109 75 nerve,
1961 2827 83 75 after
2060 2827 172 75 fupplying

1199 2875 55 75 the
1277 2875 84 75 fhort
1386 2875 133 75 mufcles
1543 2875 41 75 of
1602 2875 58 75 the
1674 2875 85 75 little
1775 2875 112 75 finger,
1912 2875 120 75 divides
2050 2875 68 75 into
2135 2875 91 75 three

1198 2923 175 75 branches;
1400 2923 148 75 whereof
1565 2923 67 75 two
1648 2923 54 75 are
1719 2923 163 75 extended
1897 2923 95 75 along
2015 2923 56 75 th
2094 2923 79 75 fides
2191 2923 43 75 of

1196 2969 55 75 the
1267 2969 106 75 flieath
1391 2969 40 75 of
1450 2969 54 75 the
1515 2969 136 75 tendons
1668 2969 41 75 of
1727 2969 55 75 the
1799 2969 118 75 flexors
1934 2969 40 75 of
1993 2969 56 75 the
2063 2969 85 75 little
2165 2969 60 75 fin-

1194 3015 68 75 ger,
1287 3015 35 75 to
1344 3015 120 75 furnifli
1481 3015 54 75 the
1553 3015 135 75 concave
1705 3015 62 75 fide
1790 3015 40 75 of
1849 3015 70 75 that
1941 3015 121 75 fingeu-;
2090 3015 62 75 and
2170 3015 58 75 the

2139 3072 89 75 third
