2498 3377
186 222 331 75 ANCZAKRICH,
542 222 18 75 a
576 222 85 75 river
686 222 50 75 or
744 222 148 75 Podoiia,
918 222 106 75 which
1050 222 74 75 falls
1149 222 69 75 info

235 267 54 75 the
305 267 104 75 Black
427 267 74 75 Sea,
526 267 76 75 near
617 267 183 75 Oczakow.

187 315 302 75 ANDABATiE,
514 315 31 75 in
563 315 174 75 antiquity,
763 315 18 75 a
797 315 66 75 fort
881 315 40 75 of
939 315 176 75 gladiators
1131 315 87 75 who,

233 361 152 75 mounted
409 361 41 75 on
474 361 175 75 hdrfeback
673 361 37 75 or
733 361 32 75 in
790 361 153 75 chariots,
977 361 117 75 fought
1116 361 104 75 hood-

190 408 6 75 •
231 408 141 75 winked,
398 408 118 75 having
533 408 18 75 a
567 408 121 75 helmet
705 408 71 75 that
788 408 138 75 cover.ed
941 408 85 75 their
1037 408 88 75 eyes.

186 457 303 75 ANDALUSIA,
515 457 55 75 the
587 457 78 75 molt
680 457 185 75 fouth-weft
880 457 150 75 province
1050 457 39 75 of
1110 457 110 75 Spain,

232 501 118 75 having
367 501 224 75 Eftremadura
615 501 63 75 and
699 501 86 75 New
809 501 118 75 Caftile
952 501 42 75 on
1018 501 55 75 the
1098 501 120 75 north;

234 549 62 75 and
312 549 166 75 Granada,
504 549 56 75 the
586 549 117 75 Straits
728 549 40 75 of
787 549 180 75 Gibraltar,
994 549 62 75 and
1079 549 54 75 the
1156 549 64 75 At-

235 596 96 75 lantic
348 596 124 75 Ocean,
490 596 41 75 on
544 596 56 75 the
615 596 107 75 fouth.

185 643 91 75 New
293 643 245 75 Andalusia,
563 643 19 75 a
593 643 151 75 province
761 643 40 75 of
810 643 108 75 Terra
933 643 120 75 Firma,
1078 643 89 75 lying
1178 643 43 75 on

233 690 55 75 the
305 690 83 75 coaft
404 690 41 75 of
463 690 55 75 the
536 690 146 75 Atlantic
698 690 124 75 Ocean,
847 690 141 75 oppofite
1010 690 36 75 to
1062 690 56 75 the
1134 690 86 75 Lee-

232 737 89 75 ward
337 737 126 75 iflands,
487 737 118 75 having
621 737 55 75 the
692 737 84 75 river
792 737 176 75 Oroonoco
984 737 42 75 on
1043 737 55 75 the
1114 737 88 75 weft.

187 784 268 75 ANDAMAN,
480 784 55 75 the
552 784 92 75 name
668 784 40 75 of
726 784 86 75 fome
835 784 92 75 frnall
949 784 113 75 iflands
1085 784 136 75 fituated

232 830 43 75 on
291 830 56 75 the
363 830 63 75 eaft
442 830 62 75 fide
519 830 41 75 pf
578 830 57 75 the
652 830 148 75 entrance
817 830 40 75 of
875 830 56 75 the
946 830 64 75 bay
1021 830 42 75 of
1080 830 138 75 Bengal,

233 876 32 75 in
282 876 44 75 E.
343 876 90 75 long.
452 876 42 75 92
494 858 20 49 0
514 876 15 75 ,
554 876 122 75 andN.
691 876 61 75 lat.
775 876 38 75 15
813 858 22 49 0
835 876 14 75 .

186 923 330 75 ANDANAGAR,
542 923 20 75 a
576 923 88 75 town
681 923 39 75 of
739 923 56 75 the
811 923 162 75 peninfula
989 923 32 75 in
1046 923 105 75 India,
1177 923 43 75 on

232 970 62 75 this
313 970 62 75 fide
391 970 55 75 the
462 970 147 75 Ganges,
633 970 32 75 in
678 970 56 75 the
750 970 154 75 kingdom
921 970 40 75 of
980 970 128 75 Decan.

186 1017 253 75 ANDANCE,
466 1017 18 75 a
504 1017 88 75 town
608 1017 41 75 of
668 1017 198 75 Languedoc
877 1017 32 75 in
925 1017 136 75 France,
1086 1017 134 75 fituated

233 1064 75 75 near
324 1064 55 75 the
396 1064 182 75 confluence
595 1064 41 75 of
655 1064 55 75 the
726 1064 117 75 Rhone
859 1064 63 75 and
937 1064 56 75 the
1010 1064 122 75 Dome.

185 1111 105 75 AND
297 1111 132 75 ANTI,
453 1111 33 75 in
503 1111 108 75 mufic,
636 1111 148 75 fignifies,
807 1111 168 75 efpecially
990 1111 33 75 in
1040 1111 178 75 thorough-

232 1157 111 75 bafles,
368 1157 71 75 that
455 1157 56 75 the
523 1157 91 75 notes
632 1157 53 75 are
697 1157 35 75 to
748 1157 40 75 be
804 1157 115 75 played
935 1157 171 75 diftindtly.

184 1206 218 75 ANDAYE,
429 1206 19 75 a
471 1206 85 75 town
579 1206 33 75 in
629 1206 135 75 France,
790 1206 83 75 upon
890 1206 56 75 the
973 1206 130 75 Spanifh
1127 1206 90 75 fron-

231 1252 89 75 tiers,
347 1252 111 75 within
475 1252 66 75 two
557 1252 127 75 leagues
702 1252 40 75 of
763 1252 39 75 St
820 1252 80 75 Jean
912 1252 40 75 de
970 1252 89 75 Luz.

185 1298 201 75 ANDELI,
412 1298 19 75 a
448 1298 84 75 town
549 1298 40 75 of
601 1298 190 75 Normandy
803 1298 32 75 in
852 1298 136 75 France,
1013 1298 135 75 fituated
1159 1298 57 75 up-

234 1344 40 75 on
291 1344 56 75 the
364 1344 108 75 Seine,
498 1344 144 75 between
660 1344 91 75 Paris
764 1344 61 75 and
843 1344 129 75 Rouen.

186 1392 221 75 ANDENA,
433 1392 31 75 in
482 1392 55 75 old
553 1392 138 75 writers,
715 1392 135 75 denotes
874 1392 55 75 the
954 1392 100 75 fwath
1077 1392 91 75 made
1184 1392 33 75 in

232 1438 138 75 mowing
386 1438 40 75 of
444 1438 77 75 hay,
547 1438 36 75 or
606 1438 34 75 as
664 1438 94 75 much
784 1438 125 75 ground
933 1438 33 75 as
991 1438 19 75 a
1025 1438 73 75 m^n
1123 1438 96 75 could

234 1485 94 75 ftride
345 1485 78 75 over
439 1485 33 75 at
488 1485 93 75 once.

186 1532 246 75 ANDENES,
458 1532 40 75 an
514 1532 96 75 ifland
628 1532 32 75 in
676 1532 56 75 the
749 1532 96 75 north
863 1532 62 75 fea,
950 1532 84 75 upon
1059 1532 57 75 the
1133 1532 85 75 coaft

234 1579 39 75 of
291 1579 159 75 Norway.
499 1579 34 75 It
548 1579 27 75 is
587 1579 78 75 only
676 1579 164 75 inhabited
855 1579 46 75 by
917 1579 175 75 fifhermen.

187 1626 287 75 ANDERENzE
488 1626 70 75 fal,
583 1626 21 75 a
618 1626 91 75 name
726 1626 179 75 fometimes
928 1626 75 75 ufed
1020 1626 51 75 for
1087 1626 55 75 the
1162 1626 56 75 na-

235 1672 82 75 trum
335 1672 39 75 of
394 1672 54 75 the
465 1672 154 75 ancients.
658 1672 73 75 JSee
748 1672 191 75 Natrum.

185 1719 353 75 ANDERLECHT,
565 1719 18 75 a
606 1719 130 75 fortrefs
761 1719 39 75 of
823 1719 55 75 the
902 1719 149 75 Auftrian
1076 1719 143 75 Nether-

234 1766 103 75 lands,
363 1766 97 75 about
476 1766 66 75 two
559 1766 90 75 miles
666 1766 93 75 fouth
777 1766 39 75 of
835 1766 154 75 Bruflels.

187 1812 359 75 ANDERNACHT,
573 1812 17 75 a
608 1812 65 75 city
689 1812 40 75 of
748 1812 180 75 Germany,
954 1812 133 75 fituated
1104 1812 41 75 on
1161 1812 57 75 the

234 1859 119 75 Lower
368 1859 120 75 Rhine,
506 1859 32 75 in
556 1859 44 75 E.
617 1859 88 75 long.
726 1859 17 75 7
743 1841 21 49 0
764 1859 13 75 ,
796 1859 61 75 and
873 1859 48 75 N.
938 1859 58 75 lat.
1018 1859 60 75 50°
1098 1859 41 75 aj
1139 1841 14 49 7
1153 1859 12 75 ,
1183 1859 33 75 a-

235 1906 80 75 bout
335 1906 42 75 30
390 1906 91 75 miles
498 1906 93 75 fouth
608 1906 40 75 of
667 1906 161 75 Cologne.

188 1952 220 75 ANDERO,
433 1952 21 75 a
466 1952 142 75 fea-port
629 1952 88 75 town
742 1952 40 75 of
802 1952 109 75 Spain,
936 1952 32 75 in
991 1952 55 75 the
1068 1952 150 75 province

236 1999 39 75 of
294 1999 127 75 Blfcay,
447 1999 98 75 about
567 1999 83 75 fixty
667 1999 90 75 mijes
779 1999 75 75 weft
874 1999 40 75 of
933 1999 128 75 Bilboa,
1086 1999 132 75 fituated

236 2045 32 75 in
284 2045 62 75 W.
364 2045 90 75 long.
472 2045 21 75 4
493 2027 18 49 0
532 2045 67 75 30',
626 2045 63 75 and
704 2045 48 75 N.
771 2045 59 75 lat.
842 2045 43 75 43
894 2027 17 49 0
932 2045 68 75 20'.
1049 2045 88 75 Here
1160 2045 57 75 the

237 2091 170 75 Spaniards
423 2091 88 75 build
528 2091 63 75 and
606 2091 53 75 lay
675 2091 42 75 up
733 2091 85 75 fome
830 2091 40 75 of
889 2091 85 75 their
989 2091 72 75 men
1078 2091 39 75 of
1137 2091 79 75 war.

188 2138 178 75 ANDES,
392 2138 20 75 a
426 2138 65 75 vaft
508 2138 88 75 ridge
620 2138 39 75 of
680 2138 178 75 mountains
883 2138 106 75 which
1014 2138 74 75 runs
1106 2138 110 75 almoft

237 2185 54 75 the
307 2185 105 75 whole
429 2185 111 75 length
556 2185 39 75 of
616 2185 37 75 S.
672 2185 161 75 America.
858 2185 4 75 .
880 2185 99 75 They
991 2185 53 75 are
1061 2185 156 75 efteemed

236 2232 55 75 the
308 2232 122 75 higbeft
453 2232 32 75 in
503 2232 55 75 the
582 2232 116 75 world,
723 2232 94 75 being
834 2232 137 75 covered
986 2232 78 75 with
1082 2232 85 75 fnow
1183 2232 34 75 in

236 2278 55 75 the
307 2278 322 75 warmeftclimates;
656 2278 63 75 and
733 2278 85 75 from
835 2278 114 75 thence
972 2278 103 75 called
1090 2278 55 75 the
1162 2278 54 75 Si-

238 2322 92 75 erras
344 2322 149 75 Nivada,
519 2322 38 75 or
572 2322 56 75 the
643 2322 111 75 fnonvy
772 2322 197 75 mountains.

190 2371 321 75 ANDEiVALLO,
536 2371 18 75 a
570 2371 88 75 fmall
675 2371 135 75 country
828 2371 40 75 of
888 2371 109 75 Spain,
1022 2371 32 75 in
1072 2371 144 75 Andalu-

237 2417 52 75 fia,
313 2417 87 75 upon
420 2417 53 75 the
489 2417 148 75 frontiers
658 2417 40 75 of
716 2417 156 75 Portugal
884 2417 62 75 and
963 2417 129 75 Spanifh
1110 2417 107 75 Edre-

186 2439 4 104 ■
239 2465 142 75 madura.

192 2511 247 75 ANDEU.SE,
463 2511 18 75 a
505 2511 66 75 city
595 2511 41 75 of
655 2511 196 75 Languedoc
866 2511 34 75 in
923 2511 135 75 France,
1083 2511 135 75 fituated

241 2557 31 75 in
284 2557 43 75 E.
346 2557 88 75 long.
456 2557 16 75 3
472 2539 24 49 0
516 2557 68 75 40',
608 2557 62 75 and
685 2557 49 75 N.
751 2557 58 75 lat.
827 2557 42 75 43
869 2539 25 49 0
914 2557 68 75 45'.

193 2602 309 75 ANDORINHA,
520 2602 32 75 in
568 2602 216 75 ornithology,
801 2602 40 75 an
858 2602 139 75 obfolete
1008 2602 92 75 name
1111 2602 40 75 of
1162 2602 56 75 the

239 2650 148 75 hirunda.
437 2650 61 75 See
518 2650 205 75 Hirunda.

193 2697 253 75 ANDOVER,
471 2697 19 75 a
505 2697 87 75 large
615 2697 225 75 market-town
866 2697 32 75 in
914 2697 202 75 Hampfhire,
1145 2697 73 75 fitu-

241 2745 74 75 ated
342 2745 97 75 about
466 2745 53 75 ten
546 2745 91 75 miles
661 2745 190 75 north-weft
874 2745 41 75 of
938 2745 216 75 Wincbefter,
1187 2745 31 75 in

240 2792 61 75 W.
319 2792 87 75 long.
430 2792 39 75 i°
491 2792 54 75 30'
545 2792 12 75 ,
583 2792 61 75 and
660 2792 49 75 N.
722 2792 56 75 lat.
800 2792 38 75 51
838 2774 27 49 0
878 2792 69 75 20'.
996 2792 34 75 It
1045 2792 91 75 fends
1152 2792 66 75 two

239 2837 157 75 members
411 2837 36 75 to
463 2837 200 75 parliament.

195 2883 322 75 ANDRACHNE,
542 2883 32 75 in
597 2883 132 75 botany,
754 2883 19 75 4
796 2883 96 75 genus
921 2883 40 75 of
980 2883 55 75 the
1062 2883 157 75 monoecia

241 2930 174 75 gynandiia
438 2930 91 75 clafs.
582 2930 77 75 The
683 2930 86 75 calix
792 2930 40 75 of
850 2930 55 75 the
928 2930 82 75 male
1033 2930 122 75 confifts
1182 2930 40 75 of

240 2977 59 75 live
314 2977 106 75 leaves
432 2977 10 75 ;
468 2977 54 75 the
535 2977 119 75 corolla
668 2977 57 75 has
741 2977 60 75 five
816 2977 123 75 petals;
965 2977 63 75 and
1043 2977 55 75 the
1114 2977 104 75 ftami-

239 3025 52 75 na,
316 3025 105 75 which
439 3025 53 75 are
508 3025 65 75 alfo
597 3025 61 75 five
680 3025 34 75 in
738 3025 144 75 number,
908 3025 53 75 are
988 3025 137 75 inferred
1149 3025 69 75 into

1338 158 18 75 )

1654 158 244 75 AND

1317 220 55 75 the
1384 220 110 75 ftylus.
1535 220 77 75 The
1628 220 87 75 calix
1725 220 40 75 of
1776 220 56 75 the
1848 220 114 75 female
1975 220 25 75 is
2016 220 131 75 divided
2163 220 67 75 into
2242 220 60 75 five

1317 267 127 75 leaves;
1476 267 26 75 it
1525 267 58 75 has
1608 267 42 75 no
1674 267 143 75 corolla;
1848 267 57 75 the
1928 267 71 75 ftyli
2026 267 69 75 are.
2104 267 99 75 three'
2203 267 13 75 ;
2248 267 54 75 the

1318 315 123 75 capfule
1458 315 25 75 is
1496 315 178 75 trilocular,
1699 315 180 75 c#.itaining
1892 315 66 75 two
1971 315 103 75 feeds.
2122 315 112 75 There
2250 315 54 75 are

1318 360 75 75 only
1410 360 66 75 two
1492 360 118 75 fpecies
1627 360 41 75 of
1688 360 55 75 the
1768 360 197 75 andrachne,'
1984 360 70 75 viz.
2079 360 56 75 the
2160 360 143 75 telephe-

1318 408 101 75 oides,
1445 408 20 75 a
1484 408 106 75 native
1613 408 40 75 of
1671 408 108 75 Italy;
1806 408 63 75 and
1890 408 57 75 the
1969 408 164 75 fruticofa,
2158 408 20 75 a
2199 408 106 75 native

1318 454 39 75 of
1376 454 120 75 China.

1270 503 271 75 ANDREJOS,
1566 503 18 75 a
1596 503 87 75 town
1699 503 133 75 fituated
1847 503 74 75 near
1937 503 55 75 the
2005 503 217 75 Borifthenes,
2246 503 56 75 be-

1319 547 101 75 tween
1438 547 159 75 Mufcovy
1613 547 62 75 and
1691 547 136 75 Poland.

1270 597 235 75 ANDREW,
1531 597 49 75 or,
1607 597 141 75 Knights
1766 597 43 75 of
1823 597 40 75 St
1882 597 179 75 Andrew,
2088 597 39 75 an
2148 597 95 75 order
2266 597 43 75 of

1318 642 147 75 knights,
1486 642 89 75 more
1591 642 123 75 ufually
1737 642 105 75 called
1857 642 55 75 the
1935 642 95 75 order
2053 642 41 75 of
2112 642 55 75 the
2183 642 117 75 thiftle.

1319 690 270 75 SccThistle.

1272 735 142 75 Knights
1427 735 43 75 of
1475 735 41 75 St
1530 735 29 75 A
1566 735 19 75 n
1592 735 21 75 d
1622 735 17 75 r
1647 735 18 75 e
1670 735 30 75 w
1710 735 27 75 is
1747 735 65 75 alfo
1821 735 38 75 an
1869 735 95 75 order
1976 735 163 75 inftituted
2150 735 44 75 by
2204 735 98 75 Peter

1317 781 54 75 the
1388 781 106 75 Great
1506 781 40 75 of
1557 781 159 75 Mufcovy
1732 781 31 75 in
1781 781 85 75 1698
1880 781 10 75 ;
1917 781 55 75 the
1989 781 102 75 badge
2107 781 40 75 of
2158 781 104 75 which
2273 781 27 75 is

1316 829 19 75 a
1342 829 117 75 golden
1478 829 118 75 medal,
1620 829 42 75 on
1678 829 61 75 one
1755 829 64 75 fide
1835 829 148 75 whereof
2000 829 27 75 is
2044 829 200 75 reprefented
2261 829 41 75 St

1316 876 170 75 Andrew’s
1504 876 98 75 crofs,
1627 876 78 75 with
1721 876 89 75 thefe
1826 876 121 75 words,
1972 876 111 75 Cazar
2099 876 121 75 Pierre
2236 876 64 75 mo-

1316 923 124 75 narque
1454 923 37 75 de
1507 923 70 75 tout
1593 923 36 75 la
1647 923 113 75 Ruffle.
1807 923 87 75 This
1906 923 118 75 medal,
2049 923 94 75 being
2159 923 142 75 faftened

1317 968 35 75 to
1369 968 18 75 a
1400 968 74 75 blue
1490 968 126 75 ribbon,
1641 968 26 75 is
1685 968 174 75 fufpended
1874 968 83 75 from
1969 968 56 75 the
2037 968 87 75 right
2140 968 159 75 Ihoulder.

1270 1017 42 75 Yf
1328 1017 197 75 Andrew’/
1541 1017 94 75 crofs,
1660 1017 62 75 one
1736 1017 34 75 in
1785 1017 84 75 form
1886 1017 40 75 of
1944 1017 55 75 the
2023 1017 96 75 letter
2140 1017 48 75 X.
2238 1017 63 75 See

1318 1063 145 75 Cross.

1267 1107 40 75 St
1322 1107 286 75 ANDREw’s-<&ry,
1645 1107 19 75 a
1690 1107 121 75 feftival
1836 1107 40 75 of
1895 1107 54 75 the
1977 1107 160 75 Chriftian
2165 1107 132 75 church,

1315 1156 180 75 celebrated
1512 1156 41 75 on
1573 1156 56 75 the
1641 1156 179 75 thirteenth
1838 1156 41 75 of
1896 1156 200 75 November,
2121 1156 33 75 in
2174 1156 126 75 honour

1315 1202 40 75 of
1372 1202 55 75 the
1445 1202 116 75 apoftje
1575 1202 40 75 St
1631 1202 155 75 Andrew.

1266 1248 43 75 St
1325 1248 197 75 Andrews,
1547 1248 32 75 in
1598 1248 196 75 geography,
1820 1248 20 75 a
1862 1248 87 75 town
1972 1248 33 75 in
2029 1248 56 75 the
2113 1248 119 75 county
2260 1248 43 75 of

1316 1296 72 75 Fife
1404 1296 32 75 in
1455 1296 165 75 Scotland,
1645 1296 133 75 fituated
1800 1296 43 75 on
1866 1296 54 75 the
1945 1296 146 75 German
2117 1296 123 75 Ocean,
2265 1296 32 75 in

1315 1341 61 75 W.
1393 1341 87 75 long.
1502 1341 18 75 2
1520 1323 24 49 0
1565 1341 18 75 2
1591 1341 15 75 J
1606 1323 14 49 7
1620 1341 13 75 ,
1651 1341 61 75 and
1729 1341 48 75 N.
1789 1341 58 75 lat.
1868 1341 65 75 56°
1954 1341 43 75 20
1997 1323 11 49 7
2008 1341 13 75 ,
2039 1341 97 75 about
2150 1341 44 75 30
2205 1341 93 75 miles

1314 1388 48 75 N.
1379 1388 43 75 E.
1441 1388 40 75 of
1499 1388 206 75 Edinburgh.

1365 1434 38 75 St
1420 1434 160 75 Andrews
1603 1434 65 75 was
1685 1434 155 75 formerly
1856 1434 39 75 an
1919 1434 214 75 archbifliop’s
2154 1434 62 75 fee,
2240 1434 59 75 but

1316 1481 31 75 at
1364 1481 125 75 prefent
1505 1481 27 75 is
1549 1481 115 75 chiefly
1681 1481 196 75 remarkable
1894 1481 41 75 on
1952 1481 136 75 account
2106 1481 40 75 of
2163 1481 42 75 its
2228 1481 69 75 uni-

1315 1528 127 75 verfity.

1269 1575 41 75 St
1326 1575 186 75 Andrews
1528 1575 27 75 is
1568 1575 65 75 alfo
1649 1575 55 75 the
1716 1575 90 75 name
1822 1575 42 75 of
1881 1575 19 75 a
1915 1575 87 75 town
2019 1575 40 75 of
2079 1575 169 75 Carinthia
2263 1575 32 75 in

1316 1621 180 75 Germany,
1520 1621 134 75 fituated
1670 1621 30 75 in
1718 1621 44 75 E.
1779 1621 88 75 long.
1890 1621 39 75 15
1929 1603 25 49 0
1954 1621 14 75 ,
1994 1621 62 75 and
2071 1621 48 75 N.
2136 1621 58 75 lat.
2212 1621 44 75 47
2256 1603 24 49 0
2280 1621 16 75 ,

1318 1667 95 75 about
1431 1667 18 75 a
1465 1667 146 75 hundred
1623 1667 91 75 miles
1730 1667 91 75 fouth
1838 1667 40 75 of
1895 1667 138 75 Vienna.

1269 1716 206 75 ANDRIA,
1500 1716 32 75 in
1549 1716 142 75 Grecian
1708 1716 173 75 antiquity,
1906 1716 107 75 public
2037 1716 258 75 entertainments

1316 1761 63 75 fiift
1394 1761 163 75 inftituted
1572 1761 44 75 by
1632 1761 111 75 Minos
1767 1761 41 75 of
1826 1761 111 75 Crete,
1964 1761 75 75 and,
2064 1761 83 75 after
2172 1761 47 75 his
2237 1761 59 75 ex-

1316 1808 116 75 ample,
1457 1808 170 75 appointed
1643 1808 43 75 by
1702 1808 170 75 Lycurgus
1890 1808 33 75 at
1947 1808 128 75 Sparta,
2100 1808 32 75 at
2147 1808 106 75 which
2277 1808 19 75 a

1316 1855 105 75 whole
1444 1855 66 75 city
1533 1855 37 75 or
1594 1855 18 75 a
1635 1855 82 75 tribe
1742 1855 129 75 affifted.
1918 1855 99 75 They
2041 1855 84 75 were
2141 1855 155 75 managed

1314 1900 79 75 with
1409 1900 54 75 the
1480 1900 117 75 utmoft
1611 1900 166 75 frugality,
1795 1900 62 75 and
1868 1900 128 75 perfons
2013 1900 39 75 of
2064 1900 42 75 all
2119 1900 72 75 ages
2208 1900 84 75 were

1315 1947 167 75 admitted,
1507 1947 55 75 the
1578 1947 143 75 younger
1736 1947 65 75 fort
1818 1947 94 75 being
1927 1947 129 75 obliged
2079 1947 43 75 by
2137 1947 55 75 the
2214 1947 79 75 law-

1312 1993 88 75 giver
1411 1993 35 75 to
1463 1993 102 75 repair
1580 1993 134 75 thither,
1732 1993 32 75 as
1777 1993 36 75 to
1829 1993 124 75 fchools
1970 1993 40 75 of
2020 1993 200 75 temperance
2230 1993 64 75 and

1314 2040 152 75 fobriety.

1266 2087 176 75 Andria,
1483 2087 114 75 among
1625 2087 85 75 fome
1734 2087 189 75 naturalifts,
1948 2087 132 75 denotes
2103 2087 40 75 an
2165 2087 125 75 herma-

1313 2134 190 75 phroditical
1519 2134 137 75 woman.
1706 2134 62 75 See
1781 2134 360 75 Hermaphrodite.

1265 2181 171 75 Andria,
1461 2181 32 75 in
1518 2181 196 75 geography,
1740 2181 19 75 a
1781 2181 87 75 town
1894 2181 39 75 of
1952 2181 98 75 Italy,
2074 2181 32 75 in
2130 2181 56 75 the
2201 2181 92 75 king-

1313 2227 75 75 dom
1405 2227 40 75 of
1462 2227 137 75 Naples,
1624 2227 133 75 fituated
1772 2227 31 75 in
1820 2227 46 75 E.
1883 2227 87 75 long.
1985 2227 45 75 J7
2030 2209 22 49 0
2052 2227 15 75 ,
2091 2227 62 75 and
2169 2227 47 75 N.
2233 2227 59 75 lat.

1315 2274 39 75 41
1354 2256 26 49 0
1400 2274 21 75 6
1421 2256 10 49 7
1431 2274 14 75 .
1492 2274 34 75 It
1541 2274 27 75 is
1586 2274 18 75 a
1614 2274 137 75 bifhop’s
1767 2274 62 75 fee.

1267 2321 248 75 ANDROAS,
1548 2321 38 75 or
1608 2321 281 75 Androdamas,
1915 2321 115 75 among
2053 2321 125 75 ancient
2200 2321 91 75 natu-

1314 2368 113 75 ralifts,
1460 2368 19 75 a
1505 2368 78 75 kind
1609 2368 40 75 of
1668 2368 125 75 pyritse,
1830 2368 35 75 to
1888 2368 107 75 which
2018 2368 77 75 they
2116 2368 177 75 attributed

1315 2415 118 75 certain
1450 2415 134 75 magical
1600 2415 131 75 virtues.

1264 2459 388 75 ANDROGYNOUS,
1669 2459 32 75 in
1718 2459 151 75 zoology,
1886 2459 40 75 an
1943 2459 193 75 appellation
2148 2459 92 75 given
2257 2459 36 75 to

1314 2506 129 75 animals
1458 2506 106 75 which
1586 2506 81 75 have
1691 2506 80 75 both
1794 2506 56 75 the
1874 2506 82 75 male
1979 2506 62 75 and
2056 2506 114 75 female
2185 2506 58 75 fex
2258 2506 33 75 in

1313 2554 55 75 the
1384 2554 83 75 fame
1482 2554 186 75 individual.

1266 2599 298 75 Androgynous
1590 2599 105 75 baths,
1720 2599 31 75 in
1776 2599 172 75 antiquity,
1972 2599 91 75 thofe
2087 2599 148 75 common
2256 2599 36 75 to

1314 2646 78 75 both
1409 2646 102 75 fexes.
1562 2646 62 75 See
1640 2646 127 75 Bath.

1265 2692 302 75 ANDROIDES,
1590 2692 33 75 in
1644 2692 191 75 mechanics,
1861 2692 18 75 a
1902 2692 116 75 human
2034 2692 112 75 figure,
2172 2692 118 75 which,

1315 2741 43 75 by
1373 2741 119 75 certain
1513 2741 136 75 fprings,
1675 2741 155 75 performs
1841 2741 119 75 feveral
1972 2741 145 75 external
2133 2741 158 75 fundtions

1315 2788 39 75 of
1373 2788 18 75 a
1407 2788 84 75 man.
1542 2788 61 75 See
1619 2788 268 75 Automaton.

1265 2832 339 75 ANDROLEPSY,
1621 2832 32 75 in
1669 2832 141 75 Grecian
1823 2832 172 75 antiquity,
2013 2832 39 75 an
2064 2832 101 75 adlion
2181 2832 110 75 allow-

1314 2880 40 75 ed
1369 2880 43 75 by
1425 2880 58 75 the
1499 2880 179 75 Athenians
1694 2880 117 75 againft
1827 2880 75 75 fuch
1926 2880 33 75 as
1985 2880 163 75 protedled
2164 2880 127 75 perfons

1314 2926 102 75 guilty
1444 2926 40 75 of
1509 2926 146 75 murder.
1713 2926 79 75 The
1816 2926 151 75 relations
1994 2926 40 75 of
2058 2926 55 75 the
2140 2926 152 75 deceafed

1314 2973 82 75 were
1421 2973 200 75 empowered
1641 2973 35 75 to
1699 2973 82 75 feize
1808 2973 91 75 three
1927 2973 71 75 men
2026 2973 32 75 in
2082 2973 56 75 the
2165 2973 66 75 city
2253 2973 39 75 or

1312 3019 98 75 houfe
1432 3019 138 75 whither
1595 3019 55 75 the
1672 3019 183 75 malefadtor
1878 3019 64 75 had
1964 3019 76 75 fled,
2064 3019 51 75 till
2141 3019 42 75 he
2207 3019 83 75 were

2187 3059 101 75 either
