<?xml version="1.0" encoding="UTF-8"?>
<alto xmlns="http://www.loc.gov/standards/alto/v3/alto.xsd"><Description><MeasurementUnit>pixel</MeasurementUnit><sourceImageInformation><fileName>./data/pdfs/c_188936619/i_144133901/188082693.23.pdf</fileName></sourceImageInformation><OCRProcessing ID="IdOcr"><ocrProcessingStep><processingDateTime>Fri Jul 12 10:38:04 2019
</processingDateTime><processingSoftware><softwareCreator>CONTRIBUTORS</softwareCreator><softwareName>pdfalto</softwareName><softwareVersion>0.1</softwareVersion></processingSoftware></ocrProcessingStep></OCRProcessing></Description><Styles><TextStyle ID="font0" FONTFAMILY="times" FONTSIZE="10.000" FONTTYPE="serif" FONTWIDTH="proportional" FONTCOLOR="#WWWWWW" FONTSTYLE=""/><TextStyle ID="font1" FONTFAMILY="times" FONTSIZE="6.500" FONTTYPE="serif" FONTWIDTH="proportional" FONTCOLOR="#WWWWWW" FONTSTYLE="superscript"/><TextStyle ID="font2" FONTFAMILY="invisibleocr" FONTSIZE="10.000" FONTTYPE="sans-serif" FONTWIDTH="proportional" FONTCOLOR="#WWWWWW" FONTSTYLE=""/></Styles><Layout><Page ID="Page517" PHYSICAL_IMG_NR="517" WIDTH="2493" HEIGHT="3387"><PrintSpace><TextLine WIDTH="227" HEIGHT="75" ID="p517_t1" HPOS="590" VPOS="215"><String ID="p517_w1" CONTENT="AST" HPOS="590" VPOS="215" WIDTH="227" HEIGHT="75" STYLEREFS="font0"/></TextLine><TextLine WIDTH="238" HEIGHT="75" ID="p517_t2" HPOS="1154" VPOS="215"><String ID="p517_w2" CONTENT="(" HPOS="1154" VPOS="215" WIDTH="21" HEIGHT="75" STYLEREFS="font0"/><SP WIDTH="56" VPOS="215" HPOS="1175"/><String ID="p517_w3" CONTENT="433" HPOS="1231" VPOS="215" WIDTH="80" HEIGHT="75" STYLEREFS="font0"/><SP WIDTH="61" VPOS="215" HPOS="1311"/><String ID="p517_w4" CONTENT=")" HPOS="1372" VPOS="215" WIDTH="20" HEIGHT="75" STYLEREFS="font0"/></TextLine><TextLine WIDTH="223" HEIGHT="75" ID="p517_t3" HPOS="1729" VPOS="215"><String ID="p517_w5" CONTENT="AST" HPOS="1729" VPOS="215" WIDTH="223" HEIGHT="75" STYLEREFS="font0"/></TextLine><TextLine WIDTH="986" HEIGHT="75" ID="p517_t4" HPOS="257" VPOS="290"><String ID="p517_w6" CONTENT="however," HPOS="257" VPOS="290" WIDTH="160" HEIGHT="75" STYLEREFS="font0"/><SP WIDTH="24" VPOS="290" HPOS="417"/><String ID="p517_w7" CONTENT="it" HPOS="441" VPOS="290" WIDTH="27" HEIGHT="75" STYLEREFS="font0"/><SP WIDTH="15" VPOS="290" HPOS="468"/><String ID="p517_w8" CONTENT="is" HPOS="483" VPOS="290" WIDTH="26" HEIGHT="75" STYLEREFS="font0"/><SP WIDTH="18" VPOS="290" HPOS="509"/><String ID="p517_w9" CONTENT="diftinguiihed" HPOS="527" VPOS="290" WIDTH="222" HEIGHT="75" STYLEREFS="font0"/><SP WIDTH="10" VPOS="290" HPOS="749"/><String ID="p517_w10" CONTENT="by" HPOS="759" VPOS="290" WIDTH="47" HEIGHT="75" STYLEREFS="font0"/><SP WIDTH="17" VPOS="290" HPOS="806"/><String ID="p517_w11" CONTENT="its" HPOS="823" VPOS="290" WIDTH="40" HEIGHT="75" STYLEREFS="font0"/><SP WIDTH="18" VPOS="290" HPOS="863"/><String ID="p517_w12" CONTENT="colour" HPOS="881" VPOS="290" WIDTH="112" HEIGHT="75" STYLEREFS="font0"/><SP WIDTH="16" VPOS="290" HPOS="993"/><String ID="p517_w13" CONTENT="and" HPOS="1009" VPOS="290" WIDTH="64" HEIGHT="75" STYLEREFS="font0"/><SP WIDTH="27" VPOS="290" HPOS="1073"/><String ID="p517_w14" CONTENT="fuperior" HPOS="1100" VPOS="290" WIDTH="143" HEIGHT="75" STYLEREFS="font0"/></TextLine><TextLine WIDTH="163" HEIGHT="75" ID="p517_t5" HPOS="259" VPOS="336"><String ID="p517_w15" CONTENT="hardnefs." HPOS="259" VPOS="336" WIDTH="163" HEIGHT="75" STYLEREFS="font0"/></TextLine><TextLine WIDTH="36" HEIGHT="75" ID="p517_t6" HPOS="1073" VPOS="336"><String ID="p517_w16" CONTENT="**" HPOS="1073" VPOS="336" WIDTH="36" HEIGHT="75" STYLEREFS="font0"/></TextLine><TextLine WIDTH="1032" HEIGHT="75" ID="p517_t7" HPOS="212" VPOS="382"><String ID="p517_w17" CONTENT="Asteria" HPOS="212" VPOS="382" WIDTH="177" HEIGHT="75" STYLEREFS="font0"/><SP WIDTH="26" VPOS="382" HPOS="389"/><String ID="p517_w18" CONTENT="is" HPOS="415" VPOS="382" WIDTH="26" HEIGHT="75" STYLEREFS="font0"/><SP WIDTH="24" VPOS="382" HPOS="441"/><String ID="p517_w19" CONTENT="alfo" HPOS="465" VPOS="382" WIDTH="66" HEIGHT="75" STYLEREFS="font0"/><SP WIDTH="15" VPOS="382" HPOS="531"/><String ID="p517_w20" CONTENT="the" HPOS="546" VPOS="382" WIDTH="56" HEIGHT="75" STYLEREFS="font0"/><SP WIDTH="17" VPOS="382" HPOS="602"/><String ID="p517_w21" CONTENT="name" HPOS="619" VPOS="382" WIDTH="91" HEIGHT="75" STYLEREFS="font0"/><SP WIDTH="16" VPOS="382" HPOS="710"/><String ID="p517_w22" CONTENT="of" HPOS="726" VPOS="382" WIDTH="40" HEIGHT="75" STYLEREFS="font0"/><SP WIDTH="12" VPOS="382" HPOS="766"/><String ID="p517_w23" CONTENT="an" HPOS="778" VPOS="382" WIDTH="39" HEIGHT="75" STYLEREFS="font0"/><SP WIDTH="16" VPOS="382" HPOS="817"/><String ID="p517_w24" CONTENT="extraneous" HPOS="833" VPOS="382" WIDTH="192" HEIGHT="75" STYLEREFS="font0"/><SP WIDTH="24" VPOS="382" HPOS="1025"/><String ID="p517_w25" CONTENT="foflil," HPOS="1049" VPOS="382" WIDTH="93" HEIGHT="75" STYLEREFS="font0"/><SP WIDTH="25" VPOS="382" HPOS="1142"/><String ID="p517_w26" CONTENT="call-" HPOS="1167" VPOS="382" WIDTH="77" HEIGHT="75" STYLEREFS="font0"/></TextLine><TextLine WIDTH="899" HEIGHT="75" ID="p517_t8" HPOS="259" VPOS="429"><String ID="p517_w27" CONTENT="ed" HPOS="259" VPOS="429" WIDTH="40" HEIGHT="75" STYLEREFS="font0"/><SP WIDTH="15" VPOS="429" HPOS="299"/><String ID="p517_w28" CONTENT="in" HPOS="314" VPOS="429" WIDTH="31" HEIGHT="75" STYLEREFS="font0"/><SP WIDTH="18" VPOS="429" HPOS="345"/><String ID="p517_w29" CONTENT="Englifli" HPOS="363" VPOS="429" WIDTH="130" HEIGHT="75" STYLEREFS="font0"/><SP WIDTH="17" VPOS="429" HPOS="493"/><String ID="p517_w30" CONTENT="theJlar-ftone.," HPOS="510" VPOS="429" WIDTH="271" HEIGHT="75" STYLEREFS="font0"/><SP WIDTH="30" VPOS="429" HPOS="781"/><String ID="p517_w31" CONTENT="See" HPOS="811" VPOS="429" WIDTH="61" HEIGHT="75" STYLEREFS="font0"/><SP WIDTH="18" VPOS="429" HPOS="872"/><String ID="p517_w32" CONTENT="Star-stone." HPOS="890" VPOS="429" WIDTH="268" HEIGHT="75" STYLEREFS="font0"/></TextLine><TextLine WIDTH="1038" HEIGHT="75" ID="p517_t9" HPOS="210" VPOS="474"><String ID="p517_w33" CONTENT="ASTERIAS," HPOS="210" VPOS="474" WIDTH="253" HEIGHT="75" STYLEREFS="font0"/><SP WIDTH="26" VPOS="474" HPOS="463"/><String ID="p517_w34" CONTENT="or" HPOS="489" VPOS="474" WIDTH="38" HEIGHT="75" STYLEREFS="font0"/><SP WIDTH="23" VPOS="474" HPOS="527"/><String ID="p517_w35" CONTENT="Star-fish," HPOS="550" VPOS="474" WIDTH="225" HEIGHT="75" STYLEREFS="font0"/><SP WIDTH="25" VPOS="474" HPOS="775"/><String ID="p517_w36" CONTENT="in" HPOS="800" VPOS="474" WIDTH="32" HEIGHT="75" STYLEREFS="font0"/><SP WIDTH="25" VPOS="474" HPOS="832"/><String ID="p517_w37" CONTENT="zoology," HPOS="857" VPOS="474" WIDTH="152" HEIGHT="75" STYLEREFS="font0"/><SP WIDTH="26" VPOS="474" HPOS="1009"/><String ID="p517_w38" CONTENT="a" HPOS="1035" VPOS="474" WIDTH="19" HEIGHT="75" STYLEREFS="font0"/><SP WIDTH="26" VPOS="474" HPOS="1054"/><String ID="p517_w39" CONTENT="genus" HPOS="1080" VPOS="474" WIDTH="99" HEIGHT="75" STYLEREFS="font0"/><SP WIDTH="28" VPOS="474" HPOS="1179"/><String ID="p517_w40" CONTENT="of" HPOS="1207" VPOS="474" WIDTH="41" HEIGHT="75" STYLEREFS="font0"/></TextLine><TextLine WIDTH="983" HEIGHT="75" ID="p517_t10" HPOS="259" VPOS="521"><String ID="p517_w41" CONTENT="infedts" HPOS="259" VPOS="521" WIDTH="110" HEIGHT="75" STYLEREFS="font0"/><SP WIDTH="18" VPOS="521" HPOS="369"/><String ID="p517_w42" CONTENT="of" HPOS="387" VPOS="521" WIDTH="39" HEIGHT="75" STYLEREFS="font0"/><SP WIDTH="11" VPOS="521" HPOS="426"/><String ID="p517_w43" CONTENT="the" HPOS="437" VPOS="521" WIDTH="55" HEIGHT="75" STYLEREFS="font0"/><SP WIDTH="17" VPOS="521" HPOS="492"/><String ID="p517_w44" CONTENT="order" HPOS="509" VPOS="521" WIDTH="95" HEIGHT="75" STYLEREFS="font0"/><SP WIDTH="15" VPOS="521" HPOS="604"/><String ID="p517_w45" CONTENT="of" HPOS="619" VPOS="521" WIDTH="41" HEIGHT="75" STYLEREFS="font0"/><SP WIDTH="10" VPOS="521" HPOS="660"/><String ID="p517_w46" CONTENT="vermes" HPOS="670" VPOS="521" WIDTH="124" HEIGHT="75" STYLEREFS="font0"/><SP WIDTH="17" VPOS="521" HPOS="794"/><String ID="p517_w47" CONTENT="molufca." HPOS="811" VPOS="521" WIDTH="151" HEIGHT="75" STYLEREFS="font0"/><SP WIDTH="48" VPOS="521" HPOS="962"/><String ID="p517_w48" CONTENT="The" HPOS="1010" VPOS="521" WIDTH="77" HEIGHT="75" STYLEREFS="font0"/><SP WIDTH="25" VPOS="521" HPOS="1087"/><String ID="p517_w49" CONTENT="body" HPOS="1112" VPOS="521" WIDTH="87" HEIGHT="75" STYLEREFS="font0"/><SP WIDTH="15" VPOS="521" HPOS="1199"/><String ID="p517_w50" CONTENT="is" HPOS="1214" VPOS="521" WIDTH="28" HEIGHT="75" STYLEREFS="font0"/></TextLine><TextLine WIDTH="983" HEIGHT="75" ID="p517_t11" HPOS="257" VPOS="567"><String ID="p517_w51" CONTENT="deprefled," HPOS="257" VPOS="567" WIDTH="175" HEIGHT="75" STYLEREFS="font0"/><SP WIDTH="25" VPOS="567" HPOS="432"/><String ID="p517_w52" CONTENT="with" HPOS="457" VPOS="567" WIDTH="80" HEIGHT="75" STYLEREFS="font0"/><SP WIDTH="27" VPOS="567" HPOS="537"/><String ID="p517_w53" CONTENT="a" HPOS="564" VPOS="567" WIDTH="19" HEIGHT="75" STYLEREFS="font0"/><SP WIDTH="23" VPOS="567" HPOS="583"/><String ID="p517_w54" CONTENT="hard" HPOS="606" VPOS="567" WIDTH="82" HEIGHT="75" STYLEREFS="font0"/><SP WIDTH="16" VPOS="567" HPOS="688"/><String ID="p517_w55" CONTENT="cruft," HPOS="704" VPOS="567" WIDTH="95" HEIGHT="75" STYLEREFS="font0"/><SP WIDTH="25" VPOS="567" HPOS="799"/><String ID="p517_w56" CONTENT="and" HPOS="824" VPOS="567" WIDTH="62" HEIGHT="75" STYLEREFS="font0"/><SP WIDTH="21" VPOS="567" HPOS="886"/><String ID="p517_w57" CONTENT="prickly" HPOS="907" VPOS="567" WIDTH="127" HEIGHT="75" STYLEREFS="font0"/><SP WIDTH="25" VPOS="567" HPOS="1034"/><String ID="p517_w58" CONTENT="tentacular" HPOS="1059" VPOS="567" WIDTH="181" HEIGHT="75" STYLEREFS="font0"/></TextLine><TextLine WIDTH="985" HEIGHT="75" ID="p517_t12" HPOS="258" VPOS="614"><String ID="p517_w59" CONTENT="The" HPOS="258" VPOS="614" WIDTH="76" HEIGHT="75" STYLEREFS="font0"/><SP WIDTH="17" VPOS="614" HPOS="334"/><String ID="p517_w60" CONTENT="mouth" HPOS="351" VPOS="614" WIDTH="111" HEIGHT="75" STYLEREFS="font0"/><SP WIDTH="13" VPOS="614" HPOS="462"/><String ID="p517_w61" CONTENT="is" HPOS="475" VPOS="614" WIDTH="26" HEIGHT="75" STYLEREFS="font0"/><SP WIDTH="12" VPOS="614" HPOS="501"/><String ID="p517_w62" CONTENT="in" HPOS="513" VPOS="614" WIDTH="32" HEIGHT="75" STYLEREFS="font0"/><SP WIDTH="12" VPOS="614" HPOS="545"/><String ID="p517_w63" CONTENT="the" HPOS="557" VPOS="614" WIDTH="56" HEIGHT="75" STYLEREFS="font0"/><SP WIDTH="12" VPOS="614" HPOS="613"/><String ID="p517_w64" CONTENT="centre," HPOS="625" VPOS="614" WIDTH="120" HEIGHT="75" STYLEREFS="font0"/><SP WIDTH="18" VPOS="614" HPOS="745"/><String ID="p517_w65" CONTENT="and" HPOS="763" VPOS="614" WIDTH="62" HEIGHT="75" STYLEREFS="font0"/><SP WIDTH="11" VPOS="614" HPOS="825"/><String ID="p517_w66" CONTENT="has" HPOS="836" VPOS="614" WIDTH="57" HEIGHT="75" STYLEREFS="font0"/><SP WIDTH="17" VPOS="614" HPOS="893"/><String ID="p517_w67" CONTENT="five" HPOS="910" VPOS="614" WIDTH="61" HEIGHT="75" STYLEREFS="font0"/><SP WIDTH="15" VPOS="614" HPOS="971"/><String ID="p517_w68" CONTENT="valves." HPOS="986" VPOS="614" WIDTH="119" HEIGHT="75" STYLEREFS="font0"/><SP WIDTH="26" VPOS="614" HPOS="1105"/><String ID="p517_w69" CONTENT="There" HPOS="1131" VPOS="614" WIDTH="112" HEIGHT="75" STYLEREFS="font0"/></TextLine><TextLine WIDTH="986" HEIGHT="75" ID="p517_t13" HPOS="258" VPOS="660"><String ID="p517_w70" CONTENT="are" HPOS="258" VPOS="660" WIDTH="54" HEIGHT="75" STYLEREFS="font0"/><SP WIDTH="23" VPOS="660" HPOS="312"/><String ID="p517_w71" CONTENT="fixteen" HPOS="335" VPOS="660" WIDTH="122" HEIGHT="75" STYLEREFS="font0"/><SP WIDTH="15" VPOS="660" HPOS="457"/><String ID="p517_w72" CONTENT="fpecies" HPOS="472" VPOS="660" WIDTH="119" HEIGHT="75" STYLEREFS="font0"/><SP WIDTH="27" VPOS="660" HPOS="591"/><String ID="p517_w73" CONTENT="of" HPOS="618" VPOS="660" WIDTH="40" HEIGHT="75" STYLEREFS="font0"/><SP WIDTH="19" VPOS="660" HPOS="658"/><String ID="p517_w74" CONTENT="afterias," HPOS="677" VPOS="660" WIDTH="137" HEIGHT="75" STYLEREFS="font0"/><SP WIDTH="24" VPOS="660" HPOS="814"/><String ID="p517_w75" CONTENT="all" HPOS="838" VPOS="660" WIDTH="44" HEIGHT="75" STYLEREFS="font0"/><SP WIDTH="27" VPOS="660" HPOS="882"/><String ID="p517_w76" CONTENT="found" HPOS="909" VPOS="660" WIDTH="101" HEIGHT="75" STYLEREFS="font0"/><SP WIDTH="22" VPOS="660" HPOS="1010"/><String ID="p517_w77" CONTENT="in" HPOS="1032" VPOS="660" WIDTH="34" HEIGHT="75" STYLEREFS="font0"/><SP WIDTH="26" VPOS="660" HPOS="1066"/><String ID="p517_w78" CONTENT="different" HPOS="1092" VPOS="660" WIDTH="152" HEIGHT="75" STYLEREFS="font0"/></TextLine><TextLine WIDTH="81" HEIGHT="75" ID="p517_t14" HPOS="258" VPOS="706"><String ID="p517_w79" CONTENT="feas." HPOS="258" VPOS="706" WIDTH="81" HEIGHT="75" STYLEREFS="font0"/></TextLine><TextLine WIDTH="1032" HEIGHT="75" ID="p517_t15" HPOS="210" VPOS="751"><String ID="p517_w80" CONTENT="ASTERISCUS," HPOS="210" VPOS="751" WIDTH="316" HEIGHT="75" STYLEREFS="font0"/><SP WIDTH="25" VPOS="751" HPOS="526"/><String ID="p517_w81" CONTENT="in" HPOS="551" VPOS="751" WIDTH="32" HEIGHT="75" STYLEREFS="font0"/><SP WIDTH="16" VPOS="751" HPOS="583"/><String ID="p517_w82" CONTENT="botany," HPOS="599" VPOS="751" WIDTH="132" HEIGHT="75" STYLEREFS="font0"/><SP WIDTH="25" VPOS="751" HPOS="731"/><String ID="p517_w83" CONTENT="a" HPOS="756" VPOS="751" WIDTH="19" HEIGHT="75" STYLEREFS="font0"/><SP WIDTH="25" VPOS="751" HPOS="775"/><String ID="p517_w84" CONTENT="fynonime" HPOS="800" VPOS="751" WIDTH="161" HEIGHT="75" STYLEREFS="font0"/><SP WIDTH="27" VPOS="751" HPOS="961"/><String ID="p517_w85" CONTENT="of" HPOS="988" VPOS="751" WIDTH="41" HEIGHT="75" STYLEREFS="font0"/><SP WIDTH="21" VPOS="751" HPOS="1029"/><String ID="p517_w86" CONTENT="the" HPOS="1050" VPOS="751" WIDTH="57" HEIGHT="75" STYLEREFS="font0"/><SP WIDTH="24" VPOS="751" HPOS="1107"/><String ID="p517_w87" CONTENT="anthe-" HPOS="1131" VPOS="751" WIDTH="111" HEIGHT="75" STYLEREFS="font0"/></TextLine><TextLine WIDTH="425" HEIGHT="75" ID="p517_t16" HPOS="260" VPOS="798"><String ID="p517_w88" CONTENT="mis." HPOS="260" VPOS="798" WIDTH="72" HEIGHT="75" STYLEREFS="font0"/><SP WIDTH="51" VPOS="798" HPOS="332"/><String ID="p517_w89" CONTENT="See" HPOS="383" VPOS="798" WIDTH="61" HEIGHT="75" STYLEREFS="font0"/><SP WIDTH="16" VPOS="798" HPOS="444"/><String ID="p517_w90" CONTENT="Anthemis." HPOS="460" VPOS="798" WIDTH="225" HEIGHT="75" STYLEREFS="font0"/></TextLine><TextLine WIDTH="1034" HEIGHT="75" ID="p517_t17" HPOS="209" VPOS="844"><String ID="p517_w91" CONTENT="ASTERISK," HPOS="209" VPOS="844" WIDTH="255" HEIGHT="75" STYLEREFS="font0"/><SP WIDTH="25" VPOS="844" HPOS="464"/><String ID="p517_w92" CONTENT="a" HPOS="489" VPOS="844" WIDTH="19" HEIGHT="75" STYLEREFS="font0"/><SP WIDTH="15" VPOS="844" HPOS="508"/><String ID="p517_w93" CONTENT="mark" HPOS="523" VPOS="844" WIDTH="91" HEIGHT="75" STYLEREFS="font0"/><SP WIDTH="15" VPOS="844" HPOS="614"/><String ID="p517_w94" CONTENT="in" HPOS="629" VPOS="844" WIDTH="32" HEIGHT="75" STYLEREFS="font0"/><SP WIDTH="17" VPOS="844" HPOS="661"/><String ID="p517_w95" CONTENT="form" HPOS="678" VPOS="844" WIDTH="83" HEIGHT="75" STYLEREFS="font0"/><SP WIDTH="16" VPOS="844" HPOS="761"/><String ID="p517_w96" CONTENT="of" HPOS="777" VPOS="844" WIDTH="41" HEIGHT="75" STYLEREFS="font0"/><SP WIDTH="10" VPOS="844" HPOS="818"/><String ID="p517_w97" CONTENT="a" HPOS="828" VPOS="844" WIDTH="19" HEIGHT="75" STYLEREFS="font0"/><SP WIDTH="15" VPOS="844" HPOS="847"/><String ID="p517_w98" CONTENT="ftar," HPOS="862" VPOS="844" WIDTH="74" HEIGHT="75" STYLEREFS="font0"/><SP WIDTH="19" VPOS="844" HPOS="936"/><String ID="p517_w99" CONTENT="*," HPOS="955" VPOS="844" WIDTH="34" HEIGHT="75" STYLEREFS="font0"/><SP WIDTH="18" VPOS="844" HPOS="989"/><String ID="p517_w100" CONTENT="placed" HPOS="1007" VPOS="844" WIDTH="113" HEIGHT="75" STYLEREFS="font0"/><SP WIDTH="10" VPOS="844" HPOS="1120"/><String ID="p517_w101" CONTENT="over" HPOS="1130" VPOS="844" WIDTH="78" HEIGHT="75" STYLEREFS="font0"/><SP WIDTH="16" VPOS="844" HPOS="1208"/><String ID="p517_w102" CONTENT="a" HPOS="1224" VPOS="844" WIDTH="19" HEIGHT="75" STYLEREFS="font0"/></TextLine><TextLine WIDTH="982" HEIGHT="75" ID="p517_t18" HPOS="258" VPOS="890"><String ID="p517_w103" CONTENT="word" HPOS="258" VPOS="890" WIDTH="88" HEIGHT="75" STYLEREFS="font0"/><SP WIDTH="17" VPOS="890" HPOS="346"/><String ID="p517_w104" CONTENT="or" HPOS="363" VPOS="890" WIDTH="38" HEIGHT="75" STYLEREFS="font0"/><SP WIDTH="15" VPOS="890" HPOS="401"/><String ID="p517_w105" CONTENT="fentence," HPOS="416" VPOS="890" WIDTH="158" HEIGHT="75" STYLEREFS="font0"/><SP WIDTH="25" VPOS="890" HPOS="574"/><String ID="p517_w106" CONTENT="to" HPOS="599" VPOS="890" WIDTH="35" HEIGHT="75" STYLEREFS="font0"/><SP WIDTH="21" VPOS="890" HPOS="634"/><String ID="p517_w107" CONTENT="refer" HPOS="655" VPOS="890" WIDTH="85" HEIGHT="75" STYLEREFS="font0"/><SP WIDTH="23" VPOS="890" HPOS="740"/><String ID="p517_w108" CONTENT="the" HPOS="763" VPOS="890" WIDTH="56" HEIGHT="75" STYLEREFS="font0"/><SP WIDTH="16" VPOS="890" HPOS="819"/><String ID="p517_w109" CONTENT="reader" HPOS="835" VPOS="890" WIDTH="111" HEIGHT="75" STYLEREFS="font0"/><SP WIDTH="15" VPOS="890" HPOS="946"/><String ID="p517_w110" CONTENT="to" HPOS="961" VPOS="890" WIDTH="35" HEIGHT="75" STYLEREFS="font0"/><SP WIDTH="28" VPOS="890" HPOS="996"/><String ID="p517_w111" CONTENT="the" HPOS="1024" VPOS="890" WIDTH="55" HEIGHT="75" STYLEREFS="font0"/><SP WIDTH="25" VPOS="890" HPOS="1079"/><String ID="p517_w112" CONTENT="margin," HPOS="1104" VPOS="890" WIDTH="136" HEIGHT="75" STYLEREFS="font0"/></TextLine><TextLine WIDTH="983" HEIGHT="75" ID="p517_t19" HPOS="259" VPOS="937"><String ID="p517_w113" CONTENT="or" HPOS="259" VPOS="937" WIDTH="37" HEIGHT="75" STYLEREFS="font0"/><SP WIDTH="26" VPOS="937" HPOS="296"/><String ID="p517_w114" CONTENT="elfewhere," HPOS="322" VPOS="937" WIDTH="183" HEIGHT="75" STYLEREFS="font0"/><SP WIDTH="34" VPOS="937" HPOS="505"/><String ID="p517_w115" CONTENT="for" HPOS="539" VPOS="937" WIDTH="52" HEIGHT="75" STYLEREFS="font0"/><SP WIDTH="25" VPOS="937" HPOS="591"/><String ID="p517_w116" CONTENT="a" HPOS="616" VPOS="937" WIDTH="20" HEIGHT="75" STYLEREFS="font0"/><SP WIDTH="26" VPOS="937" HPOS="636"/><String ID="p517_w117" CONTENT="quotation," HPOS="662" VPOS="937" WIDTH="185" HEIGHT="75" STYLEREFS="font0"/><SP WIDTH="24" VPOS="937" HPOS="847"/><String ID="p517_w118" CONTENT="explanation," HPOS="871" VPOS="937" WIDTH="220" HEIGHT="75" STYLEREFS="font0"/><SP WIDTH="28" VPOS="937" HPOS="1091"/><String ID="p517_w119" CONTENT="or" HPOS="1119" VPOS="937" WIDTH="38" HEIGHT="75" STYLEREFS="font0"/><SP WIDTH="28" VPOS="937" HPOS="1157"/><String ID="p517_w120" CONTENT="the" HPOS="1185" VPOS="937" WIDTH="57" HEIGHT="75" STYLEREFS="font0"/></TextLine><TextLine WIDTH="76" HEIGHT="75" ID="p517_t20" HPOS="258" VPOS="982"><String ID="p517_w121" CONTENT="like." HPOS="258" VPOS="982" WIDTH="76" HEIGHT="75" STYLEREFS="font0"/></TextLine><TextLine WIDTH="1031" HEIGHT="75" ID="p517_t21" HPOS="208" VPOS="1027"><String ID="p517_w122" CONTENT="ASTEROCEPHALUS," HPOS="208" VPOS="1027" WIDTH="468" HEIGHT="75" STYLEREFS="font0"/><SP WIDTH="25" VPOS="1027" HPOS="676"/><String ID="p517_w123" CONTENT="in" HPOS="701" VPOS="1027" WIDTH="33" HEIGHT="75" STYLEREFS="font0"/><SP WIDTH="25" VPOS="1027" HPOS="734"/><String ID="p517_w124" CONTENT="botany." HPOS="759" VPOS="1027" WIDTH="136" HEIGHT="75" STYLEREFS="font0"/><SP WIDTH="17" VPOS="1027" HPOS="895"/><String ID="p517_w125" CONTENT="-" HPOS="912" VPOS="1027" WIDTH="7" HEIGHT="75" STYLEREFS="font0"/><SP WIDTH="26" VPOS="1027" HPOS="919"/><String ID="p517_w126" CONTENT="See" HPOS="945" VPOS="1027" WIDTH="63" HEIGHT="75" STYLEREFS="font0"/><SP WIDTH="24" VPOS="1027" HPOS="1008"/><String ID="p517_w127" CONTENT="Scabiosa." HPOS="1032" VPOS="1027" WIDTH="207" HEIGHT="75" STYLEREFS="font0"/></TextLine><TextLine WIDTH="989" HEIGHT="75" ID="p517_t22" HPOS="213" VPOS="1074"><String ID="p517_w128" CONTENT="ASTEROIDES," HPOS="213" VPOS="1074" WIDTH="324" HEIGHT="75" STYLEREFS="font0"/><SP WIDTH="24" VPOS="1074" HPOS="537"/><String ID="p517_w129" CONTENT="in" HPOS="561" VPOS="1074" WIDTH="32" HEIGHT="75" STYLEREFS="font0"/><SP WIDTH="24" VPOS="1074" HPOS="593"/><String ID="p517_w130" CONTENT="botany." HPOS="617" VPOS="1074" WIDTH="134" HEIGHT="75" STYLEREFS="font0"/><SP WIDTH="49" VPOS="1074" HPOS="751"/><String ID="p517_w131" CONTENT="See" HPOS="800" VPOS="1074" WIDTH="62" HEIGHT="75" STYLEREFS="font0"/><SP WIDTH="16" VPOS="1074" HPOS="862"/><String ID="p517_w132" CONTENT="Buphthalmum." HPOS="878" VPOS="1074" WIDTH="324" HEIGHT="75" STYLEREFS="font0"/></TextLine><TextLine WIDTH="1038" HEIGHT="75" ID="p517_t23" HPOS="210" VPOS="1120"><String ID="p517_w133" CONTENT="ASTEROPODIUM," HPOS="210" VPOS="1120" WIDTH="405" HEIGHT="75" STYLEREFS="font0"/><SP WIDTH="33" VPOS="1120" HPOS="615"/><String ID="p517_w134" CONTENT="a" HPOS="648" VPOS="1120" WIDTH="18" HEIGHT="75" STYLEREFS="font0"/><SP WIDTH="26" VPOS="1120" HPOS="666"/><String ID="p517_w135" CONTENT="kind" HPOS="692" VPOS="1120" WIDTH="79" HEIGHT="75" STYLEREFS="font0"/><SP WIDTH="26" VPOS="1120" HPOS="771"/><String ID="p517_w136" CONTENT="of" HPOS="797" VPOS="1120" WIDTH="41" HEIGHT="75" STYLEREFS="font0"/><SP WIDTH="22" VPOS="1120" HPOS="838"/><String ID="p517_w137" CONTENT="extraneous" HPOS="860" VPOS="1120" WIDTH="192" HEIGHT="75" STYLEREFS="font0"/><SP WIDTH="28" VPOS="1120" HPOS="1052"/><String ID="p517_w138" CONTENT="foffil," HPOS="1080" VPOS="1120" WIDTH="92" HEIGHT="75" STYLEREFS="font0"/><SP WIDTH="35" VPOS="1120" HPOS="1172"/><String ID="p517_w139" CONTENT="of" HPOS="1207" VPOS="1120" WIDTH="41" HEIGHT="75" STYLEREFS="font0"/></TextLine><TextLine WIDTH="983" HEIGHT="75" ID="p517_t24" HPOS="259" VPOS="1166"><String ID="p517_w140" CONTENT="the" HPOS="259" VPOS="1166" WIDTH="54" HEIGHT="75" STYLEREFS="font0"/><SP WIDTH="15" VPOS="1166" HPOS="313"/><String ID="p517_w141" CONTENT="fame" HPOS="328" VPOS="1166" WIDTH="83" HEIGHT="75" STYLEREFS="font0"/><SP WIDTH="25" VPOS="1166" HPOS="411"/><String ID="p517_w142" CONTENT="fubftance" HPOS="436" VPOS="1166" WIDTH="158" HEIGHT="75" STYLEREFS="font0"/><SP WIDTH="16" VPOS="1166" HPOS="594"/><String ID="p517_w143" CONTENT="with" HPOS="610" VPOS="1166" WIDTH="79" HEIGHT="75" STYLEREFS="font0"/><SP WIDTH="20" VPOS="1166" HPOS="689"/><String ID="p517_w144" CONTENT="the" HPOS="709" VPOS="1166" WIDTH="55" HEIGHT="75" STYLEREFS="font0"/><SP WIDTH="17" VPOS="1166" HPOS="764"/><String ID="p517_w145" CONTENT="afteriae,-" HPOS="781" VPOS="1166" WIDTH="131" HEIGHT="75" STYLEREFS="font0"/><SP WIDTH="23" VPOS="1166" HPOS="912"/><String ID="p517_w146" CONTENT="or" HPOS="935" VPOS="1166" WIDTH="38" HEIGHT="75" STYLEREFS="font0"/><SP WIDTH="16" VPOS="1166" HPOS="973"/><String ID="p517_w147" CONTENT="ftar-ftones," HPOS="989" VPOS="1166" WIDTH="193" HEIGHT="75" STYLEREFS="font0"/><SP WIDTH="25" VPOS="1166" HPOS="1182"/><String ID="p517_w148" CONTENT="to" HPOS="1207" VPOS="1166" WIDTH="35" HEIGHT="75" STYLEREFS="font0"/></TextLine><TextLine WIDTH="887" HEIGHT="75" ID="p517_t25" HPOS="259" VPOS="1212"><String ID="p517_w149" CONTENT="which" HPOS="259" VPOS="1212" WIDTH="105" HEIGHT="75" STYLEREFS="font0"/><SP WIDTH="17" VPOS="1212" HPOS="364"/><String ID="p517_w150" CONTENT="they" HPOS="381" VPOS="1212" WIDTH="77" HEIGHT="75" STYLEREFS="font0"/><SP WIDTH="16" VPOS="1212" HPOS="458"/><String ID="p517_w151" CONTENT="ferve" HPOS="474" VPOS="1212" WIDTH="87" HEIGHT="75" STYLEREFS="font0"/><SP WIDTH="16" VPOS="1212" HPOS="561"/><String ID="p517_w152" CONTENT="as" HPOS="577" VPOS="1212" WIDTH="34" HEIGHT="75" STYLEREFS="font0"/><SP WIDTH="17" VPOS="1212" HPOS="611"/><String ID="p517_w153" CONTENT="a" HPOS="628" VPOS="1212" WIDTH="19" HEIGHT="75" STYLEREFS="font0"/><SP WIDTH="15" VPOS="1212" HPOS="647"/><String ID="p517_w154" CONTENT="bafe." HPOS="662" VPOS="1212" WIDTH="86" HEIGHT="75" STYLEREFS="font0"/><SP WIDTH="50" VPOS="1212" HPOS="748"/><String ID="p517_w155" CONTENT="See" HPOS="798" VPOS="1212" WIDTH="62" HEIGHT="75" STYLEREFS="font0"/><SP WIDTH="22" VPOS="1212" HPOS="860"/><String ID="p517_w156" CONTENT="Star-stone." HPOS="882" VPOS="1212" WIDTH="264" HEIGHT="75" STYLEREFS="font0"/></TextLine><TextLine WIDTH="1031" HEIGHT="75" ID="p517_t26" HPOS="210" VPOS="1258"><String ID="p517_w157" CONTENT="ASTEROP" HPOS="210" VPOS="1258" WIDTH="223" HEIGHT="75" STYLEREFS="font0"/><SP WIDTH="13" VPOS="1258" HPOS="433"/><String ID="p517_w158" CONTENT="PERUS," HPOS="446" VPOS="1258" WIDTH="165" HEIGHT="75" STYLEREFS="font0"/><SP WIDTH="25" VPOS="1258" HPOS="611"/><String ID="p517_w159" CONTENT="in" HPOS="636" VPOS="1258" WIDTH="33" HEIGHT="75" STYLEREFS="font0"/><SP WIDTH="17" VPOS="1258" HPOS="669"/><String ID="p517_w160" CONTENT="botany," HPOS="686" VPOS="1258" WIDTH="132" HEIGHT="75" STYLEREFS="font0"/><SP WIDTH="26" VPOS="1258" HPOS="818"/><String ID="p517_w161" CONTENT="a" HPOS="844" VPOS="1258" WIDTH="19" HEIGHT="75" STYLEREFS="font0"/><SP WIDTH="15" VPOS="1258" HPOS="863"/><String ID="p517_w162" CONTENT="fynonime" HPOS="878" VPOS="1258" WIDTH="163" HEIGHT="75" STYLEREFS="font0"/><SP WIDTH="16" VPOS="1258" HPOS="1041"/><String ID="p517_w163" CONTENT="of" HPOS="1057" VPOS="1258" WIDTH="41" HEIGHT="75" STYLEREFS="font0"/><SP WIDTH="23" VPOS="1258" HPOS="1098"/><String ID="p517_w164" CONTENT="the" HPOS="1121" VPOS="1258" WIDTH="56" HEIGHT="75" STYLEREFS="font0"/><SP WIDTH="16" VPOS="1258" HPOS="1177"/><String ID="p517_w165" CONTENT="af-" HPOS="1193" VPOS="1258" WIDTH="48" HEIGHT="75" STYLEREFS="font0"/></TextLine><TextLine WIDTH="336" HEIGHT="75" ID="p517_t27" HPOS="260" VPOS="1306"><String ID="p517_w166" CONTENT="ter." HPOS="260" VPOS="1306" WIDTH="61" HEIGHT="75" STYLEREFS="font0"/><SP WIDTH="50" VPOS="1306" HPOS="321"/><String ID="p517_w167" CONTENT="See" HPOS="371" VPOS="1306" WIDTH="62" HEIGHT="75" STYLEREFS="font0"/><SP WIDTH="15" VPOS="1306" HPOS="433"/><String ID="p517_w168" CONTENT="Aster." HPOS="448" VPOS="1306" WIDTH="148" HEIGHT="75" STYLEREFS="font0"/></TextLine><TextLine WIDTH="1030" HEIGHT="75" ID="p517_t28" HPOS="211" VPOS="1352"><String ID="p517_w169" CONTENT="ASTHMA," HPOS="211" VPOS="1352" WIDTH="220" HEIGHT="75" STYLEREFS="font0"/><SP WIDTH="24" VPOS="1352" HPOS="431"/><String ID="p517_w170" CONTENT="in" HPOS="455" VPOS="1352" WIDTH="32" HEIGHT="75" STYLEREFS="font0"/><SP WIDTH="23" VPOS="1352" HPOS="487"/><String ID="p517_w171" CONTENT="medicine," HPOS="510" VPOS="1352" WIDTH="169" HEIGHT="75" STYLEREFS="font0"/><SP WIDTH="25" VPOS="1352" HPOS="679"/><String ID="p517_w172" CONTENT="a" HPOS="704" VPOS="1352" WIDTH="19" HEIGHT="75" STYLEREFS="font0"/><SP WIDTH="17" VPOS="1352" HPOS="723"/><String ID="p517_w173" CONTENT="painful," HPOS="740" VPOS="1352" WIDTH="134" HEIGHT="75" STYLEREFS="font0"/><SP WIDTH="26" VPOS="1352" HPOS="874"/><String ID="p517_w174" CONTENT="difficult," HPOS="900" VPOS="1352" WIDTH="150" HEIGHT="75" STYLEREFS="font0"/><SP WIDTH="22" VPOS="1352" HPOS="1050"/><String ID="p517_w175" CONTENT="and" HPOS="1072" VPOS="1352" WIDTH="64" HEIGHT="75" STYLEREFS="font0"/><SP WIDTH="15" VPOS="1352" HPOS="1136"/><String ID="p517_w176" CONTENT="labo-" HPOS="1151" VPOS="1352" WIDTH="90" HEIGHT="75" STYLEREFS="font0"/></TextLine><TextLine WIDTH="651" HEIGHT="75" ID="p517_t29" HPOS="260" VPOS="1397"><String ID="p517_w177" CONTENT="rious" HPOS="260" VPOS="1397" WIDTH="85" HEIGHT="75" STYLEREFS="font0"/><SP WIDTH="20" VPOS="1397" HPOS="345"/><String ID="p517_w178" CONTENT="refpiration." HPOS="365" VPOS="1397" WIDTH="197" HEIGHT="75" STYLEREFS="font0"/><SP WIDTH="51" VPOS="1397" HPOS="562"/><String ID="p517_w179" CONTENT="See" HPOS="613" VPOS="1397" WIDTH="62" HEIGHT="75" STYLEREFS="font0"/><SP WIDTH="16" VPOS="1397" HPOS="675"/><String ID="p517_w180" CONTENT="Medicine." HPOS="691" VPOS="1397" WIDTH="220" HEIGHT="75" STYLEREFS="font0"/></TextLine><TextLine WIDTH="1029" HEIGHT="75" ID="p517_t30" HPOS="214" VPOS="1443"><String ID="p517_w181" CONTENT="ASTI," HPOS="214" VPOS="1443" WIDTH="125" HEIGHT="75" STYLEREFS="font0"/><SP WIDTH="27" VPOS="1443" HPOS="339"/><String ID="p517_w182" CONTENT="a" HPOS="366" VPOS="1443" WIDTH="17" HEIGHT="75" STYLEREFS="font0"/><SP WIDTH="17" VPOS="1443" HPOS="383"/><String ID="p517_w183" CONTENT="city" HPOS="400" VPOS="1443" WIDTH="67" HEIGHT="75" STYLEREFS="font0"/><SP WIDTH="21" VPOS="1443" HPOS="467"/><String ID="p517_w184" CONTENT="of" HPOS="488" VPOS="1443" WIDTH="41" HEIGHT="75" STYLEREFS="font0"/><SP WIDTH="11" VPOS="1443" HPOS="529"/><String ID="p517_w185" CONTENT="Peidmontj" HPOS="540" VPOS="1443" WIDTH="183" HEIGHT="75" STYLEREFS="font0"/><SP WIDTH="32" VPOS="1443" HPOS="723"/><String ID="p517_w186" CONTENT="in" HPOS="755" VPOS="1443" WIDTH="33" HEIGHT="75" STYLEREFS="font0"/><SP WIDTH="24" VPOS="1443" HPOS="788"/><String ID="p517_w187" CONTENT="Italy," HPOS="812" VPOS="1443" WIDTH="98" HEIGHT="75" STYLEREFS="font0"/><SP WIDTH="25" VPOS="1443" HPOS="910"/><String ID="p517_w188" CONTENT="fituated" HPOS="935" VPOS="1443" WIDTH="136" HEIGHT="75" STYLEREFS="font0"/><SP WIDTH="15" VPOS="1443" HPOS="1071"/><String ID="p517_w189" CONTENT="upon" HPOS="1086" VPOS="1443" WIDTH="85" HEIGHT="75" STYLEREFS="font0"/><SP WIDTH="16" VPOS="1443" HPOS="1171"/><String ID="p517_w190" CONTENT="the" HPOS="1187" VPOS="1443" WIDTH="56" HEIGHT="75" STYLEREFS="font0"/></TextLine><TextLine WIDTH="979" HEIGHT="75" ID="p517_t31" HPOS="261" VPOS="1487"><String ID="p517_w191" CONTENT="river" HPOS="261" VPOS="1487" WIDTH="84" HEIGHT="75" STYLEREFS="font0"/><SP WIDTH="16" VPOS="1487" HPOS="345"/><String ID="p517_w192" CONTENT="Panaro," HPOS="361" VPOS="1487" WIDTH="137" HEIGHT="75" STYLEREFS="font0"/><SP WIDTH="25" VPOS="1487" HPOS="498"/><String ID="p517_w193" CONTENT="about" HPOS="523" VPOS="1487" WIDTH="99" HEIGHT="75" STYLEREFS="font0"/><SP WIDTH="15" VPOS="1487" HPOS="622"/><String ID="p517_w194" CONTENT="thirty" HPOS="637" VPOS="1487" WIDTH="102" HEIGHT="75" STYLEREFS="font0"/><SP WIDTH="16" VPOS="1487" HPOS="739"/><String ID="p517_w195" CONTENT="miles" HPOS="755" VPOS="1487" WIDTH="92" HEIGHT="75" STYLEREFS="font0"/><SP WIDTH="17" VPOS="1487" HPOS="847"/><String ID="p517_w196" CONTENT="eaft" HPOS="864" VPOS="1487" WIDTH="61" HEIGHT="75" STYLEREFS="font0"/><SP WIDTH="22" VPOS="1487" HPOS="925"/><String ID="p517_w197" CONTENT="of" HPOS="947" VPOS="1487" WIDTH="40" HEIGHT="75" STYLEREFS="font0"/><SP WIDTH="15" VPOS="1487" HPOS="987"/><String ID="p517_w198" CONTENT="Turin," HPOS="1002" VPOS="1487" WIDTH="120" HEIGHT="75" STYLEREFS="font0"/><SP WIDTH="25" VPOS="1487" HPOS="1122"/><String ID="p517_w199" CONTENT="in" HPOS="1147" VPOS="1487" WIDTH="33" HEIGHT="75" STYLEREFS="font0"/><SP WIDTH="16" VPOS="1487" HPOS="1180"/><String ID="p517_w200" CONTENT="8°" HPOS="1196" VPOS="1487" WIDTH="44" HEIGHT="75" STYLEREFS="font0"/></TextLine><TextLine WIDTH="601" HEIGHT="75" ID="p517_t32" HPOS="265" VPOS="1517"><String ID="p517_w201" CONTENT="i" HPOS="265" VPOS="1535" WIDTH="13" HEIGHT="75" STYLEREFS="font0"/><SP WIDTH="55" VPOS="1535" HPOS="278"/><String ID="p517_w202" CONTENT="E." HPOS="333" VPOS="1535" WIDTH="43" HEIGHT="75" STYLEREFS="font0"/><SP WIDTH="18" VPOS="1535" HPOS="376"/><String ID="p517_w203" CONTENT="long." HPOS="394" VPOS="1535" WIDTH="89" HEIGHT="75" STYLEREFS="font0"/><SP WIDTH="26" VPOS="1535" HPOS="483"/><String ID="p517_w204" CONTENT="and" HPOS="509" VPOS="1535" WIDTH="63" HEIGHT="75" STYLEREFS="font0"/><SP WIDTH="18" VPOS="1535" HPOS="572"/><String ID="p517_w205" CONTENT="44" HPOS="590" VPOS="1535" WIDTH="44" HEIGHT="75" STYLEREFS="font0"/><String ID="p517_w206" CONTENT="0" HPOS="634" VPOS="1517" WIDTH="20" HEIGHT="49" STYLEREFS="font1"/><SP WIDTH="17" VPOS="1517" HPOS="654"/><String ID="p517_w207" CONTENT="40'" HPOS="671" VPOS="1535" WIDTH="57" HEIGHT="75" STYLEREFS="font0"/><SP WIDTH="15" VPOS="1535" HPOS="728"/><String ID="p517_w208" CONTENT="N." HPOS="743" VPOS="1535" WIDTH="48" HEIGHT="75" STYLEREFS="font0"/><SP WIDTH="16" VPOS="1535" HPOS="791"/><String ID="p517_w209" CONTENT="lat." HPOS="807" VPOS="1535" WIDTH="59" HEIGHT="75" STYLEREFS="font0"/></TextLine><TextLine WIDTH="1025" HEIGHT="75" ID="p517_t33" HPOS="215" VPOS="1582"><String ID="p517_w210" CONTENT="ASTORGA," HPOS="215" VPOS="1582" WIDTH="245" HEIGHT="75" STYLEREFS="font0"/><SP WIDTH="24" VPOS="1582" HPOS="460"/><String ID="p517_w211" CONTENT="a" HPOS="484" VPOS="1582" WIDTH="20" HEIGHT="75" STYLEREFS="font0"/><SP WIDTH="21" VPOS="1582" HPOS="504"/><String ID="p517_w212" CONTENT="city" HPOS="525" VPOS="1582" WIDTH="67" HEIGHT="75" STYLEREFS="font0"/><SP WIDTH="16" VPOS="1582" HPOS="592"/><String ID="p517_w213" CONTENT="of" HPOS="608" VPOS="1582" WIDTH="41" HEIGHT="75" STYLEREFS="font0"/><SP WIDTH="15" VPOS="1582" HPOS="649"/><String ID="p517_w214" CONTENT="the" HPOS="664" VPOS="1582" WIDTH="56" HEIGHT="75" STYLEREFS="font0"/><SP WIDTH="23" VPOS="1582" HPOS="720"/><String ID="p517_w215" CONTENT="province" HPOS="743" VPOS="1582" WIDTH="148" HEIGHT="75" STYLEREFS="font0"/><SP WIDTH="16" VPOS="1582" HPOS="891"/><String ID="p517_w216" CONTENT="of" HPOS="907" VPOS="1582" WIDTH="41" HEIGHT="75" STYLEREFS="font0"/><SP WIDTH="10" VPOS="1582" HPOS="948"/><String ID="p517_w217" CONTENT="Leon,'in" HPOS="958" VPOS="1582" WIDTH="155" HEIGHT="75" STYLEREFS="font0"/><SP WIDTH="17" VPOS="1582" HPOS="1113"/><String ID="p517_w218" CONTENT="Spain," HPOS="1130" VPOS="1582" WIDTH="110" HEIGHT="75" STYLEREFS="font0"/></TextLine><TextLine WIDTH="984" HEIGHT="75" ID="p517_t34" HPOS="259" VPOS="1628"><String ID="p517_w219" CONTENT="fituated" HPOS="259" VPOS="1628" WIDTH="134" HEIGHT="75" STYLEREFS="font0"/><SP WIDTH="25" VPOS="1628" HPOS="393"/><String ID="p517_w220" CONTENT="upon" HPOS="418" VPOS="1628" WIDTH="85" HEIGHT="75" STYLEREFS="font0"/><SP WIDTH="27" VPOS="1628" HPOS="503"/><String ID="p517_w221" CONTENT="the" HPOS="530" VPOS="1628" WIDTH="56" HEIGHT="75" STYLEREFS="font0"/><SP WIDTH="36" VPOS="1628" HPOS="586"/><String ID="p517_w222" CONTENT="river" HPOS="622" VPOS="1628" WIDTH="82" HEIGHT="75" STYLEREFS="font0"/><SP WIDTH="31" VPOS="1628" HPOS="704"/><String ID="p517_w223" CONTENT="Inerto," HPOS="735" VPOS="1628" WIDTH="123" HEIGHT="75" STYLEREFS="font0"/><SP WIDTH="37" VPOS="1628" HPOS="858"/><String ID="p517_w224" CONTENT="about" HPOS="895" VPOS="1628" WIDTH="97" HEIGHT="75" STYLEREFS="font0"/><SP WIDTH="26" VPOS="1628" HPOS="992"/><String ID="p517_w225" CONTENT="thirty" HPOS="1018" VPOS="1628" WIDTH="104" HEIGHT="75" STYLEREFS="font0"/><SP WIDTH="29" VPOS="1628" HPOS="1122"/><String ID="p517_w226" CONTENT="miles" HPOS="1151" VPOS="1628" WIDTH="92" HEIGHT="75" STYLEREFS="font0"/></TextLine><TextLine WIDTH="984" HEIGHT="75" ID="p517_t35" HPOS="259" VPOS="1656"><String ID="p517_w227" CONTENT="fouth-weft" HPOS="259" VPOS="1674" WIDTH="185" HEIGHT="75" STYLEREFS="font0"/><SP WIDTH="22" VPOS="1674" HPOS="444"/><String ID="p517_w228" CONTENT="of" HPOS="466" VPOS="1674" WIDTH="41" HEIGHT="75" STYLEREFS="font0"/><SP WIDTH="10" VPOS="1674" HPOS="507"/><String ID="p517_w229" CONTENT="Leon," HPOS="517" VPOS="1674" WIDTH="106" HEIGHT="75" STYLEREFS="font0"/><SP WIDTH="23" VPOS="1674" HPOS="623"/><String ID="p517_w230" CONTENT="in" HPOS="646" VPOS="1674" WIDTH="33" HEIGHT="75" STYLEREFS="font0"/><SP WIDTH="17" VPOS="1674" HPOS="679"/><String ID="p517_w231" CONTENT="6°" HPOS="696" VPOS="1674" WIDTH="45" HEIGHT="75" STYLEREFS="font0"/><SP WIDTH="18" VPOS="1674" HPOS="741"/><String ID="p517_w232" CONTENT="20'" HPOS="759" VPOS="1674" WIDTH="56" HEIGHT="75" STYLEREFS="font0"/><SP WIDTH="17" VPOS="1674" HPOS="815"/><String ID="p517_w233" CONTENT="W." HPOS="832" VPOS="1674" WIDTH="62" HEIGHT="75" STYLEREFS="font0"/><SP WIDTH="16" VPOS="1674" HPOS="894"/><String ID="p517_w234" CONTENT="long," HPOS="910" VPOS="1674" WIDTH="90" HEIGHT="75" STYLEREFS="font0"/><SP WIDTH="24" VPOS="1674" HPOS="1000"/><String ID="p517_w235" CONTENT="and" HPOS="1024" VPOS="1674" WIDTH="64" HEIGHT="75" STYLEREFS="font0"/><SP WIDTH="17" VPOS="1674" HPOS="1088"/><String ID="p517_w236" CONTENT="42" HPOS="1105" VPOS="1674" WIDTH="43" HEIGHT="75" STYLEREFS="font0"/><String ID="p517_w237" CONTENT="0" HPOS="1148" VPOS="1656" WIDTH="23" HEIGHT="49" STYLEREFS="font1"/><SP WIDTH="16" VPOS="1656" HPOS="1171"/><String ID="p517_w238" CONTENT="20'" HPOS="1187" VPOS="1674" WIDTH="56" HEIGHT="75" STYLEREFS="font0"/></TextLine><TextLine WIDTH="122" HEIGHT="75" ID="p517_t36" HPOS="262" VPOS="1721"><String ID="p517_w239" CONTENT="N." HPOS="262" VPOS="1721" WIDTH="47" HEIGHT="75" STYLEREFS="font0"/><SP WIDTH="18" VPOS="1721" HPOS="309"/><String ID="p517_w240" CONTENT="lat." HPOS="327" VPOS="1721" WIDTH="57" HEIGHT="75" STYLEREFS="font0"/></TextLine><TextLine WIDTH="1029" HEIGHT="75" ID="p517_t37" HPOS="214" VPOS="1766"><String ID="p517_w241" CONTENT="ASTOUR," HPOS="214" VPOS="1766" WIDTH="211" HEIGHT="75" STYLEREFS="font0"/><SP WIDTH="23" VPOS="1766" HPOS="425"/><String ID="p517_w242" CONTENT="in" HPOS="448" VPOS="1766" WIDTH="35" HEIGHT="75" STYLEREFS="font0"/><SP WIDTH="17" VPOS="1766" HPOS="483"/><String ID="p517_w243" CONTENT="commerce," HPOS="500" VPOS="1766" WIDTH="190" HEIGHT="75" STYLEREFS="font0"/><SP WIDTH="25" VPOS="1766" HPOS="690"/><String ID="p517_w244" CONTENT="a" HPOS="715" VPOS="1766" WIDTH="19" HEIGHT="75" STYLEREFS="font0"/><SP WIDTH="22" VPOS="1766" HPOS="734"/><String ID="p517_w245" CONTENT="term" HPOS="756" VPOS="1766" WIDTH="84" HEIGHT="75" STYLEREFS="font0"/><SP WIDTH="18" VPOS="1766" HPOS="840"/><String ID="p517_w246" CONTENT="in" HPOS="858" VPOS="1766" WIDTH="34" HEIGHT="75" STYLEREFS="font0"/><SP WIDTH="19" VPOS="1766" HPOS="892"/><String ID="p517_w247" CONTENT="the" HPOS="911" VPOS="1766" WIDTH="56" HEIGHT="75" STYLEREFS="font0"/><SP WIDTH="16" VPOS="1766" HPOS="967"/><String ID="p517_w248" CONTENT="E." HPOS="983" VPOS="1766" WIDTH="44" HEIGHT="75" STYLEREFS="font0"/><SP WIDTH="18" VPOS="1766" HPOS="1027"/><String ID="p517_w249" CONTENT="Indies," HPOS="1045" VPOS="1766" WIDTH="121" HEIGHT="75" STYLEREFS="font0"/><SP WIDTH="25" VPOS="1766" HPOS="1166"/><String ID="p517_w250" CONTENT="for" HPOS="1191" VPOS="1766" WIDTH="52" HEIGHT="75" STYLEREFS="font0"/></TextLine><TextLine WIDTH="978" HEIGHT="75" ID="p517_t38" HPOS="264" VPOS="1812"><String ID="p517_w251" CONTENT="what" HPOS="264" VPOS="1812" WIDTH="86" HEIGHT="75" STYLEREFS="font0"/><SP WIDTH="15" VPOS="1812" HPOS="350"/><String ID="p517_w252" CONTENT="in" HPOS="365" VPOS="1812" WIDTH="31" HEIGHT="75" STYLEREFS="font0"/><SP WIDTH="18" VPOS="1812" HPOS="396"/><String ID="p517_w253" CONTENT="England" HPOS="414" VPOS="1812" WIDTH="150" HEIGHT="75" STYLEREFS="font0"/><SP WIDTH="16" VPOS="1812" HPOS="564"/><String ID="p517_w254" CONTENT="we" HPOS="580" VPOS="1812" WIDTH="50" HEIGHT="75" STYLEREFS="font0"/><SP WIDTH="16" VPOS="1812" HPOS="630"/><String ID="p517_w255" CONTENT="call" HPOS="646" VPOS="1812" WIDTH="62" HEIGHT="75" STYLEREFS="font0"/><SP WIDTH="16" VPOS="1812" HPOS="708"/><String ID="p517_w256" CONTENT="difcount." HPOS="724" VPOS="1812" WIDTH="159" HEIGHT="75" STYLEREFS="font0"/><SP WIDTH="56" VPOS="1812" HPOS="883"/><String ID="p517_w257" CONTENT="See" HPOS="939" VPOS="1812" WIDTH="63" HEIGHT="75" STYLEREFS="font0"/><SP WIDTH="17" VPOS="1812" HPOS="1002"/><String ID="p517_w258" CONTENT="Discount." HPOS="1019" VPOS="1812" WIDTH="223" HEIGHT="75" STYLEREFS="font0"/></TextLine><TextLine WIDTH="1034" HEIGHT="75" ID="p517_t39" HPOS="215" VPOS="1861"><String ID="p517_w259" CONTENT="ASTRACAN," HPOS="215" VPOS="1861" WIDTH="278" HEIGHT="75" STYLEREFS="font0"/><SP WIDTH="26" VPOS="1861" HPOS="493"/><String ID="p517_w260" CONTENT="a" HPOS="519" VPOS="1861" WIDTH="19" HEIGHT="75" STYLEREFS="font0"/><SP WIDTH="17" VPOS="1861" HPOS="538"/><String ID="p517_w261" CONTENT="city" HPOS="555" VPOS="1861" WIDTH="67" HEIGHT="75" STYLEREFS="font0"/><SP WIDTH="19" VPOS="1861" HPOS="622"/><String ID="p517_w262" CONTENT="of" HPOS="641" VPOS="1861" WIDTH="41" HEIGHT="75" STYLEREFS="font0"/><SP WIDTH="22" VPOS="1861" HPOS="682"/><String ID="p517_w263" CONTENT="Afiatic" HPOS="704" VPOS="1861" WIDTH="121" HEIGHT="75" STYLEREFS="font0"/><SP WIDTH="19" VPOS="1861" HPOS="825"/><String ID="p517_w264" CONTENT="Ruffia," HPOS="844" VPOS="1861" WIDTH="119" HEIGHT="75" STYLEREFS="font0"/><SP WIDTH="26" VPOS="1861" HPOS="963"/><String ID="p517_w265" CONTENT="and" HPOS="989" VPOS="1861" WIDTH="63" HEIGHT="75" STYLEREFS="font0"/><SP WIDTH="23" VPOS="1861" HPOS="1052"/><String ID="p517_w266" CONTENT="capital" HPOS="1075" VPOS="1861" WIDTH="116" HEIGHT="75" STYLEREFS="font0"/><SP WIDTH="17" VPOS="1861" HPOS="1191"/><String ID="p517_w267" CONTENT="of" HPOS="1208" VPOS="1861" WIDTH="41" HEIGHT="75" STYLEREFS="font0"/></TextLine><TextLine WIDTH="979" HEIGHT="75" ID="p517_t40" HPOS="264" VPOS="1906"><String ID="p517_w268" CONTENT="a" HPOS="264" VPOS="1906" WIDTH="18" HEIGHT="75" STYLEREFS="font0"/><SP WIDTH="16" VPOS="1906" HPOS="282"/><String ID="p517_w269" CONTENT="kingdom" HPOS="298" VPOS="1906" WIDTH="153" HEIGHT="75" STYLEREFS="font0"/><SP WIDTH="25" VPOS="1906" HPOS="451"/><String ID="p517_w270" CONTENT="of" HPOS="476" VPOS="1906" WIDTH="41" HEIGHT="75" STYLEREFS="font0"/><SP WIDTH="19" VPOS="1906" HPOS="517"/><String ID="p517_w271" CONTENT="the&quot;" HPOS="536" VPOS="1906" WIDTH="66" HEIGHT="75" STYLEREFS="font0"/><SP WIDTH="11" VPOS="1906" HPOS="602"/><String ID="p517_w272" CONTENT="fame" HPOS="613" VPOS="1906" WIDTH="84" HEIGHT="75" STYLEREFS="font0"/><SP WIDTH="23" VPOS="1906" HPOS="697"/><String ID="p517_w273" CONTENT="name." HPOS="720" VPOS="1906" WIDTH="105" HEIGHT="75" STYLEREFS="font0"/><SP WIDTH="60" VPOS="1906" HPOS="825"/><String ID="p517_w274" CONTENT="It" HPOS="885" VPOS="1906" WIDTH="32" HEIGHT="75" STYLEREFS="font0"/><SP WIDTH="17" VPOS="1906" HPOS="917"/><String ID="p517_w275" CONTENT="is" HPOS="934" VPOS="1906" WIDTH="26" HEIGHT="75" STYLEREFS="font0"/><SP WIDTH="18" VPOS="1906" HPOS="960"/><String ID="p517_w276" CONTENT="fituated" HPOS="978" VPOS="1906" WIDTH="135" HEIGHT="75" STYLEREFS="font0"/><SP WIDTH="16" VPOS="1906" HPOS="1113"/><String ID="p517_w277" CONTENT="on" HPOS="1129" VPOS="1906" WIDTH="41" HEIGHT="75" STYLEREFS="font0"/><SP WIDTH="17" VPOS="1906" HPOS="1170"/><String ID="p517_w278" CONTENT="the" HPOS="1187" VPOS="1906" WIDTH="56" HEIGHT="75" STYLEREFS="font0"/></TextLine><TextLine WIDTH="982" HEIGHT="75" ID="p517_t41" HPOS="261" VPOS="1952"><String ID="p517_w279" CONTENT="eaftern" HPOS="261" VPOS="1952" WIDTH="119" HEIGHT="75" STYLEREFS="font0"/><SP WIDTH="17" VPOS="1952" HPOS="380"/><String ID="p517_w280" CONTENT="ffiore" HPOS="397" VPOS="1952" WIDTH="89" HEIGHT="75" STYLEREFS="font0"/><SP WIDTH="22" VPOS="1952" HPOS="486"/><String ID="p517_w281" CONTENT="of" HPOS="508" VPOS="1952" WIDTH="42" HEIGHT="75" STYLEREFS="font0"/><SP WIDTH="10" VPOS="1952" HPOS="550"/><String ID="p517_w282" CONTENT="the" HPOS="560" VPOS="1952" WIDTH="55" HEIGHT="75" STYLEREFS="font0"/><SP WIDTH="16" VPOS="1952" HPOS="615"/><String ID="p517_w283" CONTENT="river" HPOS="631" VPOS="1952" WIDTH="85" HEIGHT="75" STYLEREFS="font0"/><SP WIDTH="26" VPOS="1952" HPOS="716"/><String ID="p517_w284" CONTENT="Wolga," HPOS="742" VPOS="1952" WIDTH="136" HEIGHT="75" STYLEREFS="font0"/><SP WIDTH="26" VPOS="1952" HPOS="878"/><String ID="p517_w285" CONTENT="about" HPOS="904" VPOS="1952" WIDTH="98" HEIGHT="75" STYLEREFS="font0"/><SP WIDTH="24" VPOS="1952" HPOS="1002"/><String ID="p517_w286" CONTENT="eighty" HPOS="1026" VPOS="1952" WIDTH="111" HEIGHT="75" STYLEREFS="font0"/><SP WIDTH="15" VPOS="1952" HPOS="1137"/><String ID="p517_w287" CONTENT="miles" HPOS="1152" VPOS="1952" WIDTH="91" HEIGHT="75" STYLEREFS="font0"/></TextLine><TextLine WIDTH="981" HEIGHT="75" ID="p517_t42" HPOS="261" VPOS="1983"><String ID="p517_w288" CONTENT="north" HPOS="261" VPOS="2001" WIDTH="96" HEIGHT="75" STYLEREFS="font0"/><SP WIDTH="24" VPOS="2001" HPOS="357"/><String ID="p517_w289" CONTENT="of" HPOS="381" VPOS="2001" WIDTH="40" HEIGHT="75" STYLEREFS="font0"/><SP WIDTH="17" VPOS="2001" HPOS="421"/><String ID="p517_w290" CONTENT="the" HPOS="438" VPOS="2001" WIDTH="56" HEIGHT="75" STYLEREFS="font0"/><SP WIDTH="19" VPOS="2001" HPOS="494"/><String ID="p517_w291" CONTENT="Cafpian" HPOS="513" VPOS="2001" WIDTH="139" HEIGHT="75" STYLEREFS="font0"/><SP WIDTH="17" VPOS="2001" HPOS="652"/><String ID="p517_w292" CONTENT="fea," HPOS="669" VPOS="2001" WIDTH="65" HEIGHT="75" STYLEREFS="font0"/><SP WIDTH="23" VPOS="2001" HPOS="734"/><String ID="p517_w293" CONTENT="in" HPOS="757" VPOS="2001" WIDTH="34" HEIGHT="75" STYLEREFS="font0"/><SP WIDTH="28" VPOS="2001" HPOS="791"/><String ID="p517_w294" CONTENT="52" HPOS="819" VPOS="2001" WIDTH="43" HEIGHT="75" STYLEREFS="font0"/><String ID="p517_w295" CONTENT="0" HPOS="862" VPOS="1983" WIDTH="24" HEIGHT="49" STYLEREFS="font1"/><SP WIDTH="26" VPOS="1983" HPOS="886"/><String ID="p517_w296" CONTENT="E." HPOS="912" VPOS="2001" WIDTH="44" HEIGHT="75" STYLEREFS="font0"/><SP WIDTH="17" VPOS="2001" HPOS="956"/><String ID="p517_w297" CONTENT="long," HPOS="973" VPOS="2001" WIDTH="89" HEIGHT="75" STYLEREFS="font0"/><SP WIDTH="26" VPOS="2001" HPOS="1062"/><String ID="p517_w298" CONTENT="and" HPOS="1088" VPOS="2001" WIDTH="63" HEIGHT="75" STYLEREFS="font0"/><SP WIDTH="23" VPOS="2001" HPOS="1151"/><String ID="p517_w299" CONTENT="47" HPOS="1174" VPOS="2001" WIDTH="43" HEIGHT="75" STYLEREFS="font0"/><String ID="p517_w300" CONTENT="0" HPOS="1217" VPOS="1983" WIDTH="25" HEIGHT="49" STYLEREFS="font1"/></TextLine><TextLine WIDTH="197" HEIGHT="104" ID="p517_t43" HPOS="196" VPOS="2018"><String ID="p517_w301" CONTENT="■" HPOS="196" VPOS="2018" WIDTH="5" HEIGHT="104" STYLEREFS="font2"/><SP WIDTH="61" VPOS="2018" HPOS="201"/><String ID="p517_w302" CONTENT="N." HPOS="262" VPOS="2044" WIDTH="50" HEIGHT="75" STYLEREFS="font0"/><SP WIDTH="24" VPOS="2044" HPOS="312"/><String ID="p517_w303" CONTENT="lat." HPOS="336" VPOS="2044" WIDTH="57" HEIGHT="75" STYLEREFS="font0"/></TextLine><TextLine WIDTH="1029" HEIGHT="75" ID="p517_t44" HPOS="215" VPOS="2090"><String ID="p517_w304" CONTENT="ASTRAGAL," HPOS="215" VPOS="2090" WIDTH="279" HEIGHT="75" STYLEREFS="font0"/><SP WIDTH="22" VPOS="2090" HPOS="494"/><String ID="p517_w305" CONTENT="in" HPOS="516" VPOS="2090" WIDTH="35" HEIGHT="75" STYLEREFS="font0"/><SP WIDTH="18" VPOS="2090" HPOS="551"/><String ID="p517_w306" CONTENT="architedture," HPOS="569" VPOS="2090" WIDTH="221" HEIGHT="75" STYLEREFS="font0"/><SP WIDTH="25" VPOS="2090" HPOS="790"/><String ID="p517_w307" CONTENT="a" HPOS="815" VPOS="2090" WIDTH="20" HEIGHT="75" STYLEREFS="font0"/><SP WIDTH="11" VPOS="2090" HPOS="835"/><String ID="p517_w308" CONTENT="little" HPOS="846" VPOS="2090" WIDTH="88" HEIGHT="75" STYLEREFS="font0"/><SP WIDTH="13" VPOS="2090" HPOS="934"/><String ID="p517_w309" CONTENT="round" HPOS="947" VPOS="2090" WIDTH="103" HEIGHT="75" STYLEREFS="font0"/><SP WIDTH="15" VPOS="2090" HPOS="1050"/><String ID="p517_w310" CONTENT="moulding," HPOS="1065" VPOS="2090" WIDTH="179" HEIGHT="75" STYLEREFS="font0"/></TextLine><TextLine WIDTH="981" HEIGHT="75" ID="p517_t45" HPOS="263" VPOS="2133"><String ID="p517_w311" CONTENT="in" HPOS="263" VPOS="2133" WIDTH="31" HEIGHT="75" STYLEREFS="font0"/><SP WIDTH="17" VPOS="2133" HPOS="294"/><String ID="p517_w312" CONTENT="form" HPOS="311" VPOS="2133" WIDTH="84" HEIGHT="75" STYLEREFS="font0"/><SP WIDTH="17" VPOS="2133" HPOS="395"/><String ID="p517_w313" CONTENT="of" HPOS="412" VPOS="2133" WIDTH="40" HEIGHT="75" STYLEREFS="font0"/><SP WIDTH="11" VPOS="2133" HPOS="452"/><String ID="p517_w314" CONTENT="a" HPOS="463" VPOS="2133" WIDTH="20" HEIGHT="75" STYLEREFS="font0"/><SP WIDTH="14" VPOS="2133" HPOS="483"/><String ID="p517_w315" CONTENT="ring," HPOS="497" VPOS="2133" WIDTH="84" HEIGHT="75" STYLEREFS="font0"/><SP WIDTH="24" VPOS="2133" HPOS="581"/><String ID="p517_w316" CONTENT="ferving" HPOS="605" VPOS="2133" WIDTH="125" HEIGHT="75" STYLEREFS="font0"/><SP WIDTH="25" VPOS="2133" HPOS="730"/><String ID="p517_w317" CONTENT="as" HPOS="755" VPOS="2133" WIDTH="33" HEIGHT="75" STYLEREFS="font0"/><SP WIDTH="25" VPOS="2133" HPOS="788"/><String ID="p517_w318" CONTENT="an" HPOS="813" VPOS="2133" WIDTH="39" HEIGHT="75" STYLEREFS="font0"/><SP WIDTH="17" VPOS="2133" HPOS="852"/><String ID="p517_w319" CONTENT="ornament" HPOS="869" VPOS="2133" WIDTH="166" HEIGHT="75" STYLEREFS="font0"/><SP WIDTH="16" VPOS="2133" HPOS="1035"/><String ID="p517_w320" CONTENT="at" HPOS="1051" VPOS="2133" WIDTH="33" HEIGHT="75" STYLEREFS="font0"/><SP WIDTH="16" VPOS="2133" HPOS="1084"/><String ID="p517_w321" CONTENT="the" HPOS="1100" VPOS="2133" WIDTH="55" HEIGHT="75" STYLEREFS="font0"/><SP WIDTH="17" VPOS="2133" HPOS="1155"/><String ID="p517_w322" CONTENT="tops" HPOS="1172" VPOS="2133" WIDTH="72" HEIGHT="75" STYLEREFS="font0"/></TextLine><TextLine WIDTH="907" HEIGHT="75" ID="p517_t46" HPOS="267" VPOS="2179"><String ID="p517_w323" CONTENT="and" HPOS="267" VPOS="2179" WIDTH="62" HEIGHT="75" STYLEREFS="font0"/><SP WIDTH="16" VPOS="2179" HPOS="329"/><String ID="p517_w324" CONTENT="bottoms" HPOS="345" VPOS="2179" WIDTH="142" HEIGHT="75" STYLEREFS="font0"/><SP WIDTH="16" VPOS="2179" HPOS="487"/><String ID="p517_w325" CONTENT="of" HPOS="503" VPOS="2179" WIDTH="40" HEIGHT="75" STYLEREFS="font0"/><SP WIDTH="12" VPOS="2179" HPOS="543"/><String ID="p517_w326" CONTENT="columns." HPOS="555" VPOS="2179" WIDTH="156" HEIGHT="75" STYLEREFS="font0"/><SP WIDTH="50" VPOS="2179" HPOS="711"/><String ID="p517_w327" CONTENT="See" HPOS="761" VPOS="2179" WIDTH="62" HEIGHT="75" STYLEREFS="font0"/><SP WIDTH="17" VPOS="2179" HPOS="823"/><String ID="p517_w328" CONTENT="Architecture." HPOS="840" VPOS="2179" WIDTH="334" HEIGHT="75" STYLEREFS="font0"/></TextLine><TextLine WIDTH="1029" HEIGHT="75" ID="p517_t47" HPOS="217" VPOS="2226"><String ID="p517_w329" CONTENT="Astragal," HPOS="217" VPOS="2226" WIDTH="229" HEIGHT="75" STYLEREFS="font0"/><SP WIDTH="25" VPOS="2226" HPOS="446"/><String ID="p517_w330" CONTENT="in" HPOS="471" VPOS="2226" WIDTH="33" HEIGHT="75" STYLEREFS="font0"/><SP WIDTH="14" VPOS="2226" HPOS="504"/><String ID="p517_w331" CONTENT="gunnery," HPOS="518" VPOS="2226" WIDTH="157" HEIGHT="75" STYLEREFS="font0"/><SP WIDTH="18" VPOS="2226" HPOS="675"/><String ID="p517_w332" CONTENT="a" HPOS="693" VPOS="2226" WIDTH="19" HEIGHT="75" STYLEREFS="font0"/><SP WIDTH="11" VPOS="2226" HPOS="712"/><String ID="p517_w333" CONTENT="round" HPOS="723" VPOS="2226" WIDTH="104" HEIGHT="75" STYLEREFS="font0"/><SP WIDTH="11" VPOS="2226" HPOS="827"/><String ID="p517_w334" CONTENT="moulding" HPOS="838" VPOS="2226" WIDTH="165" HEIGHT="75" STYLEREFS="font0"/><SP WIDTH="15" VPOS="2226" HPOS="1003"/><String ID="p517_w335" CONTENT="encompaffing" HPOS="1018" VPOS="2226" WIDTH="228" HEIGHT="75" STYLEREFS="font0"/></TextLine><TextLine WIDTH="815" HEIGHT="75" ID="p517_t48" HPOS="265" VPOS="2272"><String ID="p517_w336" CONTENT="a" HPOS="265" VPOS="2272" WIDTH="19" HEIGHT="75" STYLEREFS="font0"/><SP WIDTH="15" VPOS="2272" HPOS="284"/><String ID="p517_w337" CONTENT="cannon," HPOS="299" VPOS="2272" WIDTH="135" HEIGHT="75" STYLEREFS="font0"/><SP WIDTH="26" VPOS="2272" HPOS="434"/><String ID="p517_w338" CONTENT="about" HPOS="460" VPOS="2272" WIDTH="98" HEIGHT="75" STYLEREFS="font0"/><SP WIDTH="18" VPOS="2272" HPOS="558"/><String ID="p517_w339" CONTENT="half" HPOS="576" VPOS="2272" WIDTH="74" HEIGHT="75" STYLEREFS="font0"/><SP WIDTH="11" VPOS="2272" HPOS="650"/><String ID="p517_w340" CONTENT="a" HPOS="661" VPOS="2272" WIDTH="19" HEIGHT="75" STYLEREFS="font0"/><SP WIDTH="16" VPOS="2272" HPOS="680"/><String ID="p517_w341" CONTENT="foot" HPOS="696" VPOS="2272" WIDTH="71" HEIGHT="75" STYLEREFS="font0"/><SP WIDTH="18" VPOS="2272" HPOS="767"/><String ID="p517_w342" CONTENT="from" HPOS="785" VPOS="2272" WIDTH="85" HEIGHT="75" STYLEREFS="font0"/><SP WIDTH="19" VPOS="2272" HPOS="870"/><String ID="p517_w343" CONTENT="its" HPOS="889" VPOS="2272" WIDTH="42" HEIGHT="75" STYLEREFS="font0"/><SP WIDTH="24" VPOS="2272" HPOS="931"/><String ID="p517_w344" CONTENT="mouth." HPOS="955" VPOS="2272" WIDTH="125" HEIGHT="75" STYLEREFS="font0"/></TextLine><TextLine WIDTH="1031" HEIGHT="75" ID="p517_t49" HPOS="216" VPOS="2319"><String ID="p517_w345" CONTENT="ASTRAGALOIDES," HPOS="216" VPOS="2319" WIDTH="431" HEIGHT="75" STYLEREFS="font0"/><SP WIDTH="23" VPOS="2319" HPOS="647"/><String ID="p517_w346" CONTENT="in" HPOS="670" VPOS="2319" WIDTH="34" HEIGHT="75" STYLEREFS="font0"/><SP WIDTH="25" VPOS="2319" HPOS="704"/><String ID="p517_w347" CONTENT="botany," HPOS="729" VPOS="2319" WIDTH="131" HEIGHT="75" STYLEREFS="font0"/><SP WIDTH="34" VPOS="2319" HPOS="860"/><String ID="p517_w348" CONTENT="a" HPOS="894" VPOS="2319" WIDTH="20" HEIGHT="75" STYLEREFS="font0"/><SP WIDTH="26" VPOS="2319" HPOS="914"/><String ID="p517_w349" CONTENT="fynonime" HPOS="940" VPOS="2319" WIDTH="162" HEIGHT="75" STYLEREFS="font0"/><SP WIDTH="27" VPOS="2319" HPOS="1102"/><String ID="p517_w350" CONTENT="of" HPOS="1129" VPOS="2319" WIDTH="41" HEIGHT="75" STYLEREFS="font0"/><SP WIDTH="21" VPOS="2319" HPOS="1170"/><String ID="p517_w351" CONTENT="the" HPOS="1191" VPOS="2319" WIDTH="56" HEIGHT="75" STYLEREFS="font0"/></TextLine><TextLine WIDTH="386" HEIGHT="75" ID="p517_t50" HPOS="266" VPOS="2364"><String ID="p517_w352" CONTENT="phaca.'" HPOS="266" VPOS="2364" WIDTH="117" HEIGHT="75" STYLEREFS="font0"/><SP WIDTH="45" VPOS="2364" HPOS="383"/><String ID="p517_w353" CONTENT="See" HPOS="428" VPOS="2364" WIDTH="62" HEIGHT="75" STYLEREFS="font0"/><SP WIDTH="16" VPOS="2364" HPOS="490"/><String ID="p517_w354" CONTENT="Phaca." HPOS="506" VPOS="2364" WIDTH="146" HEIGHT="75" STYLEREFS="font0"/></TextLine><TextLine WIDTH="1032" HEIGHT="75" ID="p517_t51" HPOS="218" VPOS="2411"><String ID="p517_w355" CONTENT="ASTRAGALUS," HPOS="218" VPOS="2411" WIDTH="344" HEIGHT="75" STYLEREFS="font0"/><SP WIDTH="23" VPOS="2411" HPOS="562"/><String ID="p517_w356" CONTENT="in" HPOS="585" VPOS="2411" WIDTH="34" HEIGHT="75" STYLEREFS="font0"/><SP WIDTH="15" VPOS="2411" HPOS="619"/><String ID="p517_w357" CONTENT="botany," HPOS="634" VPOS="2411" WIDTH="134" HEIGHT="75" STYLEREFS="font0"/><SP WIDTH="24" VPOS="2411" HPOS="768"/><String ID="p517_w358" CONTENT="a" HPOS="792" VPOS="2411" WIDTH="19" HEIGHT="75" STYLEREFS="font0"/><SP WIDTH="16" VPOS="2411" HPOS="811"/><String ID="p517_w359" CONTENT="genus" HPOS="827" VPOS="2411" WIDTH="98" HEIGHT="75" STYLEREFS="font0"/><SP WIDTH="17" VPOS="2411" HPOS="925"/><String ID="p517_w360" CONTENT="of" HPOS="942" VPOS="2411" WIDTH="41" HEIGHT="75" STYLEREFS="font0"/><SP WIDTH="11" VPOS="2411" HPOS="983"/><String ID="p517_w361" CONTENT="the" HPOS="994" VPOS="2411" WIDTH="55" HEIGHT="75" STYLEREFS="font0"/><SP WIDTH="19" VPOS="2411" HPOS="1049"/><String ID="p517_w362" CONTENT="diadelphia" HPOS="1068" VPOS="2411" WIDTH="182" HEIGHT="75" STYLEREFS="font0"/></TextLine><TextLine WIDTH="980" HEIGHT="75" ID="p517_t52" HPOS="267" VPOS="2456"><String ID="p517_w363" CONTENT="decandria" HPOS="267" VPOS="2456" WIDTH="169" HEIGHT="75" STYLEREFS="font0"/><SP WIDTH="17" VPOS="2456" HPOS="436"/><String ID="p517_w364" CONTENT="clafs." HPOS="453" VPOS="2456" WIDTH="91" HEIGHT="75" STYLEREFS="font0"/><SP WIDTH="46" VPOS="2456" HPOS="544"/><String ID="p517_w365" CONTENT="The" HPOS="590" VPOS="2456" WIDTH="77" HEIGHT="75" STYLEREFS="font0"/><SP WIDTH="24" VPOS="2456" HPOS="667"/><String ID="p517_w366" CONTENT="pod" HPOS="691" VPOS="2456" WIDTH="64" HEIGHT="75" STYLEREFS="font0"/><SP WIDTH="26" VPOS="2456" HPOS="755"/><String ID="p517_w367" CONTENT="is" HPOS="781" VPOS="2456" WIDTH="27" HEIGHT="75" STYLEREFS="font0"/><SP WIDTH="28" VPOS="2456" HPOS="808"/><String ID="p517_w368" CONTENT="gibbous" HPOS="836" VPOS="2456" WIDTH="134" HEIGHT="75" STYLEREFS="font0"/><SP WIDTH="22" VPOS="2456" HPOS="970"/><String ID="p517_w369" CONTENT="and" HPOS="992" VPOS="2456" WIDTH="64" HEIGHT="75" STYLEREFS="font0"/><SP WIDTH="22" VPOS="2456" HPOS="1056"/><String ID="p517_w370" CONTENT="bilocular." HPOS="1078" VPOS="2456" WIDTH="169" HEIGHT="75" STYLEREFS="font0"/></TextLine><TextLine WIDTH="982" HEIGHT="75" ID="p517_t53" HPOS="266" VPOS="2502"><String ID="p517_w371" CONTENT="There" HPOS="266" VPOS="2502" WIDTH="114" HEIGHT="75" STYLEREFS="font0"/><SP WIDTH="15" VPOS="2502" HPOS="380"/><String ID="p517_w372" CONTENT="are" HPOS="395" VPOS="2502" WIDTH="53" HEIGHT="75" STYLEREFS="font0"/><SP WIDTH="16" VPOS="2502" HPOS="448"/><String ID="p517_w373" CONTENT="thirty-nine" HPOS="464" VPOS="2502" WIDTH="190" HEIGHT="75" STYLEREFS="font0"/><SP WIDTH="16" VPOS="2502" HPOS="654"/><String ID="p517_w374" CONTENT="fpecies" HPOS="670" VPOS="2502" WIDTH="118" HEIGHT="75" STYLEREFS="font0"/><SP WIDTH="27" VPOS="2502" HPOS="788"/><String ID="p517_w375" CONTENT="of" HPOS="815" VPOS="2502" WIDTH="40" HEIGHT="75" STYLEREFS="font0"/><SP WIDTH="22" VPOS="2502" HPOS="855"/><String ID="p517_w376" CONTENT="aftragalus," HPOS="877" VPOS="2502" WIDTH="183" HEIGHT="75" STYLEREFS="font0"/><SP WIDTH="25" VPOS="2502" HPOS="1060"/><String ID="p517_w377" CONTENT="of" HPOS="1085" VPOS="2502" WIDTH="40" HEIGHT="75" STYLEREFS="font0"/><SP WIDTH="16" VPOS="2502" HPOS="1125"/><String ID="p517_w378" CONTENT="which" HPOS="1141" VPOS="2502" WIDTH="107" HEIGHT="75" STYLEREFS="font0"/></TextLine><TextLine WIDTH="980" HEIGHT="75" ID="p517_t54" HPOS="268" VPOS="2548"><String ID="p517_w379" CONTENT="two," HPOS="268" VPOS="2548" WIDTH="78" HEIGHT="75" STYLEREFS="font0"/><SP WIDTH="25" VPOS="2548" HPOS="346"/><String ID="p517_w380" CONTENT="viz." HPOS="371" VPOS="2548" WIDTH="71" HEIGHT="75" STYLEREFS="font0"/><SP WIDTH="25" VPOS="2548" HPOS="442"/><String ID="p517_w381" CONTENT="the" HPOS="467" VPOS="2548" WIDTH="56" HEIGHT="75" STYLEREFS="font0"/><SP WIDTH="24" VPOS="2548" HPOS="523"/><String ID="p517_w382" CONTENT="glycyphyllus," HPOS="547" VPOS="2548" WIDTH="237" HEIGHT="75" STYLEREFS="font0"/><SP WIDTH="33" VPOS="2548" HPOS="784"/><String ID="p517_w383" CONTENT="or" HPOS="817" VPOS="2548" WIDTH="39" HEIGHT="75" STYLEREFS="font0"/><SP WIDTH="26" VPOS="2548" HPOS="856"/><String ID="p517_w384" CONTENT="wild" HPOS="882" VPOS="2548" WIDTH="78" HEIGHT="75" STYLEREFS="font0"/><SP WIDTH="31" VPOS="2548" HPOS="960"/><String ID="p517_w385" CONTENT="liquorice," HPOS="991" VPOS="2548" WIDTH="169" HEIGHT="75" STYLEREFS="font0"/><SP WIDTH="25" VPOS="2548" HPOS="1160"/><String ID="p517_w386" CONTENT="and" HPOS="1185" VPOS="2548" WIDTH="63" HEIGHT="75" STYLEREFS="font0"/></TextLine><TextLine WIDTH="979" HEIGHT="75" ID="p517_t55" HPOS="268" VPOS="2594"><String ID="p517_w387" CONTENT="the" HPOS="268" VPOS="2594" WIDTH="56" HEIGHT="75" STYLEREFS="font0"/><SP WIDTH="17" VPOS="2594" HPOS="324"/><String ID="p517_w388" CONTENT="arenarius," HPOS="341" VPOS="2594" WIDTH="171" HEIGHT="75" STYLEREFS="font0"/><SP WIDTH="24" VPOS="2594" HPOS="512"/><String ID="p517_w389" CONTENT="or" HPOS="536" VPOS="2594" WIDTH="37" HEIGHT="75" STYLEREFS="font0"/><SP WIDTH="16" VPOS="2594" HPOS="573"/><String ID="p517_w390" CONTENT="purple" HPOS="589" VPOS="2594" WIDTH="110" HEIGHT="75" STYLEREFS="font0"/><SP WIDTH="16" VPOS="2594" HPOS="699"/><String ID="p517_w391" CONTENT="mountain" HPOS="715" VPOS="2594" WIDTH="164" HEIGHT="75" STYLEREFS="font0"/><SP WIDTH="16" VPOS="2594" HPOS="879"/><String ID="p517_w392" CONTENT="milk-work," HPOS="895" VPOS="2594" WIDTH="199" HEIGHT="75" STYLEREFS="font0"/><SP WIDTH="27" VPOS="2594" HPOS="1094"/><String ID="p517_w393" CONTENT="are" HPOS="1121" VPOS="2594" WIDTH="53" HEIGHT="75" STYLEREFS="font0"/><SP WIDTH="17" VPOS="2594" HPOS="1174"/><String ID="p517_w394" CONTENT="na-" HPOS="1191" VPOS="2594" WIDTH="56" HEIGHT="75" STYLEREFS="font0"/></TextLine><TextLine WIDTH="287" HEIGHT="75" ID="p517_t56" HPOS="269" VPOS="2640"><String ID="p517_w395" CONTENT="tives" HPOS="269" VPOS="2640" WIDTH="81" HEIGHT="75" STYLEREFS="font0"/><SP WIDTH="18" VPOS="2640" HPOS="350"/><String ID="p517_w396" CONTENT="of" HPOS="368" VPOS="2640" WIDTH="40" HEIGHT="75" STYLEREFS="font0"/><SP WIDTH="10" VPOS="2640" HPOS="408"/><String ID="p517_w397" CONTENT="Britain." HPOS="418" VPOS="2640" WIDTH="138" HEIGHT="75" STYLEREFS="font0"/></TextLine><TextLine WIDTH="774" HEIGHT="75" ID="p517_t57" HPOS="222" VPOS="2686"><String ID="p517_w398" CONTENT="Astragalus," HPOS="222" VPOS="2686" WIDTH="278" HEIGHT="75" STYLEREFS="font0"/><SP WIDTH="24" VPOS="2686" HPOS="500"/><String ID="p517_w399" CONTENT="in" HPOS="524" VPOS="2686" WIDTH="32" HEIGHT="75" STYLEREFS="font0"/><SP WIDTH="19" VPOS="2686" HPOS="556"/><String ID="p517_w400" CONTENT="anatomy." HPOS="575" VPOS="2686" WIDTH="160" HEIGHT="75" STYLEREFS="font0"/><SP WIDTH="49" VPOS="2686" HPOS="735"/><String ID="p517_w401" CONTENT="See" HPOS="784" VPOS="2686" WIDTH="61" HEIGHT="75" STYLEREFS="font0"/><SP WIDTH="16" VPOS="2686" HPOS="845"/><String ID="p517_w402" CONTENT="p." HPOS="861" VPOS="2686" WIDTH="34" HEIGHT="75" STYLEREFS="font0"/><SP WIDTH="22" VPOS="2686" HPOS="895"/><String ID="p517_w403" CONTENT="185." HPOS="917" VPOS="2686" WIDTH="79" HEIGHT="75" STYLEREFS="font0"/></TextLine><TextLine WIDTH="1025" HEIGHT="75" ID="p517_t58" HPOS="222" VPOS="2733"><String ID="p517_w404" CONTENT="ASTRANTIA," HPOS="222" VPOS="2733" WIDTH="298" HEIGHT="75" STYLEREFS="font0"/><SP WIDTH="25" VPOS="2733" HPOS="520"/><String ID="p517_w405" CONTENT="in" HPOS="545" VPOS="2733" WIDTH="32" HEIGHT="75" STYLEREFS="font0"/><SP WIDTH="17" VPOS="2733" HPOS="577"/><String ID="p517_w406" CONTENT="botany," HPOS="594" VPOS="2733" WIDTH="130" HEIGHT="75" STYLEREFS="font0"/><SP WIDTH="26" VPOS="2733" HPOS="724"/><String ID="p517_w407" CONTENT="a" HPOS="750" VPOS="2733" WIDTH="19" HEIGHT="75" STYLEREFS="font0"/><SP WIDTH="21" VPOS="2733" HPOS="769"/><String ID="p517_w408" CONTENT="genus" HPOS="790" VPOS="2733" WIDTH="97" HEIGHT="75" STYLEREFS="font0"/><SP WIDTH="27" VPOS="2733" HPOS="887"/><String ID="p517_w409" CONTENT="of" HPOS="914" VPOS="2733" WIDTH="42" HEIGHT="75" STYLEREFS="font0"/><SP WIDTH="21" VPOS="2733" HPOS="956"/><String ID="p517_w410" CONTENT="the" HPOS="977" VPOS="2733" WIDTH="56" HEIGHT="75" STYLEREFS="font0"/><SP WIDTH="26" VPOS="2733" HPOS="1033"/><String ID="p517_w411" CONTENT="pentandria" HPOS="1059" VPOS="2733" WIDTH="188" HEIGHT="75" STYLEREFS="font0"/></TextLine><TextLine WIDTH="981" HEIGHT="75" ID="p517_t59" HPOS="1340" VPOS="279"><String ID="p517_w412" CONTENT="digynia" HPOS="1340" VPOS="279" WIDTH="128" HEIGHT="75" STYLEREFS="font0"/><SP WIDTH="15" VPOS="279" HPOS="1468"/><String ID="p517_w413" CONTENT="clafs." HPOS="1483" VPOS="279" WIDTH="91" HEIGHT="75" STYLEREFS="font0"/><SP WIDTH="47" VPOS="279" HPOS="1574"/><String ID="p517_w414" CONTENT="The" HPOS="1621" VPOS="279" WIDTH="78" HEIGHT="75" STYLEREFS="font0"/><SP WIDTH="16" VPOS="279" HPOS="1699"/><String ID="p517_w415" CONTENT="involucrum" HPOS="1715" VPOS="279" WIDTH="198" HEIGHT="75" STYLEREFS="font0"/><SP WIDTH="26" VPOS="279" HPOS="1913"/><String ID="p517_w416" CONTENT="is" HPOS="1939" VPOS="279" WIDTH="27" HEIGHT="75" STYLEREFS="font0"/><SP WIDTH="27" VPOS="279" HPOS="1966"/><String ID="p517_w417" CONTENT="lanceolated," HPOS="1993" VPOS="279" WIDTH="209" HEIGHT="75" STYLEREFS="font0"/><SP WIDTH="26" VPOS="279" HPOS="2202"/><String ID="p517_w418" CONTENT="open," HPOS="2228" VPOS="279" WIDTH="93" HEIGHT="75" STYLEREFS="font0"/></TextLine><TextLine WIDTH="982" HEIGHT="75" ID="p517_t60" HPOS="1340" VPOS="325"><String ID="p517_w419" CONTENT="equal," HPOS="1340" VPOS="325" WIDTH="107" HEIGHT="75" STYLEREFS="font0"/><SP WIDTH="25" VPOS="325" HPOS="1447"/><String ID="p517_w420" CONTENT="and" HPOS="1472" VPOS="325" WIDTH="62" HEIGHT="75" STYLEREFS="font0"/><SP WIDTH="24" VPOS="325" HPOS="1534"/><String ID="p517_w421" CONTENT="coloured." HPOS="1558" VPOS="325" WIDTH="164" HEIGHT="75" STYLEREFS="font0"/><SP WIDTH="48" VPOS="325" HPOS="1722"/><String ID="p517_w422" CONTENT="The" HPOS="1770" VPOS="325" WIDTH="77" HEIGHT="75" STYLEREFS="font0"/><SP WIDTH="16" VPOS="325" HPOS="1847"/><String ID="p517_w423" CONTENT="fpecies" HPOS="1863" VPOS="325" WIDTH="118" HEIGHT="75" STYLEREFS="font0"/><SP WIDTH="18" VPOS="325" HPOS="1981"/><String ID="p517_w424" CONTENT="are" HPOS="1999" VPOS="325" WIDTH="52" HEIGHT="75" STYLEREFS="font0"/><SP WIDTH="18" VPOS="325" HPOS="2051"/><String ID="p517_w425" CONTENT="two," HPOS="2069" VPOS="325" WIDTH="78" HEIGHT="75" STYLEREFS="font0"/><SP WIDTH="25" VPOS="325" HPOS="2147"/><String ID="p517_w426" CONTENT="viz." HPOS="2172" VPOS="325" WIDTH="70" HEIGHT="75" STYLEREFS="font0"/><SP WIDTH="25" VPOS="325" HPOS="2242"/><String ID="p517_w427" CONTENT="the" HPOS="2267" VPOS="325" WIDTH="55" HEIGHT="75" STYLEREFS="font0"/></TextLine><TextLine WIDTH="791" HEIGHT="75" ID="p517_t61" HPOS="1340" VPOS="370"><String ID="p517_w428" CONTENT="major" HPOS="1340" VPOS="370" WIDTH="102" HEIGHT="75" STYLEREFS="font0"/><SP WIDTH="16" VPOS="370" HPOS="1442"/><String ID="p517_w429" CONTENT="and" HPOS="1458" VPOS="370" WIDTH="63" HEIGHT="75" STYLEREFS="font0"/><SP WIDTH="16" VPOS="370" HPOS="1521"/><String ID="p517_w430" CONTENT="minor," HPOS="1537" VPOS="370" WIDTH="116" HEIGHT="75" STYLEREFS="font0"/><SP WIDTH="25" VPOS="370" HPOS="1653"/><String ID="p517_w431" CONTENT="both" HPOS="1678" VPOS="370" WIDTH="79" HEIGHT="75" STYLEREFS="font0"/><SP WIDTH="17" VPOS="370" HPOS="1757"/><String ID="p517_w432" CONTENT="natives" HPOS="1774" VPOS="370" WIDTH="123" HEIGHT="75" STYLEREFS="font0"/><SP WIDTH="15" VPOS="370" HPOS="1897"/><String ID="p517_w433" CONTENT="of" HPOS="1912" VPOS="370" WIDTH="41" HEIGHT="75" STYLEREFS="font0"/><SP WIDTH="10" VPOS="370" HPOS="1953"/><String ID="p517_w434" CONTENT="the" HPOS="1963" VPOS="370" WIDTH="55" HEIGHT="75" STYLEREFS="font0"/><SP WIDTH="16" VPOS="370" HPOS="2018"/><String ID="p517_w435" CONTENT="Alps." HPOS="2034" VPOS="370" WIDTH="97" HEIGHT="75" STYLEREFS="font0"/></TextLine><TextLine WIDTH="1028" HEIGHT="75" ID="p517_t62" HPOS="1293" VPOS="418"><String ID="p517_w436" CONTENT="ASTRARIUS" HPOS="1293" VPOS="418" WIDTH="275" HEIGHT="75" STYLEREFS="font0"/><SP WIDTH="18" VPOS="418" HPOS="1568"/><String ID="p517_w437" CONTENT="hterei," HPOS="1586" VPOS="418" WIDTH="110" HEIGHT="75" STYLEREFS="font0"/><SP WIDTH="25" VPOS="418" HPOS="1696"/><String ID="p517_w438" CONTENT="in" HPOS="1721" VPOS="418" WIDTH="32" HEIGHT="75" STYLEREFS="font0"/><SP WIDTH="16" VPOS="418" HPOS="1753"/><String ID="p517_w439" CONTENT="law," HPOS="1769" VPOS="418" WIDTH="74" HEIGHT="75" STYLEREFS="font0"/><SP WIDTH="25" VPOS="418" HPOS="1843"/><String ID="p517_w440" CONTENT="is" HPOS="1868" VPOS="418" WIDTH="27" HEIGHT="75" STYLEREFS="font0"/><SP WIDTH="28" VPOS="418" HPOS="1895"/><String ID="p517_w441" CONTENT="where" HPOS="1923" VPOS="418" WIDTH="107" HEIGHT="75" STYLEREFS="font0"/><SP WIDTH="25" VPOS="418" HPOS="2030"/><String ID="p517_w442" CONTENT="an" HPOS="2055" VPOS="418" WIDTH="39" HEIGHT="75" STYLEREFS="font0"/><SP WIDTH="28" VPOS="418" HPOS="2094"/><String ID="p517_w443" CONTENT="anceftor" HPOS="2122" VPOS="418" WIDTH="139" HEIGHT="75" STYLEREFS="font0"/><SP WIDTH="16" VPOS="418" HPOS="2261"/><String ID="p517_w444" CONTENT="by" HPOS="2277" VPOS="418" WIDTH="44" HEIGHT="75" STYLEREFS="font0"/></TextLine><TextLine WIDTH="983" HEIGHT="75" ID="p517_t63" HPOS="1339" VPOS="464"><String ID="p517_w445" CONTENT="conveyance" HPOS="1339" VPOS="464" WIDTH="198" HEIGHT="75" STYLEREFS="font0"/><SP WIDTH="23" VPOS="464" HPOS="1537"/><String ID="p517_w446" CONTENT="has" HPOS="1560" VPOS="464" WIDTH="57" HEIGHT="75" STYLEREFS="font0"/><SP WIDTH="27" VPOS="464" HPOS="1617"/><String ID="p517_w447" CONTENT="fettled" HPOS="1644" VPOS="464" WIDTH="116" HEIGHT="75" STYLEREFS="font0"/><SP WIDTH="30" VPOS="464" HPOS="1760"/><String ID="p517_w448" CONTENT="his" HPOS="1790" VPOS="464" WIDTH="50" HEIGHT="75" STYLEREFS="font0"/><SP WIDTH="28" VPOS="464" HPOS="1840"/><String ID="p517_w449" CONTENT="heir" HPOS="1868" VPOS="464" WIDTH="71" HEIGHT="75" STYLEREFS="font0"/><SP WIDTH="20" VPOS="464" HPOS="1939"/><String ID="p517_w450" CONTENT="apparent" HPOS="1959" VPOS="464" WIDTH="152" HEIGHT="75" STYLEREFS="font0"/><SP WIDTH="15" VPOS="464" HPOS="2111"/><String ID="p517_w451" CONTENT="and" HPOS="2126" VPOS="464" WIDTH="63" HEIGHT="75" STYLEREFS="font0"/><SP WIDTH="19" VPOS="464" HPOS="2189"/><String ID="p517_w452" CONTENT="family" HPOS="2208" VPOS="464" WIDTH="114" HEIGHT="75" STYLEREFS="font0"/></TextLine><TextLine WIDTH="470" HEIGHT="75" ID="p517_t64" HPOS="1339" VPOS="510"><String ID="p517_w453" CONTENT="in" HPOS="1339" VPOS="510" WIDTH="31" HEIGHT="75" STYLEREFS="font0"/><SP WIDTH="18" VPOS="510" HPOS="1370"/><String ID="p517_w454" CONTENT="a" HPOS="1388" VPOS="510" WIDTH="18" HEIGHT="75" STYLEREFS="font0"/><SP WIDTH="16" VPOS="510" HPOS="1406"/><String ID="p517_w455" CONTENT="houfe" HPOS="1422" VPOS="510" WIDTH="96" HEIGHT="75" STYLEREFS="font0"/><SP WIDTH="15" VPOS="510" HPOS="1518"/><String ID="p517_w456" CONTENT="in" HPOS="1533" VPOS="510" WIDTH="32" HEIGHT="75" STYLEREFS="font0"/><SP WIDTH="15" VPOS="510" HPOS="1565"/><String ID="p517_w457" CONTENT="his" HPOS="1580" VPOS="510" WIDTH="49" HEIGHT="75" STYLEREFS="font0"/><SP WIDTH="17" VPOS="510" HPOS="1629"/><String ID="p517_w458" CONTENT="life-time." HPOS="1646" VPOS="510" WIDTH="163" HEIGHT="75" STYLEREFS="font0"/></TextLine><TextLine WIDTH="1029" HEIGHT="75" ID="p517_t65" HPOS="1291" VPOS="558"><String ID="p517_w459" CONTENT="ASTREA," HPOS="1291" VPOS="558" WIDTH="209" HEIGHT="75" STYLEREFS="font0"/><SP WIDTH="25" VPOS="558" HPOS="1500"/><String ID="p517_w460" CONTENT="in" HPOS="1525" VPOS="558" WIDTH="33" HEIGHT="75" STYLEREFS="font0"/><SP WIDTH="25" VPOS="558" HPOS="1558"/><String ID="p517_w461" CONTENT="aftronomy," HPOS="1583" VPOS="558" WIDTH="191" HEIGHT="75" STYLEREFS="font0"/><SP WIDTH="25" VPOS="558" HPOS="1774"/><String ID="p517_w462" CONTENT="the" HPOS="1799" VPOS="558" WIDTH="55" HEIGHT="75" STYLEREFS="font0"/><SP WIDTH="27" VPOS="558" HPOS="1854"/><String ID="p517_w463" CONTENT="fame" HPOS="1881" VPOS="558" WIDTH="83" HEIGHT="75" STYLEREFS="font0"/><SP WIDTH="27" VPOS="558" HPOS="1964"/><String ID="p517_w464" CONTENT="with" HPOS="1991" VPOS="558" WIDTH="81" HEIGHT="75" STYLEREFS="font0"/><SP WIDTH="22" VPOS="558" HPOS="2072"/><String ID="p517_w465" CONTENT="virgo." HPOS="2094" VPOS="558" WIDTH="104" HEIGHT="75" STYLEREFS="font0"/><SP WIDTH="59" VPOS="558" HPOS="2198"/><String ID="p517_w466" CONTENT="See" HPOS="2257" VPOS="558" WIDTH="63" HEIGHT="75" STYLEREFS="font0"/></TextLine><TextLine WIDTH="515" HEIGHT="75" ID="p517_t66" HPOS="1340" VPOS="604"><String ID="p517_w467" CONTENT="Virgo," HPOS="1340" VPOS="604" WIDTH="149" HEIGHT="75" STYLEREFS="font0"/><SP WIDTH="27" VPOS="604" HPOS="1489"/><String ID="p517_w468" CONTENT="and" HPOS="1516" VPOS="604" WIDTH="63" HEIGHT="75" STYLEREFS="font0"/><SP WIDTH="14" VPOS="604" HPOS="1579"/><String ID="p517_w469" CONTENT="Astronomy." HPOS="1593" VPOS="604" WIDTH="262" HEIGHT="75" STYLEREFS="font0"/></TextLine><TextLine WIDTH="1029" HEIGHT="75" ID="p517_t67" HPOS="1291" VPOS="650"><String ID="p517_w470" CONTENT="ASTRENIUM," HPOS="1291" VPOS="650" WIDTH="307" HEIGHT="75" STYLEREFS="font0"/><SP WIDTH="25" VPOS="650" HPOS="1598"/><String ID="p517_w471" CONTENT="in" HPOS="1623" VPOS="650" WIDTH="33" HEIGHT="75" STYLEREFS="font0"/><SP WIDTH="23" VPOS="650" HPOS="1656"/><String ID="p517_w472" CONTENT="botany," HPOS="1679" VPOS="650" WIDTH="133" HEIGHT="75" STYLEREFS="font0"/><SP WIDTH="26" VPOS="650" HPOS="1812"/><String ID="p517_w473" CONTENT="a" HPOS="1838" VPOS="650" WIDTH="19" HEIGHT="75" STYLEREFS="font0"/><SP WIDTH="19" VPOS="650" HPOS="1857"/><String ID="p517_w474" CONTENT="genus" HPOS="1876" VPOS="650" WIDTH="99" HEIGHT="75" STYLEREFS="font0"/><SP WIDTH="16" VPOS="650" HPOS="1975"/><String ID="p517_w475" CONTENT="of" HPOS="1991" VPOS="650" WIDTH="40" HEIGHT="75" STYLEREFS="font0"/><SP WIDTH="11" VPOS="650" HPOS="2031"/><String ID="p517_w476" CONTENT="the" HPOS="2042" VPOS="650" WIDTH="55" HEIGHT="75" STYLEREFS="font0"/><SP WIDTH="16" VPOS="650" HPOS="2097"/><String ID="p517_w477" CONTENT="dioecia" HPOS="2113" VPOS="650" WIDTH="115" HEIGHT="75" STYLEREFS="font0"/><SP WIDTH="16" VPOS="650" HPOS="2228"/><String ID="p517_w478" CONTENT="pen-" HPOS="2244" VPOS="650" WIDTH="76" HEIGHT="75" STYLEREFS="font0"/></TextLine><TextLine WIDTH="988" HEIGHT="75" ID="p517_t68" HPOS="1339" VPOS="695"><String ID="p517_w479" CONTENT="tandria" HPOS="1339" VPOS="695" WIDTH="126" HEIGHT="75" STYLEREFS="font0"/><SP WIDTH="16" VPOS="695" HPOS="1465"/><String ID="p517_w480" CONTENT="clafs." HPOS="1481" VPOS="695" WIDTH="91" HEIGHT="75" STYLEREFS="font0"/><SP WIDTH="47" VPOS="695" HPOS="1572"/><String ID="p517_w481" CONTENT="There" HPOS="1619" VPOS="695" WIDTH="113" HEIGHT="75" STYLEREFS="font0"/><SP WIDTH="27" VPOS="695" HPOS="1732"/><String ID="p517_w482" CONTENT="is" HPOS="1759" VPOS="695" WIDTH="26" HEIGHT="75" STYLEREFS="font0"/><SP WIDTH="28" VPOS="695" HPOS="1785"/><String ID="p517_w483" CONTENT="but" HPOS="1813" VPOS="695" WIDTH="58" HEIGHT="75" STYLEREFS="font0"/><SP WIDTH="16" VPOS="695" HPOS="1871"/><String ID="p517_w484" CONTENT="one" HPOS="1887" VPOS="695" WIDTH="61" HEIGHT="75" STYLEREFS="font0"/><SP WIDTH="17" VPOS="695" HPOS="1948"/><String ID="p517_w485" CONTENT="fpecies," HPOS="1965" VPOS="695" WIDTH="129" HEIGHT="75" STYLEREFS="font0"/><SP WIDTH="25" VPOS="695" HPOS="2094"/><String ID="p517_w486" CONTENT="a" HPOS="2119" VPOS="695" WIDTH="19" HEIGHT="75" STYLEREFS="font0"/><SP WIDTH="19" VPOS="695" HPOS="2138"/><String ID="p517_w487" CONTENT="native" HPOS="2157" VPOS="695" WIDTH="106" HEIGHT="75" STYLEREFS="font0"/><SP WIDTH="22" VPOS="695" HPOS="2263"/><String ID="p517_w488" CONTENT="of" HPOS="2285" VPOS="695" WIDTH="42" HEIGHT="75" STYLEREFS="font0"/></TextLine><TextLine WIDTH="163" HEIGHT="75" ID="p517_t69" HPOS="1339" VPOS="742"><String ID="p517_w489" CONTENT="America." HPOS="1339" VPOS="742" WIDTH="163" HEIGHT="75" STYLEREFS="font0"/></TextLine><TextLine WIDTH="817" HEIGHT="75" ID="p517_t70" HPOS="1290" VPOS="789"><String ID="p517_w490" CONTENT="ASTRICTION," HPOS="1290" VPOS="789" WIDTH="316" HEIGHT="75" STYLEREFS="font0"/><SP WIDTH="23" VPOS="789" HPOS="1606"/><String ID="p517_w491" CONTENT="inlaw." HPOS="1629" VPOS="789" WIDTH="124" HEIGHT="75" STYLEREFS="font0"/><SP WIDTH="49" VPOS="789" HPOS="1753"/><String ID="p517_w492" CONTENT="SeeTniRLAGE." HPOS="1802" VPOS="789" WIDTH="305" HEIGHT="75" STYLEREFS="font0"/></TextLine><TextLine WIDTH="1029" HEIGHT="75" ID="p517_t71" HPOS="1291" VPOS="835"><String ID="p517_w493" CONTENT="As-triction," HPOS="1291" VPOS="835" WIDTH="268" HEIGHT="75" STYLEREFS="font0"/><SP WIDTH="25" VPOS="835" HPOS="1559"/><String ID="p517_w494" CONTENT="among" HPOS="1584" VPOS="835" WIDTH="115" HEIGHT="75" STYLEREFS="font0"/><SP WIDTH="23" VPOS="835" HPOS="1699"/><String ID="p517_w495" CONTENT="phyficians," HPOS="1722" VPOS="835" WIDTH="188" HEIGHT="75" STYLEREFS="font0"/><SP WIDTH="25" VPOS="835" HPOS="1910"/><String ID="p517_w496" CONTENT="denotes" HPOS="1935" VPOS="835" WIDTH="132" HEIGHT="75" STYLEREFS="font0"/><SP WIDTH="18" VPOS="835" HPOS="2067"/><String ID="p517_w497" CONTENT="the" HPOS="2085" VPOS="835" WIDTH="56" HEIGHT="75" STYLEREFS="font0"/><SP WIDTH="14" VPOS="835" HPOS="2141"/><String ID="p517_w498" CONTENT="operation" HPOS="2155" VPOS="835" WIDTH="165" HEIGHT="75" STYLEREFS="font0"/></TextLine><TextLine WIDTH="837" HEIGHT="75" ID="p517_t72" HPOS="1338" VPOS="881"><String ID="p517_w499" CONTENT="of" HPOS="1338" VPOS="881" WIDTH="39" HEIGHT="75" STYLEREFS="font0"/><SP WIDTH="12" VPOS="881" HPOS="1377"/><String ID="p517_w500" CONTENT="aftringent" HPOS="1389" VPOS="881" WIDTH="172" HEIGHT="75" STYLEREFS="font0"/><SP WIDTH="14" VPOS="881" HPOS="1561"/><String ID="p517_w501" CONTENT="medicines." HPOS="1575" VPOS="881" WIDTH="183" HEIGHT="75" STYLEREFS="font0"/><SP WIDTH="50" VPOS="881" HPOS="1758"/><String ID="p517_w502" CONTENT="See" HPOS="1808" VPOS="881" WIDTH="62" HEIGHT="75" STYLEREFS="font0"/><SP WIDTH="15" VPOS="881" HPOS="1870"/><String ID="p517_w503" CONTENT="the" HPOS="1885" VPOS="881" WIDTH="57" HEIGHT="75" STYLEREFS="font0"/><SP WIDTH="15" VPOS="881" HPOS="1942"/><String ID="p517_w504" CONTENT="next" HPOS="1957" VPOS="881" WIDTH="80" HEIGHT="75" STYLEREFS="font0"/><SP WIDTH="16" VPOS="881" HPOS="2037"/><String ID="p517_w505" CONTENT="article." HPOS="2053" VPOS="881" WIDTH="122" HEIGHT="75" STYLEREFS="font0"/></TextLine><TextLine WIDTH="1030" HEIGHT="75" ID="p517_t73" HPOS="1289" VPOS="928"><String ID="p517_w506" CONTENT="ASTRINGENTS," HPOS="1289" VPOS="928" WIDTH="363" HEIGHT="75" STYLEREFS="font0"/><SP WIDTH="25" VPOS="928" HPOS="1652"/><String ID="p517_w507" CONTENT="in" HPOS="1677" VPOS="928" WIDTH="32" HEIGHT="75" STYLEREFS="font0"/><SP WIDTH="28" VPOS="928" HPOS="1709"/><String ID="p517_w508" CONTENT="materia" HPOS="1737" VPOS="928" WIDTH="133" HEIGHT="75" STYLEREFS="font0"/><SP WIDTH="26" VPOS="928" HPOS="1870"/><String ID="p517_w509" CONTENT="medica," HPOS="1896" VPOS="928" WIDTH="135" HEIGHT="75" STYLEREFS="font0"/><SP WIDTH="35" VPOS="928" HPOS="2031"/><String ID="p517_w510" CONTENT="fubftances" HPOS="2066" VPOS="928" WIDTH="177" HEIGHT="75" STYLEREFS="font0"/><SP WIDTH="27" VPOS="928" HPOS="2243"/><String ID="p517_w511" CONTENT="di-" HPOS="2270" VPOS="928" WIDTH="49" HEIGHT="75" STYLEREFS="font0"/></TextLine><TextLine WIDTH="983" HEIGHT="75" ID="p517_t74" HPOS="1337" VPOS="974"><String ID="p517_w512" CONTENT="ftinguHhed" HPOS="1337" VPOS="974" WIDTH="189" HEIGHT="75" STYLEREFS="font0"/><SP WIDTH="14" VPOS="974" HPOS="1526"/><String ID="p517_w513" CONTENT="by" HPOS="1540" VPOS="974" WIDTH="44" HEIGHT="75" STYLEREFS="font0"/><SP WIDTH="16" VPOS="974" HPOS="1584"/><String ID="p517_w514" CONTENT="a" HPOS="1600" VPOS="974" WIDTH="19" HEIGHT="75" STYLEREFS="font0"/><SP WIDTH="16" VPOS="974" HPOS="1619"/><String ID="p517_w515" CONTENT="rough" HPOS="1635" VPOS="974" WIDTH="103" HEIGHT="75" STYLEREFS="font0"/><SP WIDTH="22" VPOS="974" HPOS="1738"/><String ID="p517_w516" CONTENT="auftere" HPOS="1760" VPOS="974" WIDTH="120" HEIGHT="75" STYLEREFS="font0"/><SP WIDTH="24" VPOS="974" HPOS="1880"/><String ID="p517_w517" CONTENT="tafte," HPOS="1904" VPOS="974" WIDTH="90" HEIGHT="75" STYLEREFS="font0"/><SP WIDTH="26" VPOS="974" HPOS="1994"/><String ID="p517_w518" CONTENT="and" HPOS="2020" VPOS="974" WIDTH="63" HEIGHT="75" STYLEREFS="font0"/><SP WIDTH="16" VPOS="974" HPOS="2083"/><String ID="p517_w519" CONTENT="changing" HPOS="2099" VPOS="974" WIDTH="156" HEIGHT="75" STYLEREFS="font0"/><SP WIDTH="15" VPOS="974" HPOS="2255"/><String ID="p517_w520" CONTENT="fo-" HPOS="2270" VPOS="974" WIDTH="50" HEIGHT="75" STYLEREFS="font0"/></TextLine><TextLine WIDTH="986" HEIGHT="75" ID="p517_t75" HPOS="1336" VPOS="1021"><String ID="p517_w521" CONTENT="lutions" HPOS="1336" VPOS="1021" WIDTH="119" HEIGHT="75" STYLEREFS="font0"/><SP WIDTH="17" VPOS="1021" HPOS="1455"/><String ID="p517_w522" CONTENT="of" HPOS="1472" VPOS="1021" WIDTH="41" HEIGHT="75" STYLEREFS="font0"/><SP WIDTH="12" VPOS="1021" HPOS="1513"/><String ID="p517_w523" CONTENT="iron," HPOS="1525" VPOS="1021" WIDTH="83" HEIGHT="75" STYLEREFS="font0"/><SP WIDTH="26" VPOS="1021" HPOS="1608"/><String ID="p517_w524" CONTENT="efpecially" HPOS="1634" VPOS="1021" WIDTH="168" HEIGHT="75" STYLEREFS="font0"/><SP WIDTH="16" VPOS="1021" HPOS="1802"/><String ID="p517_w525" CONTENT="thofe" HPOS="1818" VPOS="1021" WIDTH="90" HEIGHT="75" STYLEREFS="font0"/><SP WIDTH="22" VPOS="1021" HPOS="1908"/><String ID="p517_w526" CONTENT="made" HPOS="1930" VPOS="1021" WIDTH="92" HEIGHT="75" STYLEREFS="font0"/><SP WIDTH="26" VPOS="1021" HPOS="2022"/><String ID="p517_w527" CONTENT="in" HPOS="2048" VPOS="1021" WIDTH="34" HEIGHT="75" STYLEREFS="font0"/><SP WIDTH="21" VPOS="1021" HPOS="2082"/><String ID="p517_w528" CONTENT="the" HPOS="2103" VPOS="1021" WIDTH="56" HEIGHT="75" STYLEREFS="font0"/><SP WIDTH="23" VPOS="1021" HPOS="2159"/><String ID="p517_w529" CONTENT="vitriolic" HPOS="2182" VPOS="1021" WIDTH="140" HEIGHT="75" STYLEREFS="font0"/></TextLine><TextLine WIDTH="983" HEIGHT="75" ID="p517_t76" HPOS="1338" VPOS="1067"><String ID="p517_w530" CONTENT="acid," HPOS="1338" VPOS="1067" WIDTH="84" HEIGHT="75" STYLEREFS="font0"/><SP WIDTH="25" VPOS="1067" HPOS="1422"/><String ID="p517_w531" CONTENT="into" HPOS="1447" VPOS="1067" WIDTH="69" HEIGHT="75" STYLEREFS="font0"/><SP WIDTH="25" VPOS="1067" HPOS="1516"/><String ID="p517_w532" CONTENT="a" HPOS="1541" VPOS="1067" WIDTH="19" HEIGHT="75" STYLEREFS="font0"/><SP WIDTH="21" VPOS="1067" HPOS="1560"/><String ID="p517_w533" CONTENT="dark" HPOS="1581" VPOS="1067" WIDTH="82" HEIGHT="75" STYLEREFS="font0"/><SP WIDTH="24" VPOS="1067" HPOS="1663"/><String ID="p517_w534" CONTENT="purple" HPOS="1687" VPOS="1067" WIDTH="111" HEIGHT="75" STYLEREFS="font0"/><SP WIDTH="25" VPOS="1067" HPOS="1798"/><String ID="p517_w535" CONTENT="or" HPOS="1823" VPOS="1067" WIDTH="37" HEIGHT="75" STYLEREFS="font0"/><SP WIDTH="28" VPOS="1067" HPOS="1860"/><String ID="p517_w536" CONTENT="black" HPOS="1888" VPOS="1067" WIDTH="95" HEIGHT="75" STYLEREFS="font0"/><SP WIDTH="26" VPOS="1067" HPOS="1983"/><String ID="p517_w537" CONTENT="colour;" HPOS="2009" VPOS="1067" WIDTH="132" HEIGHT="75" STYLEREFS="font0"/><SP WIDTH="26" VPOS="1067" HPOS="2141"/><String ID="p517_w538" CONTENT="fuch" HPOS="2167" VPOS="1067" WIDTH="75" HEIGHT="75" STYLEREFS="font0"/><SP WIDTH="25" VPOS="1067" HPOS="2242"/><String ID="p517_w539" CONTENT="are" HPOS="2267" VPOS="1067" WIDTH="54" HEIGHT="75" STYLEREFS="font0"/></TextLine><TextLine WIDTH="985" HEIGHT="75" ID="p517_t77" HPOS="1338" VPOS="1113"><String ID="p517_w540" CONTENT="galls," HPOS="1338" VPOS="1113" WIDTH="94" HEIGHT="75" STYLEREFS="font0"/><SP WIDTH="34" VPOS="1113" HPOS="1432"/><String ID="p517_w541" CONTENT="tormentil" HPOS="1466" VPOS="1113" WIDTH="164" HEIGHT="75" STYLEREFS="font0"/><SP WIDTH="26" VPOS="1113" HPOS="1630"/><String ID="p517_w542" CONTENT="root," HPOS="1656" VPOS="1113" WIDTH="85" HEIGHT="75" STYLEREFS="font0"/><SP WIDTH="26" VPOS="1113" HPOS="1741"/><String ID="p517_w543" CONTENT="biftort" HPOS="1767" VPOS="1113" WIDTH="111" HEIGHT="75" STYLEREFS="font0"/><SP WIDTH="24" VPOS="1113" HPOS="1878"/><String ID="p517_w544" CONTENT="root," HPOS="1902" VPOS="1113" WIDTH="84" HEIGHT="75" STYLEREFS="font0"/><SP WIDTH="26" VPOS="1113" HPOS="1986"/><String ID="p517_w545" CONTENT="balauliines," HPOS="2012" VPOS="1113" WIDTH="198" HEIGHT="75" STYLEREFS="font0"/><SP WIDTH="26" VPOS="1113" HPOS="2210"/><String ID="p517_w546" CONTENT="terra" HPOS="2236" VPOS="1113" WIDTH="87" HEIGHT="75" STYLEREFS="font0"/></TextLine><TextLine WIDTH="988" HEIGHT="75" ID="p517_t78" HPOS="1332" VPOS="1160"><String ID="p517_w547" CONTENT="japanica," HPOS="1332" VPOS="1160" WIDTH="159" HEIGHT="75" STYLEREFS="font0"/><SP WIDTH="25" VPOS="1160" HPOS="1491"/><String ID="p517_w548" CONTENT="acacia," HPOS="1516" VPOS="1160" WIDTH="119" HEIGHT="75" STYLEREFS="font0"/><SP WIDTH="25" VPOS="1160" HPOS="1635"/><String ID="p517_w549" CONTENT="&lt;bc." HPOS="1660" VPOS="1160" WIDTH="65" HEIGHT="75" STYLEREFS="font0"/><SP WIDTH="48" VPOS="1160" HPOS="1725"/><String ID="p517_w550" CONTENT="Aftringents" HPOS="1773" VPOS="1160" WIDTH="201" HEIGHT="75" STYLEREFS="font0"/><SP WIDTH="23" VPOS="1160" HPOS="1974"/><String ID="p517_w551" CONTENT="yield" HPOS="1997" VPOS="1160" WIDTH="88" HEIGHT="75" STYLEREFS="font0"/><SP WIDTH="17" VPOS="1160" HPOS="2085"/><String ID="p517_w552" CONTENT="their" HPOS="2102" VPOS="1160" WIDTH="83" HEIGHT="75" STYLEREFS="font0"/><SP WIDTH="16" VPOS="1160" HPOS="2185"/><String ID="p517_w553" CONTENT="virtues" HPOS="2201" VPOS="1160" WIDTH="119" HEIGHT="75" STYLEREFS="font0"/></TextLine><TextLine WIDTH="982" HEIGHT="75" ID="p517_t79" HPOS="1338" VPOS="1207"><String ID="p517_w554" CONTENT="by" HPOS="1338" VPOS="1207" WIDTH="43" HEIGHT="75" STYLEREFS="font0"/><SP WIDTH="14" VPOS="1207" HPOS="1381"/><String ID="p517_w555" CONTENT="infufion" HPOS="1395" VPOS="1207" WIDTH="134" HEIGHT="75" STYLEREFS="font0"/><SP WIDTH="17" VPOS="1207" HPOS="1529"/><String ID="p517_w556" CONTENT="both" HPOS="1546" VPOS="1207" WIDTH="79" HEIGHT="75" STYLEREFS="font0"/><SP WIDTH="18" VPOS="1207" HPOS="1625"/><String ID="p517_w557" CONTENT="to" HPOS="1643" VPOS="1207" WIDTH="35" HEIGHT="75" STYLEREFS="font0"/><SP WIDTH="16" VPOS="1207" HPOS="1678"/><String ID="p517_w558" CONTENT="water" HPOS="1694" VPOS="1207" WIDTH="101" HEIGHT="75" STYLEREFS="font0"/><SP WIDTH="15" VPOS="1207" HPOS="1795"/><String ID="p517_w559" CONTENT="and" HPOS="1810" VPOS="1207" WIDTH="63" HEIGHT="75" STYLEREFS="font0"/><SP WIDTH="15" VPOS="1207" HPOS="1873"/><String ID="p517_w560" CONTENT="vinous" HPOS="1888" VPOS="1207" WIDTH="110" HEIGHT="75" STYLEREFS="font0"/><SP WIDTH="16" VPOS="1207" HPOS="1998"/><String ID="p517_w561" CONTENT="fpirits," HPOS="2014" VPOS="1207" WIDTH="117" HEIGHT="75" STYLEREFS="font0"/><SP WIDTH="25" VPOS="1207" HPOS="2131"/><String ID="p517_w562" CONTENT="but" HPOS="2156" VPOS="1207" WIDTH="57" HEIGHT="75" STYLEREFS="font0"/><SP WIDTH="12" VPOS="1207" HPOS="2213"/><String ID="p517_w563" CONTENT="gene-" HPOS="2225" VPOS="1207" WIDTH="95" HEIGHT="75" STYLEREFS="font0"/></TextLine><TextLine WIDTH="983" HEIGHT="75" ID="p517_t80" HPOS="1337" VPOS="1254"><String ID="p517_w564" CONTENT="rally" HPOS="1337" VPOS="1254" WIDTH="82" HEIGHT="75" STYLEREFS="font0"/><SP WIDTH="15" VPOS="1254" HPOS="1419"/><String ID="p517_w565" CONTENT="in" HPOS="1434" VPOS="1254" WIDTH="32" HEIGHT="75" STYLEREFS="font0"/><SP WIDTH="23" VPOS="1254" HPOS="1466"/><String ID="p517_w566" CONTENT="greateft" HPOS="1489" VPOS="1254" WIDTH="135" HEIGHT="75" STYLEREFS="font0"/><SP WIDTH="17" VPOS="1254" HPOS="1624"/><String ID="p517_w567" CONTENT="perfe&lt;5Hon" HPOS="1641" VPOS="1254" WIDTH="171" HEIGHT="75" STYLEREFS="font0"/><SP WIDTH="22" VPOS="1254" HPOS="1812"/><String ID="p517_w568" CONTENT="to" HPOS="1834" VPOS="1254" WIDTH="36" HEIGHT="75" STYLEREFS="font0"/><SP WIDTH="20" VPOS="1254" HPOS="1870"/><String ID="p517_w569" CONTENT="the" HPOS="1890" VPOS="1254" WIDTH="57" HEIGHT="75" STYLEREFS="font0"/><SP WIDTH="24" VPOS="1254" HPOS="1947"/><String ID="p517_w570" CONTENT="former." HPOS="1971" VPOS="1254" WIDTH="133" HEIGHT="75" STYLEREFS="font0"/><SP WIDTH="47" VPOS="1254" HPOS="2104"/><String ID="p517_w571" CONTENT="The" HPOS="2151" VPOS="1254" WIDTH="78" HEIGHT="75" STYLEREFS="font0"/><SP WIDTH="25" VPOS="1254" HPOS="2229"/><String ID="p517_w572" CONTENT="me-" HPOS="2254" VPOS="1254" WIDTH="66" HEIGHT="75" STYLEREFS="font0"/></TextLine><TextLine WIDTH="985" HEIGHT="75" ID="p517_t81" HPOS="1336" VPOS="1300"><String ID="p517_w573" CONTENT="dical" HPOS="1336" VPOS="1300" WIDTH="82" HEIGHT="75" STYLEREFS="font0"/><SP WIDTH="17" VPOS="1300" HPOS="1418"/><String ID="p517_w574" CONTENT="effects" HPOS="1435" VPOS="1300" WIDTH="108" HEIGHT="75" STYLEREFS="font0"/><SP WIDTH="17" VPOS="1300" HPOS="1543"/><String ID="p517_w575" CONTENT="of" HPOS="1560" VPOS="1300" WIDTH="40" HEIGHT="75" STYLEREFS="font0"/><SP WIDTH="10" VPOS="1300" HPOS="1600"/><String ID="p517_w576" CONTENT="aftringents" HPOS="1610" VPOS="1300" WIDTH="185" HEIGHT="75" STYLEREFS="font0"/><SP WIDTH="17" VPOS="1300" HPOS="1795"/><String ID="p517_w577" CONTENT="are," HPOS="1812" VPOS="1300" WIDTH="66" HEIGHT="75" STYLEREFS="font0"/><SP WIDTH="25" VPOS="1300" HPOS="1878"/><String ID="p517_w578" CONTENT="to" HPOS="1903" VPOS="1300" WIDTH="35" HEIGHT="75" STYLEREFS="font0"/><SP WIDTH="17" VPOS="1300" HPOS="1938"/><String ID="p517_w579" CONTENT="conftringe" HPOS="1955" VPOS="1300" WIDTH="176" HEIGHT="75" STYLEREFS="font0"/><SP WIDTH="14" VPOS="1300" HPOS="2131"/><String ID="p517_w580" CONTENT="the" HPOS="2145" VPOS="1300" WIDTH="56" HEIGHT="75" STYLEREFS="font0"/><SP WIDTH="12" VPOS="1300" HPOS="2201"/><String ID="p517_w581" CONTENT="fibres," HPOS="2213" VPOS="1300" WIDTH="108" HEIGHT="75" STYLEREFS="font0"/></TextLine><TextLine WIDTH="986" HEIGHT="75" ID="p517_t82" HPOS="1336" VPOS="1346"><String ID="p517_w582" CONTENT="and" HPOS="1336" VPOS="1346" WIDTH="64" HEIGHT="75" STYLEREFS="font0"/><SP WIDTH="21" VPOS="1346" HPOS="1400"/><String ID="p517_w583" CONTENT="incraffate" HPOS="1421" VPOS="1346" WIDTH="164" HEIGHT="75" STYLEREFS="font0"/><SP WIDTH="24" VPOS="1346" HPOS="1585"/><String ID="p517_w584" CONTENT="or" HPOS="1609" VPOS="1346" WIDTH="37" HEIGHT="75" STYLEREFS="font0"/><SP WIDTH="27" VPOS="1346" HPOS="1646"/><String ID="p517_w585" CONTENT="lightly" HPOS="1673" VPOS="1346" WIDTH="119" HEIGHT="75" STYLEREFS="font0"/><SP WIDTH="23" VPOS="1346" HPOS="1792"/><String ID="p517_w586" CONTENT="thicken" HPOS="1815" VPOS="1346" WIDTH="131" HEIGHT="75" STYLEREFS="font0"/><SP WIDTH="29" VPOS="1346" HPOS="1946"/><String ID="p517_w587" CONTENT="the" HPOS="1975" VPOS="1346" WIDTH="55" HEIGHT="75" STYLEREFS="font0"/><SP WIDTH="23" VPOS="1346" HPOS="2030"/><String ID="p517_w588" CONTENT="juices." HPOS="2053" VPOS="1346" WIDTH="115" HEIGHT="75" STYLEREFS="font0"/><SP WIDTH="47" VPOS="1346" HPOS="2168"/><String ID="p517_w589" CONTENT="Their" HPOS="2215" VPOS="1346" WIDTH="107" HEIGHT="75" STYLEREFS="font0"/></TextLine><TextLine WIDTH="986" HEIGHT="75" ID="p517_t83" HPOS="1336" VPOS="1393"><String ID="p517_w590" CONTENT="more" HPOS="1336" VPOS="1393" WIDTH="91" HEIGHT="75" STYLEREFS="font0"/><SP WIDTH="16" VPOS="1393" HPOS="1427"/><String ID="p517_w591" CONTENT="experienced" HPOS="1443" VPOS="1393" WIDTH="211" HEIGHT="75" STYLEREFS="font0"/><SP WIDTH="16" VPOS="1393" HPOS="1654"/><String ID="p517_w592" CONTENT="ufe" HPOS="1670" VPOS="1393" WIDTH="53" HEIGHT="75" STYLEREFS="font0"/><SP WIDTH="16" VPOS="1393" HPOS="1723"/><String ID="p517_w593" CONTENT="is" HPOS="1739" VPOS="1393" WIDTH="27" HEIGHT="75" STYLEREFS="font0"/><SP WIDTH="17" VPOS="1393" HPOS="1766"/><String ID="p517_w594" CONTENT="in" HPOS="1783" VPOS="1393" WIDTH="32" HEIGHT="75" STYLEREFS="font0"/><SP WIDTH="16" VPOS="1393" HPOS="1815"/><String ID="p517_w595" CONTENT="diforders" HPOS="1831" VPOS="1393" WIDTH="160" HEIGHT="75" STYLEREFS="font0"/><SP WIDTH="28" VPOS="1393" HPOS="1991"/><String ID="p517_w596" CONTENT="proceeding" HPOS="2019" VPOS="1393" WIDTH="193" HEIGHT="75" STYLEREFS="font0"/><SP WIDTH="23" VPOS="1393" HPOS="2212"/><String ID="p517_w597" CONTENT="from" HPOS="2235" VPOS="1393" WIDTH="87" HEIGHT="75" STYLEREFS="font0"/></TextLine><TextLine WIDTH="977" HEIGHT="75" ID="p517_t84" HPOS="1344" VPOS="1439"><String ID="p517_w598" CONTENT="a" HPOS="1344" VPOS="1439" WIDTH="16" HEIGHT="75" STYLEREFS="font0"/><SP WIDTH="18" VPOS="1439" HPOS="1360"/><String ID="p517_w599" CONTENT="debility" HPOS="1378" VPOS="1439" WIDTH="136" HEIGHT="75" STYLEREFS="font0"/><SP WIDTH="23" VPOS="1439" HPOS="1514"/><String ID="p517_w600" CONTENT="or" HPOS="1537" VPOS="1439" WIDTH="38" HEIGHT="75" STYLEREFS="font0"/><SP WIDTH="24" VPOS="1439" HPOS="1575"/><String ID="p517_w601" CONTENT="flaccid" HPOS="1599" VPOS="1439" WIDTH="112" HEIGHT="75" STYLEREFS="font0"/><SP WIDTH="22" VPOS="1439" HPOS="1711"/><String ID="p517_w602" CONTENT="ftate" HPOS="1733" VPOS="1439" WIDTH="77" HEIGHT="75" STYLEREFS="font0"/><SP WIDTH="25" VPOS="1439" HPOS="1810"/><String ID="p517_w603" CONTENT="of" HPOS="1835" VPOS="1439" WIDTH="40" HEIGHT="75" STYLEREFS="font0"/><SP WIDTH="17" VPOS="1439" HPOS="1875"/><String ID="p517_w604" CONTENT="the" HPOS="1892" VPOS="1439" WIDTH="55" HEIGHT="75" STYLEREFS="font0"/><SP WIDTH="22" VPOS="1439" HPOS="1947"/><String ID="p517_w605" CONTENT="folids" HPOS="1969" VPOS="1439" WIDTH="96" HEIGHT="75" STYLEREFS="font0"/><SP WIDTH="15" VPOS="1439" HPOS="2065"/><String ID="p517_w606" CONTENT=";" HPOS="2080" VPOS="1439" WIDTH="10" HEIGHT="75" STYLEREFS="font0"/><SP WIDTH="38" VPOS="1439" HPOS="2090"/><String ID="p517_w607" CONTENT="in" HPOS="2128" VPOS="1439" WIDTH="31" HEIGHT="75" STYLEREFS="font0"/><SP WIDTH="26" VPOS="1439" HPOS="2159"/><String ID="p517_w608" CONTENT="haemor-" HPOS="2185" VPOS="1439" WIDTH="136" HEIGHT="75" STYLEREFS="font0"/></TextLine><TextLine WIDTH="984" HEIGHT="75" ID="p517_t85" HPOS="1337" VPOS="1486"><String ID="p517_w609" CONTENT="rhages" HPOS="1337" VPOS="1486" WIDTH="115" HEIGHT="75" STYLEREFS="font0"/><SP WIDTH="22" VPOS="1486" HPOS="1452"/><String ID="p517_w610" CONTENT="from" HPOS="1474" VPOS="1486" WIDTH="86" HEIGHT="75" STYLEREFS="font0"/><SP WIDTH="17" VPOS="1486" HPOS="1560"/><String ID="p517_w611" CONTENT="a" HPOS="1577" VPOS="1486" WIDTH="18" HEIGHT="75" STYLEREFS="font0"/><SP WIDTH="16" VPOS="1486" HPOS="1595"/><String ID="p517_w612" CONTENT="thinnels" HPOS="1611" VPOS="1486" WIDTH="140" HEIGHT="75" STYLEREFS="font0"/><SP WIDTH="17" VPOS="1486" HPOS="1751"/><String ID="p517_w613" CONTENT="of" HPOS="1768" VPOS="1486" WIDTH="40" HEIGHT="75" STYLEREFS="font0"/><SP WIDTH="19" VPOS="1486" HPOS="1808"/><String ID="p517_w614" CONTENT="the" HPOS="1827" VPOS="1486" WIDTH="56" HEIGHT="75" STYLEREFS="font0"/><SP WIDTH="22" VPOS="1486" HPOS="1883"/><String ID="p517_w615" CONTENT="blood," HPOS="1905" VPOS="1486" WIDTH="112" HEIGHT="75" STYLEREFS="font0"/><SP WIDTH="25" VPOS="1486" HPOS="2017"/><String ID="p517_w616" CONTENT="laxity," HPOS="2042" VPOS="1486" WIDTH="117" HEIGHT="75" STYLEREFS="font0"/><SP WIDTH="25" VPOS="1486" HPOS="2159"/><String ID="p517_w617" CONTENT="or" HPOS="2184" VPOS="1486" WIDTH="38" HEIGHT="75" STYLEREFS="font0"/><SP WIDTH="23" VPOS="1486" HPOS="2222"/><String ID="p517_w618" CONTENT="rup-" HPOS="2245" VPOS="1486" WIDTH="76" HEIGHT="75" STYLEREFS="font0"/></TextLine><TextLine WIDTH="982" HEIGHT="75" ID="p517_t86" HPOS="1337" VPOS="1533"><String ID="p517_w619" CONTENT="ture" HPOS="1337" VPOS="1533" WIDTH="72" HEIGHT="75" STYLEREFS="font0"/><SP WIDTH="16" VPOS="1533" HPOS="1409"/><String ID="p517_w620" CONTENT="of" HPOS="1425" VPOS="1533" WIDTH="40" HEIGHT="75" STYLEREFS="font0"/><SP WIDTH="19" VPOS="1533" HPOS="1465"/><String ID="p517_w621" CONTENT="the" HPOS="1484" VPOS="1533" WIDTH="57" HEIGHT="75" STYLEREFS="font0"/><SP WIDTH="17" VPOS="1533" HPOS="1541"/><String ID="p517_w622" CONTENT="veffek;" HPOS="1558" VPOS="1533" WIDTH="132" HEIGHT="75" STYLEREFS="font0"/><SP WIDTH="27" VPOS="1533" HPOS="1690"/><String ID="p517_w623" CONTENT="in" HPOS="1717" VPOS="1533" WIDTH="33" HEIGHT="75" STYLEREFS="font0"/><SP WIDTH="16" VPOS="1533" HPOS="1750"/><String ID="p517_w624" CONTENT="preternatural" HPOS="1766" VPOS="1533" WIDTH="231" HEIGHT="75" STYLEREFS="font0"/><SP WIDTH="17" VPOS="1533" HPOS="1997"/><String ID="p517_w625" CONTENT="difcharges" HPOS="2014" VPOS="1533" WIDTH="179" HEIGHT="75" STYLEREFS="font0"/><SP WIDTH="27" VPOS="1533" HPOS="2193"/><String ID="p517_w626" CONTENT="of" HPOS="2220" VPOS="1533" WIDTH="41" HEIGHT="75" STYLEREFS="font0"/><SP WIDTH="21" VPOS="1533" HPOS="2261"/><String ID="p517_w627" CONTENT="o-" HPOS="2282" VPOS="1533" WIDTH="37" HEIGHT="75" STYLEREFS="font0"/></TextLine><TextLine WIDTH="985" HEIGHT="75" ID="p517_t87" HPOS="1337" VPOS="1579"><String ID="p517_w628" CONTENT="ther" HPOS="1337" VPOS="1579" WIDTH="74" HEIGHT="75" STYLEREFS="font0"/><SP WIDTH="25" VPOS="1579" HPOS="1411"/><String ID="p517_w629" CONTENT="kinds," HPOS="1436" VPOS="1579" WIDTH="107" HEIGHT="75" STYLEREFS="font0"/><SP WIDTH="25" VPOS="1579" HPOS="1543"/><String ID="p517_w630" CONTENT="after" HPOS="1568" VPOS="1579" WIDTH="83" HEIGHT="75" STYLEREFS="font0"/><SP WIDTH="24" VPOS="1579" HPOS="1651"/><String ID="p517_w631" CONTENT="the" HPOS="1675" VPOS="1579" WIDTH="55" HEIGHT="75" STYLEREFS="font0"/><SP WIDTH="25" VPOS="1579" HPOS="1730"/><String ID="p517_w632" CONTENT="offending" HPOS="1755" VPOS="1579" WIDTH="164" HEIGHT="75" STYLEREFS="font0"/><SP WIDTH="16" VPOS="1579" HPOS="1919"/><String ID="p517_w633" CONTENT="matter" HPOS="1935" VPOS="1579" WIDTH="116" HEIGHT="75" STYLEREFS="font0"/><SP WIDTH="15" VPOS="1579" HPOS="2051"/><String ID="p517_w634" CONTENT="has" HPOS="2066" VPOS="1579" WIDTH="58" HEIGHT="75" STYLEREFS="font0"/><SP WIDTH="17" VPOS="1579" HPOS="2124"/><String ID="p517_w635" CONTENT="been" HPOS="2141" VPOS="1579" WIDTH="79" HEIGHT="75" STYLEREFS="font0"/><SP WIDTH="21" VPOS="1579" HPOS="2220"/><String ID="p517_w636" CONTENT="duly" HPOS="2241" VPOS="1579" WIDTH="81" HEIGHT="75" STYLEREFS="font0"/></TextLine><TextLine WIDTH="950" HEIGHT="75" ID="p517_t88" HPOS="1336" VPOS="1624"><String ID="p517_w637" CONTENT="corrected" HPOS="1336" VPOS="1624" WIDTH="163" HEIGHT="75" STYLEREFS="font0"/><SP WIDTH="16" VPOS="1624" HPOS="1499"/><String ID="p517_w638" CONTENT="or" HPOS="1515" VPOS="1624" WIDTH="37" HEIGHT="75" STYLEREFS="font0"/><SP WIDTH="16" VPOS="1624" HPOS="1552"/><String ID="p517_w639" CONTENT="evacuated;" HPOS="1568" VPOS="1624" WIDTH="193" HEIGHT="75" STYLEREFS="font0"/><SP WIDTH="27" VPOS="1624" HPOS="1761"/><String ID="p517_w640" CONTENT="and" HPOS="1788" VPOS="1624" WIDTH="62" HEIGHT="75" STYLEREFS="font0"/><SP WIDTH="16" VPOS="1624" HPOS="1850"/><String ID="p517_w641" CONTENT="in" HPOS="1866" VPOS="1624" WIDTH="32" HEIGHT="75" STYLEREFS="font0"/><SP WIDTH="16" VPOS="1624" HPOS="1898"/><String ID="p517_w642" CONTENT="external" HPOS="1914" VPOS="1624" WIDTH="146" HEIGHT="75" STYLEREFS="font0"/><SP WIDTH="17" VPOS="1624" HPOS="2060"/><String ID="p517_w643" CONTENT="relaxations." HPOS="2077" VPOS="1624" WIDTH="209" HEIGHT="75" STYLEREFS="font0"/></TextLine><TextLine WIDTH="1029" HEIGHT="75" ID="p517_t89" HPOS="1292" VPOS="1671"><String ID="p517_w644" CONTENT="ASTROGNOSIA," HPOS="1292" VPOS="1671" WIDTH="362" HEIGHT="75" STYLEREFS="font0"/><SP WIDTH="26" VPOS="1671" HPOS="1654"/><String ID="p517_w645" CONTENT="the" HPOS="1680" VPOS="1671" WIDTH="55" HEIGHT="75" STYLEREFS="font0"/><SP WIDTH="27" VPOS="1671" HPOS="1735"/><String ID="p517_w646" CONTENT="fcience" HPOS="1762" VPOS="1671" WIDTH="123" HEIGHT="75" STYLEREFS="font0"/><SP WIDTH="23" VPOS="1671" HPOS="1885"/><String ID="p517_w647" CONTENT="of" HPOS="1908" VPOS="1671" WIDTH="39" HEIGHT="75" STYLEREFS="font0"/><SP WIDTH="23" VPOS="1671" HPOS="1947"/><String ID="p517_w648" CONTENT="the" HPOS="1970" VPOS="1671" WIDTH="55" HEIGHT="75" STYLEREFS="font0"/><SP WIDTH="27" VPOS="1671" HPOS="2025"/><String ID="p517_w649" CONTENT="fixed" HPOS="2052" VPOS="1671" WIDTH="89" HEIGHT="75" STYLEREFS="font0"/><SP WIDTH="23" VPOS="1671" HPOS="2141"/><String ID="p517_w650" CONTENT="ftars," HPOS="2164" VPOS="1671" WIDTH="89" HEIGHT="75" STYLEREFS="font0"/><SP WIDTH="30" VPOS="1671" HPOS="2253"/><String ID="p517_w651" CONTENT="or" HPOS="2283" VPOS="1671" WIDTH="38" HEIGHT="75" STYLEREFS="font0"/></TextLine><TextLine WIDTH="982" HEIGHT="75" ID="p517_t90" HPOS="1339" VPOS="1717"><String ID="p517_w652" CONTENT="the" HPOS="1339" VPOS="1717" WIDTH="55" HEIGHT="75" STYLEREFS="font0"/><SP WIDTH="27" VPOS="1717" HPOS="1394"/><String ID="p517_w653" CONTENT="knowlege" HPOS="1421" VPOS="1717" WIDTH="166" HEIGHT="75" STYLEREFS="font0"/><SP WIDTH="27" VPOS="1717" HPOS="1587"/><String ID="p517_w654" CONTENT="of" HPOS="1614" VPOS="1717" WIDTH="41" HEIGHT="75" STYLEREFS="font0"/><SP WIDTH="21" VPOS="1717" HPOS="1655"/><String ID="p517_w655" CONTENT="their" HPOS="1676" VPOS="1717" WIDTH="85" HEIGHT="75" STYLEREFS="font0"/><SP WIDTH="19" VPOS="1717" HPOS="1761"/><String ID="p517_w656" CONTENT="names," HPOS="1780" VPOS="1717" WIDTH="120" HEIGHT="75" STYLEREFS="font0"/><SP WIDTH="26" VPOS="1717" HPOS="1900"/><String ID="p517_w657" CONTENT="conftellations," HPOS="1926" VPOS="1717" WIDTH="247" HEIGHT="75" STYLEREFS="font0"/><SP WIDTH="25" VPOS="1717" HPOS="2173"/><String ID="p517_w658" CONTENT="magni-" HPOS="2198" VPOS="1717" WIDTH="123" HEIGHT="75" STYLEREFS="font0"/></TextLine><TextLine WIDTH="197" HEIGHT="75" ID="p517_t91" HPOS="1338" VPOS="1763"><String ID="p517_w659" CONTENT="tudes," HPOS="1338" VPOS="1763" WIDTH="106" HEIGHT="75" STYLEREFS="font0"/><SP WIDTH="26" VPOS="1763" HPOS="1444"/><String ID="p517_w660" CONTENT="fee." HPOS="1470" VPOS="1763" WIDTH="65" HEIGHT="75" STYLEREFS="font0"/></TextLine><TextLine WIDTH="1029" HEIGHT="75" ID="p517_t92" HPOS="1291" VPOS="1810"><String ID="p517_w661" CONTENT="ASTROITES," HPOS="1291" VPOS="1810" WIDTH="288" HEIGHT="75" STYLEREFS="font0"/><SP WIDTH="25" VPOS="1810" HPOS="1579"/><String ID="p517_w662" CONTENT="or" HPOS="1604" VPOS="1810" WIDTH="38" HEIGHT="75" STYLEREFS="font0"/><SP WIDTH="25" VPOS="1810" HPOS="1642"/><String ID="p517_w663" CONTENT="Star" HPOS="1667" VPOS="1810" WIDTH="104" HEIGHT="75" STYLEREFS="font0"/><SP WIDTH="20" VPOS="1810" HPOS="1771"/><String ID="p517_w664" CONTENT="stone," HPOS="1791" VPOS="1810" WIDTH="133" HEIGHT="75" STYLEREFS="font0"/><SP WIDTH="29" VPOS="1810" HPOS="1924"/><String ID="p517_w665" CONTENT="in" HPOS="1953" VPOS="1810" WIDTH="32" HEIGHT="75" STYLEREFS="font0"/><SP WIDTH="17" VPOS="1810" HPOS="1985"/><String ID="p517_w666" CONTENT="natural-hiftory," HPOS="2002" VPOS="1810" WIDTH="273" HEIGHT="75" STYLEREFS="font0"/><SP WIDTH="17" VPOS="1810" HPOS="2275"/><String ID="p517_w667" CONTENT="is" HPOS="2292" VPOS="1810" WIDTH="28" HEIGHT="75" STYLEREFS="font0"/></TextLine><TextLine WIDTH="984" HEIGHT="75" ID="p517_t93" HPOS="1338" VPOS="1857"><String ID="p517_w668" CONTENT="fo" HPOS="1338" VPOS="1857" WIDTH="34" HEIGHT="75" STYLEREFS="font0"/><SP WIDTH="17" VPOS="1857" HPOS="1372"/><String ID="p517_w669" CONTENT="called" HPOS="1389" VPOS="1857" WIDTH="104" HEIGHT="75" STYLEREFS="font0"/><SP WIDTH="19" VPOS="1857" HPOS="1493"/><String ID="p517_w670" CONTENT="on" HPOS="1512" VPOS="1857" WIDTH="41" HEIGHT="75" STYLEREFS="font0"/><SP WIDTH="15" VPOS="1857" HPOS="1553"/><String ID="p517_w671" CONTENT="account" HPOS="1568" VPOS="1857" WIDTH="134" HEIGHT="75" STYLEREFS="font0"/><SP WIDTH="16" VPOS="1857" HPOS="1702"/><String ID="p517_w672" CONTENT="of" HPOS="1718" VPOS="1857" WIDTH="40" HEIGHT="75" STYLEREFS="font0"/><SP WIDTH="11" VPOS="1857" HPOS="1758"/><String ID="p517_w673" CONTENT="its" HPOS="1769" VPOS="1857" WIDTH="42" HEIGHT="75" STYLEREFS="font0"/><SP WIDTH="19" VPOS="1857" HPOS="1811"/><String ID="p517_w674" CONTENT="refemblance" HPOS="1830" VPOS="1857" WIDTH="211" HEIGHT="75" STYLEREFS="font0"/><SP WIDTH="16" VPOS="1857" HPOS="2041"/><String ID="p517_w675" CONTENT="to" HPOS="2057" VPOS="1857" WIDTH="35" HEIGHT="75" STYLEREFS="font0"/><SP WIDTH="17" VPOS="1857" HPOS="2092"/><String ID="p517_w676" CONTENT="a" HPOS="2109" VPOS="1857" WIDTH="20" HEIGHT="75" STYLEREFS="font0"/><SP WIDTH="14" VPOS="1857" HPOS="2129"/><String ID="p517_w677" CONTENT="ftar." HPOS="2143" VPOS="1857" WIDTH="73" HEIGHT="75" STYLEREFS="font0"/><SP WIDTH="43" VPOS="1857" HPOS="2216"/><String ID="p517_w678" CONTENT="See" HPOS="2259" VPOS="1857" WIDTH="63" HEIGHT="75" STYLEREFS="font0"/></TextLine><TextLine WIDTH="264" HEIGHT="75" ID="p517_t94" HPOS="1339" VPOS="1902"><String ID="p517_w679" CONTENT="Star-stone." HPOS="1339" VPOS="1902" WIDTH="264" HEIGHT="75" STYLEREFS="font0"/></TextLine><TextLine WIDTH="1030" HEIGHT="75" ID="p517_t95" HPOS="1292" VPOS="1949"><String ID="p517_w680" CONTENT="ASTROLABE," HPOS="1292" VPOS="1949" WIDTH="306" HEIGHT="75" STYLEREFS="font0"/><SP WIDTH="19" VPOS="1949" HPOS="1598"/><String ID="p517_w681" CONTENT="the" HPOS="1617" VPOS="1949" WIDTH="55" HEIGHT="75" STYLEREFS="font0"/><SP WIDTH="18" VPOS="1949" HPOS="1672"/><String ID="p517_w682" CONTENT="name" HPOS="1690" VPOS="1949" WIDTH="91" HEIGHT="75" STYLEREFS="font0"/><SP WIDTH="16" VPOS="1949" HPOS="1781"/><String ID="p517_w683" CONTENT="for" HPOS="1797" VPOS="1949" WIDTH="52" HEIGHT="75" STYLEREFS="font0"/><SP WIDTH="16" VPOS="1949" HPOS="1849"/><String ID="p517_w684" CONTENT="a" HPOS="1865" VPOS="1949" WIDTH="19" HEIGHT="75" STYLEREFS="font0"/><SP WIDTH="16" VPOS="1949" HPOS="1884"/><String ID="p517_w685" CONTENT="ftereographic" HPOS="1900" VPOS="1949" WIDTH="230" HEIGHT="75" STYLEREFS="font0"/><SP WIDTH="16" VPOS="1949" HPOS="2130"/><String ID="p517_w686" CONTENT="projection" HPOS="2146" VPOS="1949" WIDTH="176" HEIGHT="75" STYLEREFS="font0"/></TextLine><TextLine WIDTH="982" HEIGHT="75" ID="p517_t96" HPOS="1338" VPOS="1996"><String ID="p517_w687" CONTENT="of" HPOS="1338" VPOS="1996" WIDTH="41" HEIGHT="75" STYLEREFS="font0"/><SP WIDTH="11" VPOS="1996" HPOS="1379"/><String ID="p517_w688" CONTENT="the" HPOS="1390" VPOS="1996" WIDTH="56" HEIGHT="75" STYLEREFS="font0"/><SP WIDTH="19" VPOS="1996" HPOS="1446"/><String ID="p517_w689" CONTENT="fphere," HPOS="1465" VPOS="1996" WIDTH="124" HEIGHT="75" STYLEREFS="font0"/><SP WIDTH="26" VPOS="1996" HPOS="1589"/><String ID="p517_w690" CONTENT="either" HPOS="1615" VPOS="1996" WIDTH="104" HEIGHT="75" STYLEREFS="font0"/><SP WIDTH="26" VPOS="1996" HPOS="1719"/><String ID="p517_w691" CONTENT="upon" HPOS="1745" VPOS="1996" WIDTH="86" HEIGHT="75" STYLEREFS="font0"/><SP WIDTH="24" VPOS="1996" HPOS="1831"/><String ID="p517_w692" CONTENT="the" HPOS="1855" VPOS="1996" WIDTH="55" HEIGHT="75" STYLEREFS="font0"/><SP WIDTH="17" VPOS="1996" HPOS="1910"/><String ID="p517_w693" CONTENT="plane" HPOS="1927" VPOS="1996" WIDTH="92" HEIGHT="75" STYLEREFS="font0"/><SP WIDTH="18" VPOS="1996" HPOS="2019"/><String ID="p517_w694" CONTENT="of" HPOS="2037" VPOS="1996" WIDTH="41" HEIGHT="75" STYLEREFS="font0"/><SP WIDTH="16" VPOS="1996" HPOS="2078"/><String ID="p517_w695" CONTENT="the" HPOS="2094" VPOS="1996" WIDTH="56" HEIGHT="75" STYLEREFS="font0"/><SP WIDTH="21" VPOS="1996" HPOS="2150"/><String ID="p517_w696" CONTENT="equator," HPOS="2171" VPOS="1996" WIDTH="149" HEIGHT="75" STYLEREFS="font0"/></TextLine><TextLine WIDTH="988" HEIGHT="75" ID="p517_t97" HPOS="1337" VPOS="2043"><String ID="p517_w697" CONTENT="the" HPOS="1337" VPOS="2043" WIDTH="55" HEIGHT="75" STYLEREFS="font0"/><SP WIDTH="17" VPOS="2043" HPOS="1392"/><String ID="p517_w698" CONTENT="eye" HPOS="1409" VPOS="2043" WIDTH="58" HEIGHT="75" STYLEREFS="font0"/><SP WIDTH="16" VPOS="2043" HPOS="1467"/><String ID="p517_w699" CONTENT="being" HPOS="1483" VPOS="2043" WIDTH="94" HEIGHT="75" STYLEREFS="font0"/><SP WIDTH="10" VPOS="2043" HPOS="1577"/><String ID="p517_w700" CONTENT="fuppofed" HPOS="1587" VPOS="2043" WIDTH="153" HEIGHT="75" STYLEREFS="font0"/><SP WIDTH="16" VPOS="2043" HPOS="1740"/><String ID="p517_w701" CONTENT="to" HPOS="1756" VPOS="2043" WIDTH="35" HEIGHT="75" STYLEREFS="font0"/><SP WIDTH="16" VPOS="2043" HPOS="1791"/><String ID="p517_w702" CONTENT="be" HPOS="1807" VPOS="2043" WIDTH="40" HEIGHT="75" STYLEREFS="font0"/><SP WIDTH="18" VPOS="2043" HPOS="1847"/><String ID="p517_w703" CONTENT="in" HPOS="1865" VPOS="2043" WIDTH="32" HEIGHT="75" STYLEREFS="font0"/><SP WIDTH="12" VPOS="2043" HPOS="1897"/><String ID="p517_w704" CONTENT="the" HPOS="1909" VPOS="2043" WIDTH="56" HEIGHT="75" STYLEREFS="font0"/><SP WIDTH="17" VPOS="2043" HPOS="1965"/><String ID="p517_w705" CONTENT="pole" HPOS="1982" VPOS="2043" WIDTH="73" HEIGHT="75" STYLEREFS="font0"/><SP WIDTH="15" VPOS="2043" HPOS="2055"/><String ID="p517_w706" CONTENT="of" HPOS="2070" VPOS="2043" WIDTH="41" HEIGHT="75" STYLEREFS="font0"/><SP WIDTH="11" VPOS="2043" HPOS="2111"/><String ID="p517_w707" CONTENT="the" HPOS="2122" VPOS="2043" WIDTH="55" HEIGHT="75" STYLEREFS="font0"/><SP WIDTH="16" VPOS="2043" HPOS="2177"/><String ID="p517_w708" CONTENT="world" HPOS="2193" VPOS="2043" WIDTH="103" HEIGHT="75" STYLEREFS="font0"/><SP WIDTH="12" VPOS="2043" HPOS="2296"/><String ID="p517_w709" CONTENT=";" HPOS="2308" VPOS="2043" WIDTH="8" HEIGHT="75" STYLEREFS="font0"/><String ID="p517_w710" CONTENT="•" HPOS="2316" VPOS="2043" WIDTH="9" HEIGHT="75" STYLEREFS="font0"/></TextLine><TextLine WIDTH="982" HEIGHT="75" ID="p517_t98" HPOS="1337" VPOS="2088"><String ID="p517_w711" CONTENT="or" HPOS="1337" VPOS="2088" WIDTH="37" HEIGHT="75" STYLEREFS="font0"/><SP WIDTH="22" VPOS="2088" HPOS="1374"/><String ID="p517_w712" CONTENT="upon" HPOS="1396" VPOS="2088" WIDTH="85" HEIGHT="75" STYLEREFS="font0"/><SP WIDTH="25" VPOS="2088" HPOS="1481"/><String ID="p517_w713" CONTENT="the" HPOS="1506" VPOS="2088" WIDTH="55" HEIGHT="75" STYLEREFS="font0"/><SP WIDTH="25" VPOS="2088" HPOS="1561"/><String ID="p517_w714" CONTENT="plane" HPOS="1586" VPOS="2088" WIDTH="91" HEIGHT="75" STYLEREFS="font0"/><SP WIDTH="27" VPOS="2088" HPOS="1677"/><String ID="p517_w715" CONTENT="of" HPOS="1704" VPOS="2088" WIDTH="41" HEIGHT="75" STYLEREFS="font0"/><SP WIDTH="22" VPOS="2088" HPOS="1745"/><String ID="p517_w716" CONTENT="the" HPOS="1767" VPOS="2088" WIDTH="55" HEIGHT="75" STYLEREFS="font0"/><SP WIDTH="24" VPOS="2088" HPOS="1822"/><String ID="p517_w717" CONTENT="meridian," HPOS="1846" VPOS="2088" WIDTH="167" HEIGHT="75" STYLEREFS="font0"/><SP WIDTH="25" VPOS="2088" HPOS="2013"/><String ID="p517_w718" CONTENT="when" HPOS="2038" VPOS="2088" WIDTH="93" HEIGHT="75" STYLEREFS="font0"/><SP WIDTH="15" VPOS="2088" HPOS="2131"/><String ID="p517_w719" CONTENT="the" HPOS="2146" VPOS="2088" WIDTH="56" HEIGHT="75" STYLEREFS="font0"/><SP WIDTH="15" VPOS="2088" HPOS="2202"/><String ID="p517_w720" CONTENT="eye" HPOS="2217" VPOS="2088" WIDTH="59" HEIGHT="75" STYLEREFS="font0"/><SP WIDTH="16" VPOS="2088" HPOS="2276"/><String ID="p517_w721" CONTENT="is" HPOS="2292" VPOS="2088" WIDTH="27" HEIGHT="75" STYLEREFS="font0"/></TextLine><TextLine WIDTH="981" HEIGHT="75" ID="p517_t99" HPOS="1338" VPOS="2133"><String ID="p517_w722" CONTENT="fuppofed" HPOS="1338" VPOS="2133" WIDTH="152" HEIGHT="75" STYLEREFS="font0"/><SP WIDTH="22" VPOS="2133" HPOS="1490"/><String ID="p517_w723" CONTENT="in" HPOS="1512" VPOS="2133" WIDTH="32" HEIGHT="75" STYLEREFS="font0"/><SP WIDTH="18" VPOS="2133" HPOS="1544"/><String ID="p517_w724" CONTENT="the" HPOS="1562" VPOS="2133" WIDTH="56" HEIGHT="75" STYLEREFS="font0"/><SP WIDTH="24" VPOS="2133" HPOS="1618"/><String ID="p517_w725" CONTENT="point" HPOS="1642" VPOS="2133" WIDTH="89" HEIGHT="75" STYLEREFS="font0"/><SP WIDTH="19" VPOS="2133" HPOS="1731"/><String ID="p517_w726" CONTENT="of" HPOS="1750" VPOS="2133" WIDTH="40" HEIGHT="75" STYLEREFS="font0"/><SP WIDTH="12" VPOS="2133" HPOS="1790"/><String ID="p517_w727" CONTENT="the" HPOS="1802" VPOS="2133" WIDTH="54" HEIGHT="75" STYLEREFS="font0"/><SP WIDTH="17" VPOS="2133" HPOS="1856"/><String ID="p517_w728" CONTENT="interfeCtion" HPOS="1873" VPOS="2133" WIDTH="197" HEIGHT="75" STYLEREFS="font0"/><SP WIDTH="26" VPOS="2133" HPOS="2070"/><String ID="p517_w729" CONTENT="of" HPOS="2096" VPOS="2133" WIDTH="40" HEIGHT="75" STYLEREFS="font0"/><SP WIDTH="19" VPOS="2133" HPOS="2136"/><String ID="p517_w730" CONTENT="the" HPOS="2155" VPOS="2133" WIDTH="56" HEIGHT="75" STYLEREFS="font0"/><SP WIDTH="17" VPOS="2133" HPOS="2211"/><String ID="p517_w731" CONTENT="equi-" HPOS="2228" VPOS="2133" WIDTH="91" HEIGHT="75" STYLEREFS="font0"/></TextLine><TextLine WIDTH="353" HEIGHT="75" ID="p517_t100" HPOS="1340" VPOS="2179"><String ID="p517_w732" CONTENT="noxial" HPOS="1340" VPOS="2179" WIDTH="108" HEIGHT="75" STYLEREFS="font0"/><SP WIDTH="18" VPOS="2179" HPOS="1448"/><String ID="p517_w733" CONTENT="and" HPOS="1466" VPOS="2179" WIDTH="62" HEIGHT="75" STYLEREFS="font0"/><SP WIDTH="15" VPOS="2179" HPOS="1528"/><String ID="p517_w734" CONTENT="horizon." HPOS="1543" VPOS="2179" WIDTH="150" HEIGHT="75" STYLEREFS="font0"/></TextLine><TextLine WIDTH="1030" HEIGHT="75" ID="p517_t101" HPOS="1291" VPOS="2225"><String ID="p517_w735" CONTENT="Astrolabe" HPOS="1291" VPOS="2225" WIDTH="233" HEIGHT="75" STYLEREFS="font0"/><SP WIDTH="19" VPOS="2225" HPOS="1524"/><String ID="p517_w736" CONTENT="is" HPOS="1543" VPOS="2225" WIDTH="27" HEIGHT="75" STYLEREFS="font0"/><SP WIDTH="17" VPOS="2225" HPOS="1570"/><String ID="p517_w737" CONTENT="alfo" HPOS="1587" VPOS="2225" WIDTH="65" HEIGHT="75" STYLEREFS="font0"/><SP WIDTH="16" VPOS="2225" HPOS="1652"/><String ID="p517_w738" CONTENT="an" HPOS="1668" VPOS="2225" WIDTH="39" HEIGHT="75" STYLEREFS="font0"/><SP WIDTH="16" VPOS="2225" HPOS="1707"/><String ID="p517_w739" CONTENT="inftrument" HPOS="1723" VPOS="2225" WIDTH="186" HEIGHT="75" STYLEREFS="font0"/><SP WIDTH="14" VPOS="2225" HPOS="1909"/><String ID="p517_w740" CONTENT="for" HPOS="1923" VPOS="2225" WIDTH="53" HEIGHT="75" STYLEREFS="font0"/><SP WIDTH="15" VPOS="2225" HPOS="1976"/><String ID="p517_w741" CONTENT="taking" HPOS="1991" VPOS="2225" WIDTH="111" HEIGHT="75" STYLEREFS="font0"/><SP WIDTH="15" VPOS="2225" HPOS="2102"/><String ID="p517_w742" CONTENT="thealtitude" HPOS="2117" VPOS="2225" WIDTH="204" HEIGHT="75" STYLEREFS="font0"/></TextLine><TextLine WIDTH="849" HEIGHT="75" ID="p517_t102" HPOS="1336" VPOS="2272"><String ID="p517_w743" CONTENT="of" HPOS="1336" VPOS="2272" WIDTH="44" HEIGHT="75" STYLEREFS="font0"/><SP WIDTH="10" VPOS="2272" HPOS="1380"/><String ID="p517_w744" CONTENT="the" HPOS="1390" VPOS="2272" WIDTH="55" HEIGHT="75" STYLEREFS="font0"/><SP WIDTH="20" VPOS="2272" HPOS="1445"/><String ID="p517_w745" CONTENT="fun" HPOS="1465" VPOS="2272" WIDTH="56" HEIGHT="75" STYLEREFS="font0"/><SP WIDTH="19" VPOS="2272" HPOS="1521"/><String ID="p517_w746" CONTENT="or" HPOS="1540" VPOS="2272" WIDTH="37" HEIGHT="75" STYLEREFS="font0"/><SP WIDTH="18" VPOS="2272" HPOS="1577"/><String ID="p517_w747" CONTENT="ftars" HPOS="1595" VPOS="2272" WIDTH="75" HEIGHT="75" STYLEREFS="font0"/><SP WIDTH="16" VPOS="2272" HPOS="1670"/><String ID="p517_w748" CONTENT="at" HPOS="1686" VPOS="2272" WIDTH="33" HEIGHT="75" STYLEREFS="font0"/><SP WIDTH="16" VPOS="2272" HPOS="1719"/><String ID="p517_w749" CONTENT="fea." HPOS="1735" VPOS="2272" WIDTH="64" HEIGHT="75" STYLEREFS="font0"/><SP WIDTH="50" VPOS="2272" HPOS="1799"/><String ID="p517_w750" CONTENT="See" HPOS="1849" VPOS="2272" WIDTH="62" HEIGHT="75" STYLEREFS="font0"/><SP WIDTH="16" VPOS="2272" HPOS="1911"/><String ID="p517_w751" CONTENT="Astronomy." HPOS="1927" VPOS="2272" WIDTH="258" HEIGHT="75" STYLEREFS="font0"/></TextLine><TextLine WIDTH="1026" HEIGHT="75" ID="p517_t103" HPOS="1293" VPOS="2317"><String ID="p517_w752" CONTENT="Astrolabe," HPOS="1293" VPOS="2317" WIDTH="250" HEIGHT="75" STYLEREFS="font0"/><SP WIDTH="31" VPOS="2317" HPOS="1543"/><String ID="p517_w753" CONTENT="among" HPOS="1574" VPOS="2317" WIDTH="114" HEIGHT="75" STYLEREFS="font0"/><SP WIDTH="17" VPOS="2317" HPOS="1688"/><String ID="p517_w754" CONTENT="the" HPOS="1705" VPOS="2317" WIDTH="54" HEIGHT="75" STYLEREFS="font0"/><SP WIDTH="16" VPOS="2317" HPOS="1759"/><String ID="p517_w755" CONTENT="ancients," HPOS="1775" VPOS="2317" WIDTH="153" HEIGHT="75" STYLEREFS="font0"/><SP WIDTH="26" VPOS="2317" HPOS="1928"/><String ID="p517_w756" CONTENT="was" HPOS="1954" VPOS="2317" WIDTH="64" HEIGHT="75" STYLEREFS="font0"/><SP WIDTH="17" VPOS="2317" HPOS="2018"/><String ID="p517_w757" CONTENT="the" HPOS="2035" VPOS="2317" WIDTH="56" HEIGHT="75" STYLEREFS="font0"/><SP WIDTH="18" VPOS="2317" HPOS="2091"/><String ID="p517_w758" CONTENT="fame" HPOS="2109" VPOS="2317" WIDTH="84" HEIGHT="75" STYLEREFS="font0"/><SP WIDTH="16" VPOS="2317" HPOS="2193"/><String ID="p517_w759" CONTENT="as" HPOS="2209" VPOS="2317" WIDTH="33" HEIGHT="75" STYLEREFS="font0"/><SP WIDTH="16" VPOS="2317" HPOS="2242"/><String ID="p517_w760" CONTENT="our" HPOS="2258" VPOS="2317" WIDTH="61" HEIGHT="75" STYLEREFS="font0"/></TextLine><TextLine WIDTH="301" HEIGHT="75" ID="p517_t104" HPOS="1341" VPOS="2363"><String ID="p517_w761" CONTENT="armillary" HPOS="1341" VPOS="2363" WIDTH="162" HEIGHT="75" STYLEREFS="font0"/><SP WIDTH="15" VPOS="2363" HPOS="1503"/><String ID="p517_w762" CONTENT="fphere." HPOS="1518" VPOS="2363" WIDTH="124" HEIGHT="75" STYLEREFS="font0"/></TextLine><TextLine WIDTH="1025" HEIGHT="75" ID="p517_t105" HPOS="1293" VPOS="2409"><String ID="p517_w763" CONTENT="ASTROLOGY," HPOS="1293" VPOS="2409" WIDTH="311" HEIGHT="75" STYLEREFS="font0"/><SP WIDTH="25" VPOS="2409" HPOS="1604"/><String ID="p517_w764" CONTENT="a" HPOS="1629" VPOS="2409" WIDTH="20" HEIGHT="75" STYLEREFS="font0"/><SP WIDTH="26" VPOS="2409" HPOS="1649"/><String ID="p517_w765" CONTENT="conjectural" HPOS="1675" VPOS="2409" WIDTH="191" HEIGHT="75" STYLEREFS="font0"/><SP WIDTH="27" VPOS="2409" HPOS="1866"/><String ID="p517_w766" CONTENT="fcience," HPOS="1893" VPOS="2409" WIDTH="133" HEIGHT="75" STYLEREFS="font0"/><SP WIDTH="33" VPOS="2409" HPOS="2026"/><String ID="p517_w767" CONTENT="which" HPOS="2059" VPOS="2409" WIDTH="106" HEIGHT="75" STYLEREFS="font0"/><SP WIDTH="26" VPOS="2409" HPOS="2165"/><String ID="p517_w768" CONTENT="teaches" HPOS="2191" VPOS="2409" WIDTH="127" HEIGHT="75" STYLEREFS="font0"/></TextLine><TextLine WIDTH="980" HEIGHT="75" ID="p517_t106" HPOS="1340" VPOS="2456"><String ID="p517_w769" CONTENT="to" HPOS="1340" VPOS="2456" WIDTH="35" HEIGHT="75" STYLEREFS="font0"/><SP WIDTH="12" VPOS="2456" HPOS="1375"/><String ID="p517_w770" CONTENT="judge" HPOS="1387" VPOS="2456" WIDTH="100" HEIGHT="75" STYLEREFS="font0"/><SP WIDTH="17" VPOS="2456" HPOS="1487"/><String ID="p517_w771" CONTENT="of" HPOS="1504" VPOS="2456" WIDTH="40" HEIGHT="75" STYLEREFS="font0"/><SP WIDTH="9" VPOS="2456" HPOS="1544"/><String ID="p517_w772" CONTENT="the" HPOS="1553" VPOS="2456" WIDTH="56" HEIGHT="75" STYLEREFS="font0"/><SP WIDTH="15" VPOS="2456" HPOS="1609"/><String ID="p517_w773" CONTENT="effeCts" HPOS="1624" VPOS="2456" WIDTH="108" HEIGHT="75" STYLEREFS="font0"/><SP WIDTH="18" VPOS="2456" HPOS="1732"/><String ID="p517_w774" CONTENT="and" HPOS="1750" VPOS="2456" WIDTH="60" HEIGHT="75" STYLEREFS="font0"/><SP WIDTH="17" VPOS="2456" HPOS="1810"/><String ID="p517_w775" CONTENT="influences" HPOS="1827" VPOS="2456" WIDTH="169" HEIGHT="75" STYLEREFS="font0"/><SP WIDTH="16" VPOS="2456" HPOS="1996"/><String ID="p517_w776" CONTENT="of" HPOS="2012" VPOS="2456" WIDTH="42" HEIGHT="75" STYLEREFS="font0"/><SP WIDTH="16" VPOS="2456" HPOS="2054"/><String ID="p517_w777" CONTENT="the" HPOS="2070" VPOS="2456" WIDTH="56" HEIGHT="75" STYLEREFS="font0"/><SP WIDTH="16" VPOS="2456" HPOS="2126"/><String ID="p517_w778" CONTENT="ftars," HPOS="2142" VPOS="2456" WIDTH="89" HEIGHT="75" STYLEREFS="font0"/><SP WIDTH="25" VPOS="2456" HPOS="2231"/><String ID="p517_w779" CONTENT="and" HPOS="2256" VPOS="2456" WIDTH="64" HEIGHT="75" STYLEREFS="font0"/></TextLine><TextLine WIDTH="979" HEIGHT="75" ID="p517_t107" HPOS="1340" VPOS="2501"><String ID="p517_w780" CONTENT="to" HPOS="1340" VPOS="2501" WIDTH="36" HEIGHT="75" STYLEREFS="font0"/><SP WIDTH="16" VPOS="2501" HPOS="1376"/><String ID="p517_w781" CONTENT="foretel" HPOS="1392" VPOS="2501" WIDTH="114" HEIGHT="75" STYLEREFS="font0"/><SP WIDTH="18" VPOS="2501" HPOS="1506"/><String ID="p517_w782" CONTENT="future" HPOS="1524" VPOS="2501" WIDTH="106" HEIGHT="75" STYLEREFS="font0"/><SP WIDTH="17" VPOS="2501" HPOS="1630"/><String ID="p517_w783" CONTENT="events" HPOS="1647" VPOS="2501" WIDTH="108" HEIGHT="75" STYLEREFS="font0"/><SP WIDTH="18" VPOS="2501" HPOS="1755"/><String ID="p517_w784" CONTENT="by" HPOS="1773" VPOS="2501" WIDTH="43" HEIGHT="75" STYLEREFS="font0"/><SP WIDTH="26" VPOS="2501" HPOS="1816"/><String ID="p517_w785" CONTENT="the" HPOS="1842" VPOS="2501" WIDTH="57" HEIGHT="75" STYLEREFS="font0"/><SP WIDTH="22" VPOS="2501" HPOS="1899"/><String ID="p517_w786" CONTENT="fituation" HPOS="1921" VPOS="2501" WIDTH="146" HEIGHT="75" STYLEREFS="font0"/><SP WIDTH="23" VPOS="2501" HPOS="2067"/><String ID="p517_w787" CONTENT="and" HPOS="2090" VPOS="2501" WIDTH="62" HEIGHT="75" STYLEREFS="font0"/><SP WIDTH="16" VPOS="2501" HPOS="2152"/><String ID="p517_w788" CONTENT="different" HPOS="2168" VPOS="2501" WIDTH="151" HEIGHT="75" STYLEREFS="font0"/></TextLine><TextLine WIDTH="978" HEIGHT="75" ID="p517_t108" HPOS="1340" VPOS="2548"><String ID="p517_w789" CONTENT="afpeCts" HPOS="1340" VPOS="2548" WIDTH="119" HEIGHT="75" STYLEREFS="font0"/><SP WIDTH="16" VPOS="2548" HPOS="1459"/><String ID="p517_w790" CONTENT="of" HPOS="1475" VPOS="2548" WIDTH="40" HEIGHT="75" STYLEREFS="font0"/><SP WIDTH="11" VPOS="2548" HPOS="1515"/><String ID="p517_w791" CONTENT="the" HPOS="1526" VPOS="2548" WIDTH="55" HEIGHT="75" STYLEREFS="font0"/><SP WIDTH="18" VPOS="2548" HPOS="1581"/><String ID="p517_w792" CONTENT="heavenly" HPOS="1599" VPOS="2548" WIDTH="155" HEIGHT="75" STYLEREFS="font0"/><SP WIDTH="14" VPOS="2548" HPOS="1754"/><String ID="p517_w793" CONTENT="bodies." HPOS="1768" VPOS="2548" WIDTH="125" HEIGHT="75" STYLEREFS="font0"/><SP WIDTH="48" VPOS="2548" HPOS="1893"/><String ID="p517_w794" CONTENT="This" HPOS="1941" VPOS="2548" WIDTH="86" HEIGHT="75" STYLEREFS="font0"/><SP WIDTH="15" VPOS="2548" HPOS="2027"/><String ID="p517_w795" CONTENT="fcience" HPOS="2042" VPOS="2548" WIDTH="121" HEIGHT="75" STYLEREFS="font0"/><SP WIDTH="11" VPOS="2548" HPOS="2163"/><String ID="p517_w796" CONTENT="has" HPOS="2174" VPOS="2548" WIDTH="56" HEIGHT="75" STYLEREFS="font0"/><SP WIDTH="12" VPOS="2548" HPOS="2230"/><String ID="p517_w797" CONTENT="long" HPOS="2242" VPOS="2548" WIDTH="76" HEIGHT="75" STYLEREFS="font0"/></TextLine><TextLine WIDTH="910" HEIGHT="75" ID="p517_t109" HPOS="1342" VPOS="2593"><String ID="p517_w798" CONTENT="ago" HPOS="1342" VPOS="2593" WIDTH="59" HEIGHT="75" STYLEREFS="font0"/><SP WIDTH="15" VPOS="2593" HPOS="1401"/><String ID="p517_w799" CONTENT="become" HPOS="1416" VPOS="2593" WIDTH="131" HEIGHT="75" STYLEREFS="font0"/><SP WIDTH="16" VPOS="2593" HPOS="1547"/><String ID="p517_w800" CONTENT="a" HPOS="1563" VPOS="2593" WIDTH="18" HEIGHT="75" STYLEREFS="font0"/><SP WIDTH="13" VPOS="2593" HPOS="1581"/><String ID="p517_w801" CONTENT="juft" HPOS="1594" VPOS="2593" WIDTH="59" HEIGHT="75" STYLEREFS="font0"/><SP WIDTH="15" VPOS="2593" HPOS="1653"/><String ID="p517_w802" CONTENT="fubjeCt" HPOS="1668" VPOS="2593" WIDTH="117" HEIGHT="75" STYLEREFS="font0"/><SP WIDTH="17" VPOS="2593" HPOS="1785"/><String ID="p517_w803" CONTENT="of" HPOS="1802" VPOS="2593" WIDTH="41" HEIGHT="75" STYLEREFS="font0"/><SP WIDTH="10" VPOS="2593" HPOS="1843"/><String ID="p517_w804" CONTENT="contempt" HPOS="1853" VPOS="2593" WIDTH="160" HEIGHT="75" STYLEREFS="font0"/><SP WIDTH="18" VPOS="2593" HPOS="2013"/><String ID="p517_w805" CONTENT="and" HPOS="2031" VPOS="2593" WIDTH="62" HEIGHT="75" STYLEREFS="font0"/><SP WIDTH="16" VPOS="2593" HPOS="2093"/><String ID="p517_w806" CONTENT="ridicule." HPOS="2109" VPOS="2593" WIDTH="143" HEIGHT="75" STYLEREFS="font0"/></TextLine><TextLine WIDTH="1026" HEIGHT="75" ID="p517_t110" HPOS="1292" VPOS="2643"><String ID="p517_w807" CONTENT="ASTRONOMICALS," HPOS="1292" VPOS="2643" WIDTH="428" HEIGHT="75" STYLEREFS="font0"/><SP WIDTH="26" VPOS="2643" HPOS="1720"/><String ID="p517_w808" CONTENT="a" HPOS="1746" VPOS="2643" WIDTH="19" HEIGHT="75" STYLEREFS="font0"/><SP WIDTH="21" VPOS="2643" HPOS="1765"/><String ID="p517_w809" CONTENT="name" HPOS="1786" VPOS="2643" WIDTH="90" HEIGHT="75" STYLEREFS="font0"/><SP WIDTH="16" VPOS="2643" HPOS="1876"/><String ID="p517_w810" CONTENT="fometimes" HPOS="1892" VPOS="2643" WIDTH="178" HEIGHT="75" STYLEREFS="font0"/><SP WIDTH="16" VPOS="2643" HPOS="2070"/><String ID="p517_w811" CONTENT="given" HPOS="2086" VPOS="2643" WIDTH="93" HEIGHT="75" STYLEREFS="font0"/><SP WIDTH="17" VPOS="2643" HPOS="2179"/><String ID="p517_w812" CONTENT="to" HPOS="2196" VPOS="2643" WIDTH="34" HEIGHT="75" STYLEREFS="font0"/><SP WIDTH="15" VPOS="2643" HPOS="2230"/><String ID="p517_w813" CONTENT="fex-" HPOS="2245" VPOS="2643" WIDTH="73" HEIGHT="75" STYLEREFS="font0"/></TextLine><TextLine WIDTH="976" HEIGHT="75" ID="p517_t111" HPOS="1341" VPOS="2690"><String ID="p517_w814" CONTENT="agefimal" HPOS="1341" VPOS="2690" WIDTH="143" HEIGHT="75" STYLEREFS="font0"/><SP WIDTH="16" VPOS="2690" HPOS="1484"/><String ID="p517_w815" CONTENT="fractions." HPOS="1500" VPOS="2690" WIDTH="161" HEIGHT="75" STYLEREFS="font0"/><SP WIDTH="50" VPOS="2690" HPOS="1661"/><String ID="p517_w816" CONTENT="See" HPOS="1711" VPOS="2690" WIDTH="62" HEIGHT="75" STYLEREFS="font0"/><SP WIDTH="20" VPOS="2690" HPOS="1773"/><String ID="p517_w817" CONTENT="Arithmetic," HPOS="1793" VPOS="2690" WIDTH="277" HEIGHT="75" STYLEREFS="font0"/><SP WIDTH="26" VPOS="2690" HPOS="2070"/><String ID="p517_w818" CONTENT="Of" HPOS="2096" VPOS="2690" WIDTH="55" HEIGHT="75" STYLEREFS="font0"/><SP WIDTH="6" VPOS="2690" HPOS="2151"/><String ID="p517_w819" CONTENT="fexagefi-" HPOS="2157" VPOS="2690" WIDTH="160" HEIGHT="75" STYLEREFS="font0"/></TextLine><TextLine WIDTH="93" HEIGHT="75" ID="p517_t112" HPOS="1342" VPOS="2733"><String ID="p517_w820" CONTENT="v.als." HPOS="1342" VPOS="2733" WIDTH="93" HEIGHT="75" STYLEREFS="font0"/></TextLine><TextLine WIDTH="90" HEIGHT="75" ID="p517_t113" HPOS="1721" VPOS="2849"><String ID="p517_w821" CONTENT=",s" HPOS="1721" VPOS="2849" WIDTH="32" HEIGHT="75" STYLEREFS="font0"/><SP WIDTH="26" VPOS="2849" HPOS="1753"/><String ID="p517_w822" CONTENT="R" HPOS="1779" VPOS="2849" WIDTH="32" HEIGHT="75" STYLEREFS="font0"/></TextLine><TextLine WIDTH="396" HEIGHT="75" ID="p517_t114" HPOS="318" VPOS="2835"><String ID="p517_w823" CONTENT="Vol." HPOS="318" VPOS="2835" WIDTH="100" HEIGHT="75" STYLEREFS="font0"/><SP WIDTH="17" VPOS="2835" HPOS="418"/><String ID="p517_w824" CONTENT="I." HPOS="435" VPOS="2835" WIDTH="31" HEIGHT="75" STYLEREFS="font0"/><SP WIDTH="47" VPOS="2835" HPOS="466"/><String ID="p517_w825" CONTENT="Numb." HPOS="513" VPOS="2835" WIDTH="125" HEIGHT="75" STYLEREFS="font0"/><SP WIDTH="22" VPOS="2835" HPOS="638"/><String ID="p517_w826" CONTENT="19." HPOS="660" VPOS="2835" WIDTH="54" HEIGHT="75" STYLEREFS="font0"/></TextLine><TextLine WIDTH="17" HEIGHT="75" ID="p517_t115" HPOS="1002" VPOS="2846"><String ID="p517_w827" CONTENT="3" HPOS="1002" VPOS="2846" WIDTH="17" HEIGHT="75" STYLEREFS="font0"/></TextLine><TextLine WIDTH="175" HEIGHT="75" ID="p517_t116" HPOS="2142" VPOS="2845"><String ID="p517_w828" CONTENT="ASTRO-" HPOS="2142" VPOS="2845" WIDTH="175" HEIGHT="75" STYLEREFS="font0"/></TextLine></PrintSpace></Page></Layout></alto>