2557 3387
204 133 81 75 6i8

782 131 1117 75 BOOK-KEEPING

518 283 68 75 Of
626 283 73 75 the
747 283 27 75 S
796 283 44 75 U
865 283 35 75 B
922 283 64 75 SJ
1008 283 42 75 D
1074 283 16 75 I
1108 283 40 75 A
1164 283 36 75 11
1228 283 30 75 V
1312 283 271 75 BOOKS
1633 283 100 75 ufed
1784 283 59 75 by
1891 283 306 75 Merchants.

243 416 177 75 Though
441 416 41 75 all
500 416 344 75 tnerchant-accompts
860 416 74 75 may
945 416 40 75 be
996 416 77 75 kept
1089 416 43 75 hy
1144 416 186 75 xhzWafte-

197 465 84 75 book.
308 465 159 75 Journal,
493 465 61 75 and
570 465 135 75 Ledger,
731 465 112 75 alone;
871 465 54 75 yet
942 465 72 75 men
1032 465 40 75 of
1084 465 91 75 great
1192 465 135 75 bufinefs

195 511 66 75 find
278 511 25 75 it
331 511 201 75 convenient,
555 511 103 75 either
683 511 51 75 for
762 511 167 75 abridging
954 511 100 75 thefe,
1088 511 37 75 or
1154 511 51 75 for
1233 511 94 75 other

195 558 92 75 ends,
312 558 35 75 to
363 558 53 75 ufe
433 558 85 75 fome
545 558 123 75 others,
694 558 162 75 generally
873 558 102 75 called
992 558 181 75 fubjjdlary
1191 558 37 75 or
1245 558 79 75 fub-

183 604 153 75 fervient
349 604 122 75 Books;
497 604 56 75 the
569 604 80 75 molt
665 604 147 75 common
825 604 40 75 of
875 604 106 75 which
998 604 53 75 are
1068 604 87 75 thefe
1172 604 73 75 nine
1262 604 62 75 fol-

194 651 133 75 lowing,
353 651 70 75 viz.

587 743 30 75 i.
646 743 78 75 The
744 743 199 75 Cajh-book.

242 818 103 75 This
365 818 86 75 book
477 818 27 75 is
520 818 76 75 kept
613 818 32 75 in
664 818 18 75 a
697 818 80 75 folio
793 818 97 75 form,
916 818 150 75 like.the
1094 818 143 75 Ledger,
1264 818 61 75 and

193 865 105 75 ferves
316 865 35 75 to
379 865 131 75 abridge
526 865 56 75 the
600 865 245 75 Cafn-accompt
862 865 102 75 there.
1014 865 54 75 On
1086 865 55 75 the
1164 865 161 75 left-hand

193 912 94 75 page,
306 912 37 75 or
352 912 53 75 Dr
416 912 73 75 fide,
508 912 83 75 Cajh
608 912 26 75 is
645 912 139 75 charged
801 912 53 75 Dr
867 912 50 75 for
930 912 40 75 all
981 912 55 75 the
1054 912 82 75 fums
1155 912 145 75 received
1313 912 9 75 ;

193 958 65 75 and
274 958 41 75 on
327 958 55 75 the
399 958 190 75 right-hand
604 958 92 75 page,
723 958 83 75 Cajlo
821 958 27 75 is
869 958 92 75 made
987 958 47 75 Cr
1051 958 51 75 for
1115 958 42 75 all
1167 958 56 75 the
1241 958 82 75 (urns

193 1004 86 75 paid.
330 1004 93 75 Once
442 1004 18 75 a
488 1004 102 75 week,
619 1004 48 75 or,
701 1004 107 75 which
836 1004 26 75 is
891 1004 88 75 more
1007 1004 163 75 ordinary,
1199 1004 79 75 once
1303 1004 19 75 a

192 1051 127 75 month,
346 1051 65 75 this
435 1051 87 75 book
537 1051 26 75 is
581 1051 108 75 polled
705 1051 35 75 to
757 1051 54 75 the
828 1051 131 75 Ledger
973 1051 10 75 ;
1010 1051 49 75 or,
1085 1051 29 75 if
1127 1051 61 75 you
1206 1051 116 75 pleafe,

192 1097 67 75 firft
275 1097 35 75 to
326 1097 55 75 the
398 1097 147 75 Journal,
563 1097 44 75 by
623 1097 66 75 fwo
706 1097 129 75 entries,
854 1097 170 75 vizCajl)
1035 1097 52 75 Dr
1104 1097 35 75 to
1150 1097 171 75 Sundries,

192 1144 54 75 for
258 1144 42 75 all
313 1144 56 75 the
378 1144 149 75 receipts,
545 1144 62 75 and
625 1144 158 75 Sundries
797 1144 68 75 Drs
878 1144 35 75 to
930 1144 95 75 Cajb,
1051 1144 51 75 for
1115 1144 42 75 all
1175 1144 54 75 the
1247 1144 75 75 pay-

192 1190 120 75 ments.
361 1190 52 75 By
431 1190 63 75 this
511 1190 109 75 means
646 1190 55 75 the
719 1190 246 75 Caflr-accampt
980 1190 32 75 in
1038 1190 56 75 the
1111 1190 130 75 Ledger
1257 1190 66 75 will

192 1237 40 75 be
249 1237 35 75 fo
301 1237 51 75 far
368 1237 183 75 contradted
568 1237 35 75 as
618 1237 36 75 to
671 1237 109 75 confill
792 1237 39 75 of
847 1237 38 75 12
904 1237 92 75 lines,
1016 1237 67 75 viz.
1101 1237 61 75 one
1179 1237 51 75 for
1246 1237 78 75 each

191 1283 114 75 month
323 1283 32 75 in
371 1283 55 75 the
443 1283 89 75 year.
581 1283 33 75 A
630 1283 156 75 fpecimen
804 1283 33 75 oi
856 1283 62 75 this
935 1283 87 75 book
1038 1283 141 75 follows.

1176 1329 24 75 /.
1233 1329 29 75 /.
1287 1329 33 75 d.

653 1380 100 75 1769.

611 1454 100 75 Caffs,
723 1486 9 49 t
743 1454 76 75 Dr.

304 1519 54 75 To
369 1519 123 75 George
514 1519 87 75 Hill,
627 1519 146 75 received
788 1519 30 75 in
837 1519 24 75 fi
874 1519 21 75 ll
915 1519 51 75 for
981 1519 87 75 lead.

302 1567 54 75 To
375 1567 87 75 John
479 1567 89 75 Scot,
593 1567 33 75 in
639 1567 71 75 part
727 1567 52 75 for
796 1567 106 75 fugar.

302 1614 55 75 To
375 1614 116 75 Robert
507 1614 146 75 Hunter,
679 1614 52 75 for
741 1614 42 75 .A
805 1614 55 75 ZTs
878 1614 56 75 bill
952 1614 41 75 on
1009 1614 80 75 him,

253 1660 39 75 18
301 1660 56 75 To
373 1660 82 75 Port
470 1660 101 75 wine,
598 1660 144 75 received
761 1660 50 75 for
828 1660 13 75 1
864 1660 83 75 pipe,

250 1707 38 75 31
301 1707 55 75 To
375 1707 116 75 James
504 1707 84 75 Neil
602 1707 70 75 and
684 1707 100 75 comp,
800 1707 33 75 in
849 1707 60 75 full
926 1707 53 75 for
991 1707 141 75 tobacco.

205 2003 78 75 July

624 1908 152 75 -1769.-

595 1979 147 75 Contra,
763 1979 60 75 Cr.

300 2045 54 75 iBy
372 2045 121 75 George
510 2045 160 75 Duncan,
687 2045 73 75 paid
776 2045 32 75 in
825 2045 60 75 full
898 2045 51 75 for
961 2045 129 75 canary,

303 2092 49 75 By
367 2092 41 75 R.
424 2092 179 75 Richmond
615 2092 67 75 and
690 2092 53 75 Co.
763 2092 30 75 in
812 2092 71 75 part
897 2092 50 75 for
964 2092 134 75 dowlas,

307 2138 46 75 By
365 2138 137 75 Samuel
515 2138 120 75 Smith,
661 2138 73 75 paid
751 2138 64 75 him
834 2138 42 75 R.
899 2138 127 75 Blair'h
1043 2138 72 75 bill.

306 2185 47 75 By
367 2185 157 75 Holland,
551 2185 52 75 for
621 2185 17 75 2
660 2185 118 75 pieces,
795 2185 32 75 at
845 2185 75 75 18/.

308 2230 45 75 By
370 2230 139 75 Charges
521 2230 44 75 of
571 2230 241 75 vurchandtze.

306 2278 48 75 By
371 2278 284 75 Houfe-expences,
767 2278 14 75 -
902 2278 14 75 -

1150 2039 116 75 10000

1169 2089 44 75 60

1376 411 55 75 the
1453 411 276 75 money-columns
1753 411 40 75 of
1816 411 64 75 this
1896 411 87 75 book
2000 411 53 75 are
2078 411 104 75 added
2206 411 55 75 up,
2287 411 62 75 and
2368 411 54 75 the
2438 411 69 75 fnm

1377 460 124 75 carried
1517 460 35 75 to
1569 460 55 75 the
1637 460 180 75 credit-fide
1835 460 40 75 of
1886 460 55 75 the
1958 460 198 75 Cafh-book.

1427 506 49 75 N.
1495 506 42 75 B.
1563 506 48 75 At
1630 506 54 75 the
1700 506 84 75 fame
1801 506 78 75 time
1895 506 62 75 you
1976 506 67 75 poll
2060 506 54 75 the
2132 506 147 75 monthly
2296 506 84 75 fums
2391 506 39 75 of
2444 506 64 75 this

1375 551 87 75 book
1478 551 35 75 tQ
1530 551 55 75 the
1602 551 83 75 Cafh
1702 551 98 75 book,
1826 551 63 75 you
1920 551 79 75 mull
2015 551 88 75 debit
2120 551 55 75 the
2200 551 119 75 feveral
2345 551 162 75 accompts

1377 598 40 75 of
1427 598 102 75 goods
1545 598 63 75 and
1624 598 137 75 voyages
1788 598 50 75 for
1854 598 86 75 their
1965 598 171 75 particular
2162 598 103 75 fhares
2282 598 40 75 of
2345 598 133 75 charges
2493 598 12 75 ;

1362 644 119 75 -which
1498 644 26 75 is
1553 644 83 75 done
1652 644 44 75 by
1712 644 114 75 palling
1842 644 56 75 the
1927 644 166 75 following
2120 644 93 75 entry
2230 644 30 75 in
2289 644 56 75 the
2358 644 147 75 Journal,

1377 691 137 75 namely,
1548 691 159 75 Sundries

1849 691 56 75 the
1922 691 119 75 feveral
2066 691 160 75 accompts
2255 691 40 75 of
2321 691 103 75 goods
2444 691 63 75 and

1377 737 138 75 voyages
1541 737 50 75 for
1619 737 84 75 their
1722 737 168 75 rcfpedtive
1918 737 120 75 (hares)
2058 737 67 75 Drs
2155 737 34 75 to
2206 737 139 75 Charges
2362 737 42 75 of
2422 737 85 75 mer-

1377 784 170 75 chandize.
1595 784 78 75 The
1691 784 173 75 remaining
1882 784 70 75 part
1969 784 40 75 of
2029 784 87 75 thefe
2133 784 132 75 charges
2282 784 65 75 will
2375 784 39 75 be
2431 784 76 75 fuch

1376 831 33 75 as
1427 831 99 75 relate
1544 831 35 75 to
1595 831 90 75 trade
1698 831 32 75 in
1748 831 142 75 general,
1909 831 96 75 being
2021 831 190 75 chargeable
2228 831 34 75 to
2276 831 41 75 no
2333 831 174 75 particular

1375 876 158 75 accompt,
1559 876 62 75 and
1638 876 65 75 will
1721 876 39 75 of
1783 876 111 75 courfe
1919 876 57 75 fall
1993 876 69 75 into
2080 876 54 75 the
2163 876 126 75 general
2311 876 143 75 accompt
2473 876 42 75 of

1375 923 105 75 Profit
1498 923 69 75 and
1589 923 87 75 Lofis,
1705 923 92 75 when
1815 923 56 75 the
1896 923 146 75 accompt
2058 923 41 75 of
2120 923 141 75 Charges
2285 923 44 75 of
2337 923 169 75 merchan-

1375 969 74 75 dize
1466 969 31 75 in
1526 969 56 75 the
1599 969 130 75 Ledger
1757 969 26 75 is
1801 969 118 75 clofed,
1946 969 32 75 at
1995 969 167 75 balancing
2187 969 54 75 the
2266 969 114 75 books.
2429 969 78 75 The

1373 1017 82 75 form
1473 1017 40 75 of
1525 1017 62 75 this
1604 1017 86 75 book
1706 1017 140 75 follows,

1382 1210 80 75 July

1859 1118 95 75 1769.

1600 1190 157 75 Charges
1775 1190 19 75 o
1796 1190 28 75 f
1831 1190 281 75 Merchandize,
2140 1190 77 75 Dr.

1482 1251 54 75 To
1552 1251 96 75 Cafi}?,
1673 1251 72 75 paid
1763 1251 51 75 for
1831 1251 119 75 freight
1963 1251 41 75 of
2019 1251 41 75 10
2072 1251 73 75 tuns
2159 1251 42 75 of
2210 1251 83 75 iron,

1484 1297 53 75 To
1554 1297 94 75 ditto,
1673 1297 73 75 paid
1765 1297 118 75 cullom
1901 1297 40 75 of
1952 1297 95 75 ditto,

1482 1344 55 75 To
1554 1344 94 75 ditto,
1673 1344 74 75 paid
1764 1344 94 75 other
1875 1344 90 75 petty
1981 1344 131 75 charges
2130 1344 40 75 on
2188 1344 95 75 ditto.

1484 1390 53 75 To
1554 1390 94 75 ditto,
1666 1390 73 75 paid
1750 1390 165 75 porterage
1929 1390 40 75 of
1972 1390 101 75 goods
2082 1390 121 75 bought
2210 1390 126 75 oLAZ?.

1481 1436 56 75 To
1554 1436 95 75 ditto,
1674 1436 74 75 paid
1764 1436 55 75 the
1836 1436 165 75 llationers
2018 1436 52 75 for
2086 1436 110 75 paper,

1432 1483 104 75 i8]To
1553 1483 95 75 ditto,
1673 1483 74 75 paid
1763 1483 126 75 portage
1906 1483 36 75 of
1957 1483 125 75 letters,

1429 1529 107 75 27IT0
1553 1529 94 75 ditto,
1674 1529 72 75 paid
1760 1529 73 75 rent
1845 1529 39 75 of
1898 1529 19 75 2
1932 1529 125 75 cellars,

1429 1576 110 75 3ijTo
1554 1576 94 75 ditto,
1674 1576 72 75 paid
1761 1576 134 75 charges
1908 1576 41 75 on
1966 1576 39 75 12
2024 1576 86 75 bales
2123 1576 41 75 of
2172 1576 99 75 Ikins,

2357 1258 37 75 18
2405 1258 46 75 00

2353 1310 92 75 20^5

1371 1683 10 75 i

2375 1488 130 75 o(ioo6

2377 1536 15 75 3
2409 1536 38 75 18
2460 1536 48 75 00

2374 1579 19 75 9
2395 1579 31 75 Jo
2429 1579 19 75 4
2459 1579 48 75 00

2368 1617 34 75 _j

2354 1673 93 75 56(02
2457 1673 46 75 02

1628 1767 77 75 The
1724 1767 96 75 Book
1841 1767 48 75 of
1907 1767 332 75 lloufe-expences.

245 2435 101 75 Note,
370 2435 192 75 Merchants
589 2435 70 75 that
676 2435 81 75 have
785 2435 220 75 calh-keepers
1031 2435 80 75 mull
1138 2435 125 75 bewarfe
1287 2435 35 75 to

195 2482 95 75 write
307 2482 62 75 any
384 2482 93 75 thing
500 2482 31 75 in
548 2482 56 75 the
620 2482 186 75 Calh-book
822 2482 189 75 themfeives
1026 2482 10 75 ;
1063 2482 51 75 for
1130 2482 31 75 if
1173 2482 76 75 they
1266 2482 58 75 do,

197 2530 57 75 the
271 2530 202 75 cafh-keeper
485 2530 27 75 is
525 2530 42 75 no
583 2530 91 75 more
684 2530 207 75 accountable
903 2530 51 75 for
964 2530 84 75 what
1066 2530 27 75 is
1104 2530 100 75 Hated
1224 2530 31 75 in
1269 2530 55 75 the

197 2576 108 75 book;
332 2576 61 75 and
421 2576 162 75 therefore
609 2576 55 75 the
686 2576 125 75 mailer,
836 2576 32 75 in
884 2576 68 75 cafe
969 2576 40 75 of
1031 2576 116 75 money
1163 2576 162 75 delivered

197 2624 36 75 to
249 2624 80 75 him,
354 2624 32 75 in
399 2624 54 75 the
471 2624 230 75 calh-keepers
718 2624 143 75 abfence,
878 2624 80 75 mull
974 2624 81 75 keep
1072 2624 25 75 it
1115 2624 54 75 till
1177 2624 40 75 he
1234 2624 90 75 come

196 2669 97 75 home
308 2669 10 75 ;
345 2669 61 75 and
423 2669 80 75 then
516 2669 124 75 deliver
652 2669 27 75 it
689 2669 35 75 to
739 2669 80 75 him,
844 2669 65 75 and
922 2669 51 75 fee
989 2669 66 75 him
1073 2669 92 75 enter,
1177 2669 26 75 it
1215 2669 32 75 in
1270 2669 56 75 the

198 2716 86 75 book
300 2716 140 75 himfelf.

332 2812 35 75 2.
396 2812 77 75 The
493 2812 106 75 Book
608 2812 18 75 o
629 2812 28 75 f
666 2812 160 75 Charges
844 2812 48 75 of
899 2812 278 75 Merchandize'.

246 2889 104 75 This
376 2889 87 75 book
478 2889 26 75 is
529 2889 208 75 only.paged,
763 2889 63 75 and
850 2889 147 75 defigned
1020 2889 35 75 to
1072 2889 182 75 abbreviate
1271 2889 59 75 the

202 2934 198 75 Calh-book.
465 2934 39 75 It
526 2934 142 75 contains
701 2934 171 75 particular
901 2934 132 75 charges
1060 2934 41 75 on
1134 2934 102 75 goods
1264 2934 65 75 and

201 2982 160 75 voyages;
387 2982 76 75 fueh
480 2982 47 75 as,
552 2982 155 75 carriage,
733 2982 131 75 cultom,
890 2982 132 75 freight,
1043 2982 146 75 cranage,
1208 2982 43 75 W'
1251 2982 74 75 harf-

202 3031 73 75 age,
300 3031 89 75 <tic.:
416 3031 48 75 As
482 3031 65 75 alfo
563 3031 94 75 other
681 3031 158 75 expences
856 3031 70 75 that
943 3031 93 75 affedl
1063 3031 91 75 trade
1170 3031 31 75 in
1231 3031 95 75 gene-

202 3077 52 75 ral
301 3077 75 75 fuch
396 3077 46 75 asj
463 3077 284 75 warehoufe-rent,
765 3077 173 75 Ihop-rent,
964 3077 228 75 accomptants
1208 3077 119 75 wages,

203 3123 129 75 polfoge
344 3123 39 75 of
403 3123 125 75 letters,
554 3123 62 75 and
632 3123 56 75 the
711 3123 77 75 like.
836 3123 50 75 At
901 3123 55 75 the
972 3123 66 75 end
1058 3123 42 75 of
1121 3123 78 75 each
1215 3123 113 75 month

1420 1837 103 75 This
1542 1837 86 75 book
1645 1837 26 75 is
1689 1837 65 75 alfo
1770 1837 115 75 paged,
1911 1837 62 75 and
1989 1837 149 75 defigned
2153 1837 141 75 likewife
2310 1837 37 75 to
2361 1837 69 75 eafe
2447 1837 58 75 the

1374 1881 197 75 Calh-beok.
1620 1881 32 75 It
1679 1881 144 75 contains
1853 1881 40 75 all
1923 1881 242 75 diftmrfements
2188 1881 51 75 for
2267 1881 236 75 family-provi-

1373 1927 92 75 fions,
1484 1927 140 75 fervants
1641 1927 117 75 wages,
1783 1927 197 75 houfe-rent,
2006 1927 140 75 apparel,
2172 1927 141 75 utenfils,
2427 1927 77 75 The

1373 1972 276 75 money-columns
1667 1972 40 75 of
1724 1972 63 75 this
1804 1972 86 75 book
1908 1972 54 75 are
1987 1972 66 75 alfo
2071 1972 103 75 added
2203 1972 41 75 up
2262 1972 32 75 at
2316 1972 55 75 the
2388 1972 62 75 end
2467 1972 41 75 of

1371 2020 76 75 each
1465 2020 125 75 month,
1616 2020 62 75 and
1693 2020 56 75 the
1765 2020 67 75 fum
1848 2020 199 75 transferred
2062 2020 36 75 to
2125 2020 55 75 the
2197 2020 101 75 credit
2315 2020 62 75 fide
2395 2020 39 75 of
2446 2020 58 75 the

1372 2065 200 75 Calh-book.

1419 2114 48 75 N.
1486 2114 44 75 B,
1549 2114 38 75 If
1599 2114 99 75 goods
1712 2114 53 75 are
1781 2114 140 75 brought
1933 2114 83 75 from
2031 2114 55 75 the
2104 2114 75 75 Ihop
2196 2114 51 75 for
2256 2114 56 75 the
2324 2114 53 75 ufe
2394 2114 39 75 of
2444 2114 57 75 the

1369 2160 123 75 family,
1519 2160 64 75 this
1601 2160 88 75 more
1711 2160 150 75 properly
1875 2160 132 75 belongs
2024 2160 35 75 to
2071 2160 55 75 the
2139 2160 113 75 Wafte
2269 2160 99 75 book,
2395 2160 62 75 and
2473 2160 28 75 is

1368 2206 55 75 not
1441 2206 35 75 to
1493 2206 39 75 be
1549 2206 137 75 inferted
1698 2206 88 75 here.
1837 2206 33 75 A
1887 2206 157 75 fpecimen
2056 2206 40 75 of
2109 2206 63 75 this
2190 2206 86 75 book
2294 2206 141 75 follows.

1466 2264 7 75 I

2350 2264 26 75 l.
2403 2264 88 75 s.\d.

1850 2308 97 75 1769.

1470 2382 4 75 j

1676 2382 338 75 Houje-expences,
2042 2382 74 75 Dr.

1451 2447 12 75 1
1476 2447 57 75 To
1548 2447 95 75 Cajh,
1669 2447 76 75 paid
1761 2447 51 75 for
1823 2447 71 75 new
1906 2447 139 75 cloaths,
2060 2447 69 75 hat,
2148 2447 62 75 and
2226 2447 161 75 lhoes,tio

1428 2494 40 75 10
1477 2494 62 75 To,
1550 2494 96 75 ditto,
1670 2494 73 75 paid
1760 2494 52 75 for
1824 2494 47 75 fix
1883 2494 294 75 drinking-glades,

1429 2539 106 75 17T0
1550 2539 96 75 ditto,
1671 2539 75 75 paid
1763 2539 51 75 for
1830 2539 247 75 earthen-ware,

1427 2585 39 75 25
1478 2585 60 75 T0
1551 2585 94 75 ditto,
1672 2585 75 75 paid
1763 2585 53 75 for
1837 2585 38 75 12
1893 2585 105 75 dozen
2016 2585 135 75 bottles,

1428 2632 37 75 31
1474 2632 61 75 To
1550 2632 95 75 ditto,
1671 2632 72 75 paid
1761 2632 308 75 pocket-expences,
2161 2632 14 75 -
2272 2632 15 75 -
2357 2632 143 75 ^og'oo

1475 2678 60 75 fio
1551 2678 96 75 dim,
1672 2678 75 75 paid
1763 2678 55 75 the
1834 2678 228 75 houfekeeper,
2112 2678 14 75 -
2224 2678 14 75 -
2347 2678 152 75 150609

2346 2773 11 75 _
2367 2773 20 75 6
2400 2773 45 75 c
2456 2773 46 75 00

1710 2865 36 75 4.
1776 2865 78 75 The
1874 2865 267 75 Invoice-book.

1417 2936 102 75 This
1538 2936 99 75 book,
1662 2936 105 75 which
1786 2936 26 75 is
1828 2936 77 75 ufed
1920 2936 115 75 chiefly
2051 2936 43 75 by
2106 2936 130 75 faftors,
2260 2936 27 75 is
2303 2936 116 75 paged,
2437 2936 64 75 and

1372 2982 143 75 contains
1531 2982 133 75 doubles
1681 2982 37 75 or
1736 2982 107 75 copies
1860 2982 33 75 01
1911 2982 56 75 the
1983 2982 139 75 invoices
2136 2982 39 75 of
2186 2982 102 75 goods
2304 2982 67 75 fent
2387 2982 112 75 tofea,

1373 3029 37 75 or
1425 3029 41 75 of
1476 3029 103 75 goods
1595 3029 148 75 received
1757 3029 84 75 from
1858 3029 133 75 abroad.
2038 3029 77 75 The
2133 3029 86 75 form
2230 3029 39 75 of
2282 3029 38 75 an
2336 3029 124 75 invoice
2472 3029 29 75 is

1374 3078 34 75 as
1423 3078 143 75 follows.

2356 3117 151 75 Londotty
