2443 3377
546 184 232 75 ARC

1136 184 20 75 (
1214 184 85 75 346
1354 184 19 75 )

1710 184 232 75 ARC

241 246 86 75 thers
345 246 66 75 {ay,
437 246 69 75 that
523 246 41 75 he
581 246 64 75 was
662 246 65 75 firft
745 246 103 75 called
872 246 80 75 dean
971 246 42 75 of
1030 246 56 75 the
1103 246 125 75 arches,

239 294 132 75 becaufe
388 294 56 75 the
456 294 117 75 official
590 294 36 75 to
645 294 56 75 the
719 294 199 75 archbiffiop,
945 294 56 75 the
1017 294 82 75 dean
1115 294 40 75 of
1174 294 56 75 the

239 341 124 75 arches,
387 341 66 75 was
469 341 50 75 his
541 341 165 75 fubfKttite
730 341 32 75 in
788 341 49 75 his
863 341 116 75 court;
1008 341 62 75 and
1092 341 44 75 by
1159 341 72 75 that

240 387 107 75 means
365 387 55 75 the
437 387 107 75 names
565 387 129 75 became
716 387 217 75 confounded.
982 387 78 75 The
1079 387 150 75 jurifdk-

239 433 67 75 tion
324 433 41 75 of
375 433 65 75 this
451 433 100 75 judge
568 433 26 75 is
603 433 165 75 ordinary,
787 433 62 75 and
865 433 138 75 extends
1020 433 142 75 through
1174 433 56 75 the

239 482 108 75 whole
363 482 151 75 province
530 482 40 75 of
589 482 226 75 Canterbury;
841 482 34 75 fo
891 482 84 75 that,
1000 482 85 75 upon
1102 482 62 75 any
1175 482 54 75 ap-

238 528 83 75 peal,
346 528 42 75 he
405 528 180 75 forthwith,
611 528 65 75 and
691 528 140 75 without
851 528 61 75 any
924 528 127 75 further
1067 528 163 75 examina-

237 575 69 75 tion
329 575 41 75 of
388 575 56 75 the
460 575 104 75 caufe,
589 575 92 75 fends
703 575 61 75 out
786 575 49 75 his
859 575 133 75 citation
1009 575 36 75 to
1061 575 57 75 the
1135 575 95 75 party

238 621 165 75 appealed,
429 621 62 75 and
507 621 50 75 his
574 621 168 75 inhibition
760 621 35 75 to
811 621 56 75 the
886 621 102 75 judge
1013 621 85 75 from
1121 621 108 75 whom

239 669 56 75 the
312 669 109 75 appeal
439 669 27 75 is
483 669 105 75 made.

189 715 174 75 Arches,
388 715 31 75 in
437 715 198 75 geography,
660 715 19 75 a
695 715 92 75 name
811 715 77 75 ufed
913 715 115 75 among
1046 715 183 75 navigators

239 762 51 75 for
306 762 56 75 the
381 762 230 75 Archipelago.

193 806 306 75 ARCHETYPE,
524 806 56 75 the
597 806 64 75 firft
676 806 107 75 model
800 806 42 75 of
852 806 19 75 a
882 806 104 75 work,
1004 806 106 75 which
1128 806 27 75 is
1173 806 55 75 co-

238 856 73 75 pied
328 856 83 75 after
423 856 36 75 to
472 856 92 75 make
577 856 134 75 another
723 856 65 75 like
799 856 39 75 it.
888 856 131 75 Among
1035 856 146 75 minters,
1202 856 28 75 it

235 902 27 75 is
279 902 75 75 ufed
372 902 51 75 for
439 902 55 75 the
519 902 148 75 ftandard
692 902 120 75 weight
836 902 44 75 by
904 902 107 75 which
1037 902 55 75 the
1117 902 112 75 others

237 949 53 75 are
314 949 157 75 adjufted.
519 949 78 75 The
623 949 187 75 archetypal
834 949 116 75 world,
976 949 117 75 among
1117 949 112 75 Plato-

473 1251 78 75 A
612 1251 73 75 R
754 1251 61 75 C
880 1251 81 75 H
1024 1251 37 75 I
1124 1251 81 75 T

211 1446 35 75 A
271 1446 372 75 RCHITECTURE,
668 1446 39 75 or
729 1446 56 75 the
808 1446 49 75 art
881 1446 41 75 of
940 1446 157 75 building,
1122 1446 103 75 ought

186 1491 81 75 JiA
294 1491 36 75 to
346 1491 40 75 be
402 1491 182 75 confidered
600 1491 33 75 in
651 1491 18 75 a
685 1491 136 75 twofold
839 1491 93 75 light,
958 1491 34 75 as
1009 1491 38 75 an
1067 1491 107 75 object
1190 1491 42 75 of

186 1538 89 75 tafle,
305 1538 62 75 and
384 1538 34 75 as
443 1538 18 75 a
477 1538 195 75 mechanical
690 1538 61 75 art.
801 1538 54 75 An
881 1538 218 75 examination
1122 1538 41 75 of
1182 1538 42 75 its

183 1586 170 75 principles
374 1586 160 75 improves
550 1586 60 75 our
626 1586 98 75 tafle;
750 1586 56 75 the
822 1586 149 75 practical
994 1586 72 75 part
1082 1586 142 75 contains

807 1763 401 75 SEC

342 1872 90 75 OF
481 1872 606 75 ARCHITECTURE
1138 1872 82 75 AS

184 1996 190 75 T^/TAny
400 1996 78 75 ages
502 1996 81 75 muff
610 1996 82 75 have
719 1996 126 75 elapfed
872 1996 110 75 before
1011 1996 211 75 architenure

184 2040 21 75 ^
243 2040 38 75 -*•
308 2040 88 75 came
416 2040 34 75 to
468 2040 39 75 be
527 2040 183 75 confidered
726 2040 33 75 as
777 2040 19 75 a
811 2040 62 75 fine
896 2040 63 75 ait.
1008 2040 124 75 Utility
1156 2040 65 75 was

184 2085 43 75 its
243 2085 136 75 original
399 2085 201 75 deflination,
626 2085 62 75 and
704 2085 62 75 nill
782 2085 164 75 continues
963 2085 35 75 to
1017 2085 42 75 be
1074 2085 42 75 its
1134 2085 86 75 prin-

185 2132 80 75 cipal
289 2132 75 75 end.
413 2132 218 75 Experience,
653 2132 164 75 however,
848 2132 58 75 has
934 2132 115 75 taught
1075 2132 50 75 us,
1150 2132 71 75 that

184 2181 212 75 tirchitedure
412 2181 26 75 is
456 2181 129 75 capable
597 2181 42 75 of
657 2181 145 75 exciting
818 2181 19 75 a
852 2181 126 75 variety
993 2181 41 75 of
1053 2181 167 75 agreeable

184 2226 149 75 feelings.
391 2226 54 75 Of
464 2226 99 75 thefe,
595 2226 122 75 utility,
750 2226 171 75 grandeur,
953 2226 188 75 regularity,
1167 2226 52 75 or-

187 2272 69 75 der,
282 2272 62 75 and
360 2272 200 75 proportion,
587 2272 53 75 are
657 2272 54 75 the
730 2272 98 75 chief.

233 2322 224 75 Architedure
469 2322 96 75 being
581 2322 154 75 anufeful
752 2322 34 75 as
800 2322 71 75 well
889 2322 34 75 as
942 2322 17 75 a
976 2322 61 75 fine
1054 2322 61 75 art,
1134 2322 87 75 leads

185 2367 27 75 V.
212 2367 11 75 s
240 2367 35 75 to
298 2367 185 75 diflinguifh
502 2367 175 75 buildings,
695 2367 8 75 '
703 2367 62 75 and
789 2367 88 75 parts
894 2367 41 75 of
953 2367 175 75 buildings,
1153 2367 70 75 into

186 2413 93 75 three
294 2413 114 75 kinds,,
425 2413 72 75 viz.
522 2413 87 75 what
627 2413 53 75 arp
697 2413 151 75 intended
866 2413 51 75 for
933 2413 52 75 ufe
1003 2413 112 75 folely,
1133 2413 88 75 what

186 2458 52 75 for
255 2458 165 75 ornament
435 2458 114 75 folely,
575 2458 63 75 and
654 2458 86 75 what
764 2458 52 75 for
838 2458 96 75 both.
980 2458 169 75 Buildings
1173 2458 47 75 in-

185 2507 121 75 tended
322 2507 51 75 for
397 2507 110 75 utility
523 2507 112 75 folely,
662 2507 100 75 ought
784 2507 34 75 in
839 2507 98 75 every
960 2507 71 75 part
1057 2507 35 75 to
1115 2507 107 75 corre-

185 2553 102 75 fpond
312 2553 153 75 precifely
490 2553 34 75 to
549 2553 70 75 that
644 2553 179 75 intention:
861 2553 78 75 The
964 2553 75 75 leafl
1062 2553 162 75 deviation

186 2601 87 75 from
290 2601 67 75 ufe,
381 2601 123 75 though
521 2601 217 75 contributing
755 2601 37 75 to
807 2601 178 75 ornament,
1011 2601 67 75 will
1102 2601 40 75 be
1159 2601 62 75 dif-

187 2647 190 75 agreeable;
403 2647 51 75 for
471 2647 96 75 every
583 2647 91 75 work
699 2647 40 75 of
756 2647 54 75 ufe
835 2647 96 75 being
946 2647 184 75 confidered
1147 2647 35 75 as
1204 2647 19 75 a

186 2693 94 75 mean
296 2693 36 75 to
349 2693 37 75 an
410 2693 74 75 end,
509 2693 42 75 its
569 2693 172 75 perfedion
767 2693 35 75 as
826 2693 22 75 a
868 2693 91 75 mean
984 2693 27 75 is
1028 2693 56 75 the
1108 2693 114 75 capital

188 2742 237 75 circumffance,
451 2742 64 75 and
530 2742 95 75 every
641 2742 95 75 other
754 2742 118 75 beauty
884 2742 31 75 in
932 2742 176 75 oppofition
1125 2742 26 75 is
1168 2742 55 75 ne-

189 2789 122 75 gledtd
324 2789 36 75 as
373 2789 178 75 improper.
597 2789 54 75 On
667 2789 56 75 the
740 2789 93 75 other
850 2789 99 75 hand,
972 2789 32 75 in
1024 2789 75 75 fuch
1117 2789 107 75 things

189 2837 32 75 as
249 2837 53 75 a:e
326 2837 152 75 intended
502 2837 101 75 folely
625 2837 54 75 for
700 2837 180 75 ornament,
904 2837 34 75 as
963 2837 157 75 columns,
1144 2837 77 75 obe-

180 2881 97 75 ,Idles,
303 2881 175 75 triumphal
500 2881 124 75 arches,
650 2881 64 75 <&c.
740 2881 119 75 beauty
882 2881 91 75 alone
998 2881 102 75 ought
1123 2881 36 75 to
1182 2881 43 75 be

188 2928 169 75 regarded.
404 2928 78 75 The
498 2928 154 75 principal
667 2928 159 75 difficulty
841 2928 33 75 in
891 2928 209 75 architedure
1116 2928 59 75 lies
1189 2928 36 75 in

190 2973 181 75 combining
382 2973 54 75 ufe
448 2973 63 75 and
522 2973 178 75 ornament.
740 2973 39 75 In
788 2973 95 75 order
895 2973 35 75 to
940 2973 187 75 accomplifh
1136 2973 90 75 thefe

189 3020 91 75 ends,
305 3020 152 75 different
473 3020 61 75 and
547 3020 77 75 even
643 3020 141 75 oppofite
801 3020 107 75 means
925 3020 81 75 muff
1023 3020 40 75 be
1079 3020 145 75 employ-

192 3074 62 75 ed;
282 3074 105 75 which
403 3074 27 75 is
454 3074 55 75 the
527 3074 109 75 reafon
652 3074 75 75 why
747 3074 78 75 they
842 3074 53 75 are
912 3074 33 75 fo
968 3074 124 75 feldom
1115 3074 116 75 united

1326 248 86 75 niffs,
1430 248 107 75 means
1550 248 56 75 the
1618 248 104 75 world
1734 248 33 75 as
1780 248 26 75 it
1822 248 125 75 exifled
1961 248 33 75 in
2010 248 56 75 the
2082 248 72 75 idea
2168 248 42 75 of
2220 248 93 75 God,

1327 294 111 75 before
1450 294 56 75 the
1521 294 110 75 vifible
1647 294 154 75 creation.

1281 340 243 75 ARCHEUS,
1550 340 115 75 among
1682 340 158 75 chemiffs,
1866 340 18 75 a
1896 340 82 75 term
1991 340 75 75 ufed
2078 340 35 75 to
2126 340 117 75 denote
2258 340 57 75 the

1325 387 255 75 predominating
1596 387 155 75 principle
1774 387 40 75 of
1832 387 120 75 things,
1978 387 154 75 whereby
2153 387 86 75 their
2261 387 55 75 pe-

1327 434 98 75 culiar
1442 434 147 75 qualities
1603 434 52 75 are
1671 434 89 75 fixed
1777 434 63 75 and
1857 434 213 75 determined.

1279 482 391 75 ARCHILOCHIAN,
1696 482 19 75 a
1729 482 83 75 term
1829 482 31 75 in
1879 482 125 75 poetry,
2023 482 127 75 applied
2162 482 35 75 to
2214 482 18 75 a
2249 482 67 75 fort

1326 528 41 75 of
1386 528 115 75 verfes,
1533 528 40 75 of
1597 528 106 75 which
1731 528 217 75 Archilochus
1976 528 66 75 was
2070 528 56 75 the
2153 528 160 75 inventor,

1326 575 215 75 confiftingof
1558 575 94 75 feven
1669 575 79 75 feet,
1773 575 55 75 the
1845 575 74 75 four
1941 575 65 75 firft
2023 575 146 75 whereof
2189 575 54 75 are
2259 575 54 75 or-

1324 622 138 75 dinarily
1474 622 135 75 dadyls,
1628 622 124 75 though
1769 622 178 75 fometimes
1964 622 167 75 fpondees,
2150 622 55 75 the
2222 622 91 75 three

1326 670 56 75 laft
1399 670 171 75 trochees;
1597 670 34 75 as
1648 670 31 75 in
1697 670 142 75 Horace,

1373 714 150 75 Solvitur
1538 714 91 75 acrir
1645 714 114 75 hyems,
1781 714 107 75 gratd
1904 714 70 75 via
1990 714 88 75 verts
2097 714 33 75 <&
2148 714 136 75 Favoni.

1276 764 368 75 ARCHIPELAGO,
1668 764 31 75 in
1717 764 198 75 geography,
1938 764 19 75 a
1975 764 128 75 general
2126 764 83 75 term
2226 764 51 75 for
2294 764 18 75 a

1322 810 52 75 fea
1390 810 200 75 interrupted
1606 810 79 75 with
1709 810 135 75 iflands;
1872 810 59 75 but
1953 810 90 75 more
2063 810 168 75 efpecially
2254 810 56 75 de-

1325 856 111 75 noting
1453 856 70 75 that
1540 856 145 75 between
1702 856 129 75 Greece
1844 856 63 75 and
1925 856 87 75 Afia.

1276 904 301 75 ARCHITECT,
1603 904 19 75 a
1634 904 111 75 perfon
1757 904 113 75 fkilled
1885 904 32 75 in
1930 904 225 75 architedure.

1269 1251 62 75 E
1396 1251 63 75 C
1520 1251 81 75 T
1664 1251 81 75 U
1804 1251 73 75 R
1944 1251 89 75 E.

1273 1447 76 75 fuch
1377 1447 199 75 inffrudions
1612 1447 35 75 as
1681 1447 55 75 are
1767 1447 162 75 neceffary
1960 1447 52 75 for
2044 1447 56 75 the
2131 1447 178 75 mechanic.

1273 1491 106 75 Many
1402 1491 102 75 books
1526 1491 82 75 have
1630 1491 80 75 been
1734 1491 169 75 compofed
1928 1491 85 75 upon
2038 1491 55 75 the
2116 1491 195 75 mechanical

1273 1538 84 75 part,
1381 1538 59 75 but
1458 1538 63 75 few
1538 1538 131 75 authors
1686 1538 79 75 have
1783 1538 177 75 attempted
1982 1538 35 75 to
2032 1538 116 75 unfold
2167 1538 55 75 the
2238 1538 72 75 phi-

1274 1585 174 75 lofophical
1465 1585 170 75 principles
1648 1585 41 75 of
1706 1585 57 75 the
1779 1585 63 75 art.

1354 1763 65 75 T.

1640 1763 43 75 I.

1272 1872 99 75 AN
1422 1872 292 75 OBJECT
1764 1872 90 75 OF
1900 1872 257 75 TASTE.

1269 1994 33 75 in
1318 1994 195 75 perfedion;
1541 1994 63 75 and
1619 1994 114 75 hence,
1759 1994 32 75 in
1807 1994 163 75 buildings
1992 1994 43 75 of
2052 1994 64 75 this
2135 1994 88 75 kind,
2250 1994 57 75 the

1269 2040 77 75 only
1362 2040 189 75 pradicable
1567 2040 134 75 method
1718 2040 42 75 is,
1785 2040 36 75 to
1839 2040 105 75 prefer
1962 2040 110 75 utility
2087 2040 36 75 to
2139 2040 168 75 ornament

1269 2087 172 75 according
1463 2087 35 75 to
1522 2087 56 75 the
1601 2087 164 75 charader
1788 2087 42 75 of
1847 2087 55 75 the
1918 2087 167 75 building:
2112 2087 38 75 In
2167 2087 139 75 palaces,

1270 2134 61 75 and
1348 2134 75 75 fuch
1437 2134 160 75 buildings
1615 2134 33 75 as
1662 2134 100 75 admit
1778 2134 40 75 of
1838 2134 18 75 a
1872 2134 124 75 variety
2007 2134 41 75 of
2066 2134 104 75 ufeful
2187 2134 121 75 contri-

1268 2182 112 75 vance,
1406 2182 176 75 regularity
1598 2182 102 75 ought
1721 2182 36 75 to
1781 2182 40 75 be
1845 2182 186 75 preferred;
2058 2182 58 75 but
2138 2182 33 75 in
2195 2182 113 75 dwell-

1268 2228 185 75 ing-houfes
1471 2228 71 75 that
1558 2228 55 75 are
1635 2228 58 75 too
1709 2228 159 75 fmalLfor
1891 2228 125 75 variety
2031 2228 41 75 of
2091 2228 216 75 contrivance,

1269 2275 110 75 utility
1403 2275 101 75 ought
1522 2275 34 75 to
1581 2275 133 75 prevail,
1740 2275 177 75 negleding
1942 2275 177 75 regularity
2141 2275 35 75 as
2199 2275 49 75 far
2272 2275 35 75 as

1270 2323 25 75 it
1313 2323 104 75 Hands
1433 2323 32 75 in
1483 2323 175 75 oppofition
1675 2323 36 75 to
1727 2323 222 75 convenience.

1319 2369 38 75 In
1375 2369 197 75 confidering
1587 2369 192 75 attentively
1794 2369 55 75 the
1866 2369 119 75 beauty
2001 2369 40 75 of
2052 2369 107 75 vifible
2172 2369 136 75 objeds,

1269 2416 49 75 we
1343 2416 145 75 difeover
1511 2416 66 75 two
1601 2416 107 75 kinds.
1757 2416 76 75 The
1858 2416 63 75 firft
1947 2416 74 75 may
2043 2416 40 75 be
2105 2416 125 75 termed
2255 2416 53 75 in-

1271 2464 113 75 trinjic
1400 2464 130 75 beauty,
1555 2464 134 75 becaufe
1704 2464 27 75 it
1747 2464 26 75 is
1786 2464 184 75 difeovered
1987 2464 32 75 in
2042 2464 17 75 a
2076 2464 96 75 Angle
2188 2464 119 75 objed,

1271 2509 140 75 without
1439 2509 135 75 relation
1603 2509 35 75 to
1667 2509 62 75 any
1757 2509 108 75 other.
1920 2509 78 75 The
2025 2509 119 75 fecond
2171 2509 74 75 may
2267 2509 42 75 be

1272 2556 123 75 termed
1412 2556 139 75 relative
1567 2556 130 75 beauty,
1722 2556 95 75 being
1834 2556 143 75 founded
1993 2556 41 75 on
2053 2556 18 75 a
2094 2556 214 75 combination

1269 2604 40 75 of
1329 2604 132 75 relative
1485 2604 134 75 objeds.
1669 2604 225 75 Architedure
1910 2604 116 75 admits
2043 2604 41 75 of
2102 2604 79 75 both
2198 2604 108 75 kinds.

1271 2648 67 75 We
1349 2648 75 75 ftvall
1434 2648 72 75 •firft
1522 2648 71 75 give
1606 2648 18 75 a
1640 2648 64 75 few
1721 2648 163 75 examples
1901 2648 40 75 of
1961 2648 141 75 relative
2117 2648 129 75 beauty.

1317 2696 77 75 The
1417 2696 205 75 proportions
1639 2696 40 75 of
1699 2696 18 75 a
1740 2696 83 75 door
1838 2696 54 75 are
1908 2696 198 75 determined
2123 2696 44 75 by
2182 2696 55 75 the
2253 2696 56 75 ufe

1272 2742 34 75 to
1323 2742 104 75 which
1452 2742 26 75 it
1494 2742 27 75 is
1541 2742 156 75 deftined.
1744 2742 78 75 The
1838 2742 82 75 door
1936 2742 40 75 of
1995 2742 17 75 a
2029 2742 277 75 dwelling-houfe,

1273 2791 105 75 which
1395 2791 101 75 ought
1513 2791 34 75 to
1564 2791 192 75 correfpond
1772 2791 35 75 to
1818 2791 56 75 the
1890 2791 116 75 human
2024 2791 75 75 fize,
2116 2791 27 75 is
2161 2791 147 75 confined

1270 2836 35 75 to
1329 2836 92 75 feven
1447 2836 38 75 or
1508 2836 88 75 eight
1621 2836 66 75 feet
1710 2836 32 75 in
1767 2836 124 75 height,
1917 2836 62 75 and
2002 2836 91 75 three
2123 2836 37 75 or
2178 2836 73 75 four
2274 2836 34 75 in

1270 2882 149 75 breadth.
1468 2882 76 75 The
1562 2882 204 75 proportions
1782 2882 116 75 proper
1916 2882 51 75 for
1984 2882 18 75 a
2018 2882 97 75 ftable
2136 2882 37 75 or
2190 2882 117 75 coach-

1273 2930 97 75 houfe
1386 2930 53 75 are
1455 2930 164 75 different.
1667 2930 78 75 The
1761 2930 81 75 door
1859 2930 40 75 of
1917 2930 19 75 a
1952 2930 121 75 church
2097 2930 100 75 ought
2215 2930 35 75 to
2268 2930 40 75 be

1274 2975 95 75 wide,
1394 2975 32 75 in
1439 2975 96 75 order
1551 2975 35 75 to
1603 2975 101 75 afford
1726 2975 38 75 an
1783 2975 73 75 eafy
1872 2975 122 75 paffage
2009 2975 52 75 for
2078 2975 18 75 a
2112 2975 193 75 multitude;

1274 3022 61 75 and
1348 3022 41 75 its
1405 3022 112 75 height
1533 3022 81 75 muft
1630 3022 40 75 be
1687 3022 164 75 regulated
1868 3022 43 75 by
1923 3022 42 75 its
1976 3022 164 75 widenefs,
2168 3022 69 75 that
2250 3022 57 75 the

1273 3069 189 75 proportion
1485 3069 73 75 may
1582 3069 104 75 pleafe
1711 3069 56 75 the
1791 3069 72 75 eye.
1910 3069 78 75 The
2012 3069 64 75 fize
2097 3069 39 75 of
2155 3069 54 75 the
2227 3069 77 75 win-

2215 3108 91 75 dows
