2481 3392
325 348 1834 105 PREFACE

212 485 397 150 UTILITY
635 553 164 60 ought
825 553 59 60 to
914 553 65 60 be
1011 553 87 60 the
1125 553 246 60 principal
1407 553 263 60 intention
1697 553 65 60 of
1785 553 160 60 every
1970 553 330 60 publication.

367 623 283 60 Wherever
678 623 100 60 this
810 623 253 60 intention
1089 623 123 60 does
1246 623 93 60 not
1364 623 195 60 plainly
1588 623 205 60 appear,
1823 623 199 60 neither
2049 623 86 60 the
2152 623 164 60 books

212 698 94 60 nor
325 698 132 60 their
485 698 206 60 authors
716 698 129 60 have
868 698 89 60 the
982 698 216 60 finalleft
1225 698 151 60 claim
1397 698 54 60 to
1475 698 88 60 the
1593 698 338 60 approbation
1957 698 63 60 of
2043 698 266 60 mankind.

283 813 83 60 To
386 813 174 60 diffufe
581 813 88 60 the
695 813 309 60 knowledge
1032 813 64 60 of
1118 813 214 60 Science,
1363 813 41 60 is
1431 813 87 60 the
1544 813 251 60 profefled
1821 813 172 60 defign
2019 813 64 60 of
2107 813 88 60 the
2221 813 95 60 fol-

211 881 192 60 lowing
426 881 165 60 work.
669 881 161 60 What
854 881 258 60 methods,
1150 881 43 60 it
1217 881 125 60 may
1367 881 65 60 be
1461 881 170 60 alked,
1671 881 133 60 have
1823 881 85 60 the
1927 881 267 60 compilers
2209 881 106 60 em-

210 951 190 60 ployed
424 951 54 60 to
506 951 301 60 accomplilh
838 951 101 60 this
965 951 172 60 delign
1153 951 14 60 ?
1221 951 104 60 Not
1349 951 60 60 to
1447 951 230 60 mention
1701 951 212 60 original
1936 951 216 60 articles,
2187 951 129 60 they

209 1023 134 60 have
369 1023 101 60 had
498 1023 227 60 recourle
752 1023 56 60 to
826 1023 89 60 the
932 1023 106 60 belt
1055 1023 163 60 books
1244 1023 142 60 upon
1411 1023 177 60 almoft
1609 1023 157 60 every
1790 1023 214 60 lubjedt,
2045 1023 271 60 extracted

212 1094 88 60 the
326 1094 164 60 ufefiil
515 1094 155 60 parts,
710 1094 103 60 and
839 1094 228 60 rejected
1090 1094 273 60 whatever
1398 1094 256 60 appeared
1681 1094 186 60 trifling
1888 1094 57 60 or
1969 1094 91 60 lefs
2086 1094 228 60 intereft-

210 1165 103 60 ing.
390 1165 200 60 Inftead
606 1165 64 60 of
686 1165 393 60 difinembering
1105 1165 88 60 the
1221 1165 240 60 Sciences,
1501 1165 72 60 by
1595 1165 314 60 attempting
1924 1165 54 60 to
2006 1165 136 60 treat
2170 1165 144 60 them

210 1231 304 60 intelligibly
538 1231 165 60 under
724 1231 30 60 a
778 1231 281 60 multitude
1086 1231 65 60 of
1167 1231 252 60 technical
1447 1231 172 60 terms,
1660 1231 129 60 they
1809 1231 131 60 have
1972 1231 225 60 digefted
2224 1231 89 60 the

209 1302 269 60 principles
504 1302 63 60 of
583 1302 159 60 every
768 1302 189 60 Icience
975 1302 53 60 in
1045 1302 88 60 the
1151 1302 136 60 form
1305 1302 63 60 of
1392 1302 208 60 lyftems
1627 1302 57 60 or
1712 1302 198 60 diftindl
1939 1302 241 60 treatifes,
2213 1302 102 60 and

212 1372 273 60 explained
504 1372 89 60 the
621 1372 159 60 terms
807 1372 54 60 as
887 1372 126 60 they
1040 1372 151 60 occur
1215 1372 53 60 in
1296 1372 90 60 the
1415 1372 148 60 order
1590 1372 64 60 of
1680 1372 87 60 the
1793 1372 262 60 alphabet,
2086 1372 131 60 with
2234 1372 79 60 re-

210 1444 229 60 ferences
467 1444 53 60 to
548 1444 90 60 the
664 1444 212 60 Iciences
895 1444 54 60 to
975 1444 174 60 which
1176 1444 129 60 they
1330 1444 206 60 belong.

283 1563 69 60 As
379 1563 99 60 this
502 1563 122 60 plan
649 1563 169 60 differs
842 1563 138 60 from
1000 1563 116 60 that
1145 1563 64 60 of
1226 1563 65 60 all
1310 1563 89 60 the
1430 1563 334 60 Dictionaries
1793 1563 63 60 of
1881 1563 119 60 Arts
2021 1563 101 60 and
2149 1563 164 60 Scien-

211 1633 83 60 ces
314 1633 225 60 hitherto
566 1633 286 60 publifhed,
893 1633 88 60 the
1009 1633 268 60 compilers
1303 1633 149 60 think
1476 1633 42 60 it
1544 1633 254 60 neceflary
1824 1633 55 60 to
1907 1633 232 60 mention
2166 1633 149 60 what

211 1704 127 60 they
371 1704 219 60 imagine
626 1704 138 60 gives
797 1704 42 60 it
878 1704 30 60 a
939 1704 301 60 fuperiority
1277 1704 123 60 over
1438 1704 355 60 the-common
1817 1704 232 60 method.
2126 1704 47 60 A
2206 1704 108 60 few

210 1771 173 60 words
426 1771 110 60 will
578 1771 195 60 anfwer
813 1771 101 60 this
947 1771 233 60 purpofe.
1254 1771 262 60 Whoever
1542 1771 91 60 has
1659 1771 105 60 had
1790 1771 224 60 occafion
2038 1771 52 60 to
2117 1771 196 60 confidt

213 1837 296 60 Chambers,
545 1837 183 60 Owen,
754 1849 97 45 fee.
888 1837 58 60 or
974 1837 130 60 even
1135 1837 86 60 the
1246 1837 325 60 voluminous
1598 1837 201 60 French
1830 1849 327 45 Encyclopedic,
2204 1837 109 60 will

213 1909 131 60 have
361 1909 289 60 difeovered
678 1909 87 60 the
790 1909 130 60 folly
942 1909 63 60 of
1022 1909 311 60 attempting
1358 1909 55 60 to
1437 1909 377 60 communicate
1832 1909 190 60 fcience
2038 1909 164 60 under
2220 1909 91 60 the

212 1978 202 60 various
437 1978 249 60 technical
720 1978 160 60 terms
908 1978 252 60 arranged
1187 1978 53 60 in
1267 1978 65 60 an
1354 1978 338 60 alphabetical
1719 1978 166 60 order.
1965 1978 131 60 Such
2134 1978 65 60 an
2235 1978 76 60 at-

213 2049 166 60 tempt
397 2049 41 60 is
463 2049 295 60 repugnant
779 2049 54 60 to
862 2049 85 60 the
974 2049 130 60 very
1122 2049 118 60 idea
1258 2049 63 60 of
1344 2049 208 60 fcience,
1591 2049 174 60 which
1803 2049 40 60 is
1875 2049 31 60 a
1930 2049 283 60 connected
2238 2049 73 60 fe-

210 2119 95 60 ries
332 2119 63 60 of
419 2119 309 60 conclufions
749 2119 237 60 deduced
1004 2119 136 60 from
1159 2119 316 60 felf-evident
1491 2119 57 60 or
1567 2119 287 60 previoufly
1872 2119 290 60 difeovered
2175 2119 136 60 prin-

211 2189 167 60 ciples.
457 2189 49 60 It
529 2189 41 60 is
599 2189 118 60 well
748 2189 50 60 if
824 2189 31 60 a
879 2189 124 60 man
1036 2189 62 60 be
1129 2189 212 60 capable
1376 2189 63 60 of
1464 2189 431 60 comprehending
1928 2189 88 60 the
2044 2189 267 60 principles

211 2258 101 60 and
345 2258 237 60 relations
616 2258 64 60 of
705 2258 88 60 the
831 2258 237 60 different
1101 2258 139 60 parts
1270 2258 63 60 of
1356 2258 209 60 fcience,
1607 2258 155 60 when
1780 2258 105 60 laid
1910 2258 174 60 before
2112 2258 107 60 him
2255 2258 56 60 in

212 2329 93 60 one
335 2329 396 60 uninterrupted
764 2329 164 60 chain.
1006 2329 102 60 But
1127 2329 176 60 where
1320 2329 41 60 is
1379 2329 89 60 the
1483 2329 123 60 man
1634 2329 121 60 who
1784 2329 95 60 can
1905 2329 143 60 learn
2065 2329 88 60 the
2171 2329 136 60 prin-

211 2399 150 60 ciples
392 2399 63 60 of
479 2399 103 60 any
608 2399 189 60 fcience
824 2399 137 60 from
990 2399 30 60 a
1047 2399 301 60 Dictionary
1374 2399 255 60 compiled
1660 2399 140 60 upon
1828 2399 87 60 the
1942 2399 119 60 plan
2081 2399 225 60 hitherto

210 2468 248 60 adopted?
507 2468 91 60 We
633 2468 123 60 will,
795 2468 261 60 however,
1095 2468 217 60 venture
1340 2468 55 60 to
1430 2468 182 60 affirm,
1654 2468 115 60 that
1802 2468 102 60 any
1933 2468 123 60 man
2087 2468 63 60 of
2176 2468 132 60 ordi-

206 2540 130 60 nary
362 2540 154 60 parts,
557 2540 141 60 may,
736 2540 49 60 if
805 2540 65 60 he
888 2540 188 60 chuffs,
1116 2540 143 60 learn
1290 2540 88 60 the
1405 2540 267 60 principles
1692 2540 63 60 of
1780 2540 337 60 Agriculture,
2160 2540 63 60 of
2241 2540 67 60 A-

208 2609 276 60 ftronomy,
524 2609 64 60 of
608 2609 220 60 Botany,
867 2609 65 60 of
954 2609 300 60 Chemiftry,
1293 2621 98 45 fee.
1431 2621 95 45 fee.
1560 2609 136 60 from
1714 2609 84 60 the
1819 2623 79 42 EN
1914 2623 66 42 CY
1996 2623 307 42 CLOP^EDIA

208 2696 273 42 BRITANN
497 2696 17 42 I
531 2696 86 42 CA.

280 2820 60 30 IN
374 2815 89 37 the
492 2815 275 37 execution
796 2815 63 37 of
900 2815 98 37 this
1028 2815 261 37 extenfive
1323 2815 102 37 and
1449 2815 340 37 multifarious
1814 2815 361 37 undertaking,
2217 2815 88 37 the

211 2885 277 37 Compilers
518 2885 248 37 laboured
798 2885 164 37 under
989 2885 160 37 many
1181 2885 398 37 difadvantages,
1618 2885 174 37 partly
1827 2885 180 37 ariflng
2038 2885 136 37 from
2215 2885 90 37 the

213 2955 176 37 nature
429 2955 63 37 of
517 2955 88 37 the
647 2955 164 37 work,
853 2955 101 37 and
986 2955 174 37 partly
1184 2955 172 37 owing
1389 2955 54 37 to
1478 2955 89 37 the
1596 2955 268 37 following
1889 2955 376 37 circumflance.

2175 3095 127 30 THE
