2428 3377
143 148 80 75 172

689 148 36 75 A
845 148 44 75 N
1007 148 39 75 A
1165 148 40 75 T

138 210 88 75 large
242 210 106 75 cavity
363 210 80 75 with
464 210 77 75 high
557 210 112 75 bo-ima,
694 210 36 75 to
758 210 76 75 aflift
857 210 34 75 in
915 210 182 75 coropofing
1114 210 56 75 the

141 260 91 75 great
247 260 212 75 acetabulum.

188 306 78 75 The
283 306 136 75 internal
436 306 122 75 furface
575 306 39 75 <3f
633 306 58 75 the
713 306 35 75 os
772 306 90 75 ilium
879 306 26 75 is
921 306 139 75 concave
1079 306 32 75 in
1129 306 41 75 its

142 353 145 75 broadeft
304 353 70 75 fore
391 353 83 75 part,
500 353 107 75 where
622 353 54 75 the
693 353 136 75 internal
840 353 73 75 iliac
926 353 116 75 mufcie
1059 353 56 75 has
1130 353 42 75 its

144 399 116 75 origin,
286 399 63 75 and
364 399 86 75 feme
470 399 89 75 (hare
573 399 41 75 of
625 399 55 75 the
697 399 181 75 inteftinum
893 399 90 75 ilium
1000 399 67 75 and.
1078 399 95 75 colon

144 446 26 75 is
187 446 131 75 lodged.
410 446 8 75 '
418 446 98 75 From
525 446 64 75 this
601 446 88 75 large
704 446 135 75 hollow,
857 446 19 75 a
887 446 90 75 fmall
990 446 144 75 Gnuofity
1145 446 27 75 is

143 490 172 75 continued
326 490 165 75 obliquely
502 490 171 75 forwards,
691 490 34 75 at
735 490 56 75 the
803 490 97 75 inGde
916 490 38 75 of
962 490 55 75 the
1034 490 140 75 anterior

142 538 135 75 inferior
294 538 98 75 fpinal
406 538 137 75 procefs,
556 538 108 75 where
677 538 71 75 part
759 538 40 75 of
810 538 55 75 the
878 538 89 75 pfoas
985 538 61 75 and
1062 538 111 75 iliacus

143 585 148 75 mufcles,
316 585 79 75 with
419 585 55 75 the
500 585 105 75 crural
630 585 111 75 veffels
767 585 63 75 and
846 585 125 75 nerves,
997 585 130 75 pafs.—■
1127 585 48 75 —-

142 631 79 75 The
236 631 88 75 large
341 631 168 75 concavity
525 631 27 75 is
568 631 151 75 bounded
735 631 104 75 below
854 631 44 75 by
922 631 19 75 a
963 631 90 75 (harp
1071 631 103 75 ridge,

144 677 106 75 which
268 677 74 75 runs
358 677 85 75 from
459 677 124 75 behind
593 677 157 75 forwards
766 677 10 75 ,
803 677 74 75 and,
895 677 95 75 being
1006 677 173 75 continued

146 723 81 75 with
248 723 75 75 fuch
341 723 135 75 another
492 723 90 75 ridge
598 723 41 75 of
650 723 55 75 the
722 723 35 75 os
776 723 104 75 pubis,
905 723 100 75 forms
1022 723 19 75 a
1055 723 64 75 line
1143 723 40 75 of

146 769 155 75 partition
324 769 145 75 between
486 769 55 75 the
558 769 157 75 abdomen
733 769 61 75 and
810 769 113 75 pelvis.
1019 769 74 75 Into
1115 769 64 75 this

145 817 92 75 ridge
253 817 55 75 the
324 817 102 75 broad
441 817 119 75 tendon
577 817 40 75 of
627 817 56 75 the
701 817 88 75 pfoas
806 817 116 75 parvus
938 817 27 75 is
982 817 150 75 inferted.

193 863 58 75 All
267 863 56 75 the
346 863 136 75 internal
498 863 123 75 furface
646 863 38 75 of
702 863 55 75 the
783 863 36 75 os
843 863 103 75 ilium,
980 863 119 75 8ehind
1115 863 64 75 this

150 909 103 75 ridge,
278 909 27 75 is
325 909 79 75 very
421 909 137 75 uheqnal
574 909 7 75 :
610 909 65 75 For
700 909 56 75 the
779 909 101 75 upper
900 909 70 75 part
987 909 27 75 is
1030 909 69 75 flat,
1123 909 59 75 but

149 954 133 75 fpongy,
307 954 109 75 where
432 954 54 75 the
509 954 253 75 facro-lumbalis
791 954 62 75 and
880 954 191 75 longiffinftis
1099 954 83 75 dorG

149 1002 93 75 rife.-
318 1002 122 75 Lower
467 1002 108 75 down,
602 1002 90 75 there
708 1002 26 75 is
751 1002 19 75 a
786 1002 172 75 tranfverfe
983 1002 89 75 ridge
1096 1002 86 75 from

149 1048 107 75 which
273 1048 167 75 ligaments
457 1048 41 75 go
515 1048 57 75 out
598 1048 37 75 to
661 1048 55 75 the
740 1048 36 75 os
799 1048 134 75 facrum.
1030 1048 151 75 Immedi-

148 1095 88 75 ately
251 1095 106 75 below
381 1095 63 75 this
469 1095 103 75 ridge,
598 1095 56 75 the
678 1095 102 75 rough
805 1095 137 75 unequal
965 1095 130 75 cavities
1121 1095 62 75 and

147 1140 220 75 prominences
391 1140 57 75 are
472 1140 125 75 placed,
623 1140 107 75 which
758 1140 53 75 are
839 1140 128 75 exactly
994 1140 137 75 adapted
1146 1140 36 75 to

149 1187 92 75 thofe
256 1187 166 75 deferibed
437 1187 41 75 on
495 1187 55 75 the
567 1187 62 75 Gde
646 1187 40 75 of
709 1187 55 75 the
787 1187 35 75 os
839 1187 135 75 facrum.
1070 1187 39 75 In
1126 1187 56 75 the

150 1233 84 75 fame
250 1233 143 75 manner,
418 1233 55 75 the
488 1233 100 75 upper
605 1233 71 75 part
692 1233 41 75 of
743 1233 65 75 this
826 1233 101 75 rough
944 1233 123 75 furface
1083 1233 26 75 is
1126 1233 57 75 po-

152 1279 87 75 rous,
264 1279 52 75 for
333 1279 55 75 the
406 1279 106 75 Grmer
535 1279 148 75 adhdiqn
701 1279 40 75 of
756 1279 54 75 the
828 1279 211 75 ligamentous
1051 1279 131 75 cellular

155 1325 161 75 fuhftance
330 1325 11 75 ;
368 1325 95 75 while
481 1325 54 75 the
552 1325 100 75 lower
673 1325 71 75 part
766 1325 26 75 is
819 1325 89 75 more
933 1325 93 75 folid,
1052 1325 61 75 and
1130 1325 52 75 co-

152 1372 98 75 vered
266 1372 79 75 with
371 1372 19 75 a
411 1372 68 75 thin
500 1372 226 75 cartilaginous
743 1372 79 75 (kin,
848 1372 52 75 for
917 1372 45 75 its
975 1372 211 75 immoveable

153 1418 202 75 articulation
371 1418 79 75 with
467 1418 55 75 the
539 1418 35 75 os
591 1418 135 75 facrum.

201 1466 51 75 Os
267 1466 185 75 Ischium,
470 1466 36 75 or
519 1466 157 75 hip-bone,
694 1466 25 75 is
733 1466 39 75 of
784 1466 17 75 a
814 1466 119 75 middle
945 1466 79 75 bulk
1040 1466 144 75 between

153 1512 56 75 the
232 1512 66 75 two
315 1512 92 75 other
426 1512 86 75 parts
536 1512 43 75 of
599 1512 55 75 the
681 1512 36 75 os
740 1512 242 75 innominatum,
1007 1512 26 75 is
1051 1512 134 75 Gtuated

152 1558 111 75 lowed
286 1558 40 75 of
338 1558 54 75 the
409 1558 103 75 three,
537 1558 63 75 and
616 1558 26 75 is
660 1558 41 75 of
713 1558 19 75 a
746 1558 77 75 very
846 1558 153 75 irregular
1024 1558 161 75 Ggure.—

155 1605 48 75 Its
220 1605 113 75 extent
356 1605 103 75 might
475 1605 38 75 be
531 1605 131 75 marked
677 1605 44 75 by
743 1605 40 75 an
798 1605 182 75 horizontal
997 1605 62 75 line
1075 1605 110 75 drawn

155 1650 77 75 near
247 1650 140 75 through
404 1650 55 75 the
477 1650 117 75 middle
612 1650 40 75 of
668 1650 55 75 the
740 1650 221 75 acetabulum;
988 1650 50 75 for
1055 1650 56 75 the
1128 1650 58 75 up-

155 1696 56 75 pCr
227 1696 137 75 bulbous
389 1696 73 75 part
485 1696 40 75 of
544 1696 64 75 this
632 1696 85 75 bone
732 1696 104 75 forms
850 1696 86 75 fome
952 1696 59 75 lefs
1031 1696 78 75 than
1131 1696 57 75 the

154 1742 100 75 lower
275 1742 74 75 half
373 1742 39 75 of
430 1742 71 75 that
529 1742 89 75 great
642 1742 117 75 cavity,
785 1742 62 75 and
862 1742 56 75 the
934 1742 90 75 fmall
1040 1742 52 75 leg
1108 1742 40 75 of
1160 1742 25 75 it

154 1788 80 75 rifes
252 1788 34 75 to
304 1788 94 75 much
415 1788 55 75 the
488 1788 83 75 fame
593 1788 113 75 height
730 1788 42 75 on
794 1788 56 75 the
873 1788 94 75 other
990 1788 63 75 fide
1069 1788 40 75 of
1132 1788 55 75 the

158 1835 91 75 great
264 1835 78 75 hole
357 1835 147 75 common
521 1835 34 75 to
578 1835 64 75 this
659 1835 83 75 bone
759 1835 63 75 and
838 1835 55 75 the
913 1835 36 75 os
965 1835 104 75 pubis.

205 1881 98 75 From
318 1881 56 75 the
391 1881 98 75 upper
505 1881 91 75 thick
612 1881 72 75 part
710 1881 40 75 of
761 1881 56 75 the
840 1881 35 75 os
892 1881 144 75 ifehium,
1063 1881 19 75 a
1096 1881 90 75 (harp

156 1928 140 75 procefs,
322 1928 103 75 called
441 1928 45 75 by
502 1928 85 75 fome
601 1928 145 75 fpinous,
772 1928 103 75 (lands
904 1928 56 75 out
988 1928 199 75 backwards,

157 1974 86 75 from
259 1974 106 75 which
383 1974 116 75 chiefly
515 1974 56 75 the
588 1974 158 75 mufculus
763 1974 183 75 coccygaeus
970 1974 63 75 and
1050 1974 139 75 fuperior

159 2020 168 75 gemellus,
353 2020 62 75 and
435 2020 71 75 part
522 2020 40 75 of
580 2020 55 75 the
651 2020 124 75 levator
791 2020 63 75 ani,
880 2020 77 75 rife;
985 2020 62 75 and
1062 2020 55 75 the
1135 2020 54 75 an-

158 2065 101 75 terior
271 2065 38 75 or
326 2065 136 75 internal
479 2065 195 75 facrofciatic
691 2065 151 75 ligament
857 2065 27 75 is
902 2065 87 75 fixed
1005 2065 35 75 to
1055 2065 39 75 it.

157 2112 226 75 Immediately
399 2112 104 75 below
519 2112 64 75 this
600 2112 139 75 procefs,
765 2112 18 75 a
793 2112 146 75 GnuoGty
955 2112 27 75 is
1000 2112 125 75 formed
1140 2112 52 75 for

159 2158 56 75 the
239 2158 121 75 tendon
384 2158 39 75 of
441 2158 56 75 the
521 2158 159 75 mufculus
711 2158 167 75 obturator
901 2158 155 75 internus.
1151 2158 41 75 In

163 2205 20 75 a
198 2205 108 75 recent
329 2205 130 75 fubjeid,
484 2205 64 75 this
566 2205 70 75 part
653 2205 40 75 of
710 2205 55 75 the
781 2205 96 75 bone,
901 2205 107 75 which
1031 2205 104 75 ferves
1160 2205 34 75 as

162 2252 22 75 a
211 2252 91 75 pully
322 2252 43 75 on
392 2252 107 75 which
523 2252 56 75 the
603 2252 168 75 obturator
797 2252 118 75 mufcie
946 2252 102 75 plays,
1088 2252 28 75 is
1141 2252 54 75 co-

161 2298 99 75 vered
287 2298 78 75 with
395 2298 18 75 a
437 2298 210 75 ligamentous
680 2298 165 75 cartilage,
880 2298 85 75 that,
990 2298 43 75 by
1065 2298 66 75 two
1159 2298 37 75 or

163 2344 92 75 three
283 2344 89 75 fmall
400 2344 120 75 ridges,
556 2344 105 75 points
695 2344 58 75 out
785 2344 56 75 the
872 2344 176 75 interllices
1079 2344 39 75 of
1141 2344 56 75 the

161 2390 94 75 fibres
272 2390 33 75 in
326 2390 58 75 the
405 2390 120 75 tendon
551 2390 39 75 of
612 2390 65 75 this
702 2390 130 75 mufcie.
928 2390 76 75 The
1021 2390 92 75 outer
1129 2390 67 75 fur-

162 2436 71 75 face
261 2436 41 75 of
322 2436 56 75 the
399 2436 83 75 bone
506 2436 33 75 at
562 2436 54 75 the
638 2436 73 75 root
734 2436 40 75 of
791 2436 63 75 this
875 2436 125 75 fpinous
1025 2436 124 75 procefs
1172 2436 27 75 is

165 2482 94 75 made
290 2482 122 75 hollow
448 2482 45 75 by
522 2482 56 75 the
608 2482 199 75 pyriformis,
843 2482 37 75 or
907 2482 110 75 iliacus
1046 2482 152 75 externus

163 2528 132 75 mufcie.

212 2574 115 75 Below
354 2574 57 75 the
428 2574 147 75 GnuoGty
592 2574 52 75 for
672 2574 56 75 the
755 2574 168 75 obturator
944 2574 131 75 mufcie,
1101 2574 26 75 is
1145 2574 54 75 the

165 2620 91 75 great
275 2620 87 75 knob
379 2620 38 75 or
431 2620 186 75 tuberoGty,
644 2620 139 75 covered
807 2620 80 75 with
906 2620 151 75 cartilage
1076 2620 37 75 or
1130 2620 69 75 ten-

165 2667 78 75 don.
339 2667 76 75 The
432 2667 99 75 upper
548 2667 70 75 part
641 2667 40 75 of
696 2667 56 75 the
775 2667 174 75 tuberofity
973 2667 88 75 gives
1084 2667 59 75 rife
1165 2667 34 75 to

166 2714 55 75 the
239 2714 132 75 inferior
388 2714 153 75 gemellus
559 2714 129 75 mufcle.
776 2714 57 75 To
845 2714 19 75 a
880 2714 89 75 ridge
982 2714 32 75 at
1031 2714 55 75 the
1102 2714 97 75 infide

164 2760 42 75 of
220 2760 78 75 this,
325 2760 55 75 the
401 2760 147 75 external
565 2760 37 75 or
622 2760 154 75 poflerior
791 2760 197 75 facrofciatic
1005 2760 151 75 ligament
1172 2760 26 75 is

170 2805 35 75 fo
222 2805 99 75 fixed,
339 2805 71 75 that
426 2805 144 75 between
586 2805 38 75 it,
650 2805 55 75 the
722 2805 136 75 internal
876 2805 164 75 ligament,
1066 2805 62 75 and
1145 2805 55 75 the

169 2849 148 75 Gnuofvty
333 2849 39 75 of
383 2849 56 75 the
460 2849 35 75 os
511 2849 143 75 ifehium,
675 2849 18 75 a
704 2849 122 75 pafiage
843 2849 27 75 is
882 2849 65 75 left
963 2849 51 75 for
1030 2849 55 75 the
1101 2849 98 75 inter-

169 2896 54 75 nal
243 2896 167 75 obturator
433 2896 129 75 mufcie.
657 2896 75 75 The
753 2896 98 75 upper
874 2896 89 75 thick
986 2896 127 75 fmooth
1130 2896 71 75 part

169 2942 41 75 of
222 2942 55 75 the
292 2942 107 75 tuber,
424 2942 104 75 called
556 2942 43 75 by
624 2942 84 75 fome
733 2942 41 75 its
804 2942 138 75 dorfum,
966 2942 58 75 has
1049 2942 67 75 two
1143 2942 57 75 ob-

169 2990 88 75 lique
273 2990 191 75 impreflions
480 2990 42 75 on
538 2990 38 75 it.
627 2990 77 75 The
727 2990 91 75 inner
841 2990 62 75 one
927 2990 88 75 gives
1038 2990 103 75 origin
1165 2990 36 75 to

1321 141 40 75 O
1480 141 45 75 M
1643 141 50 75 Y.

2096 141 71 75 Fai
2177 141 16 75 t
2213 141 31 75 T.

1219 212 56 75 the
1292 212 77 75 long
1380 212 84 75 head
1480 212 39 75 of
1533 212 55 75 the
1604 212 107 75 biceps
1728 212 103 75 flexor
1842 212 84 75 tibiae
1944 212 62 75 and
2021 212 224 75 feminervofus

1220 257 146 75 mufcles.,
1391 257 63 75 and
1470 257 55 75 the
1544 257 311 75 femimembranofus
1878 257 77 75 riles
1971 257 84 75 from
2076 257 56 75 the
2154 257 91 75 exte-

1221 304 65 75 rior
1305 304 73 75 one,
1402 304 107 75 which
1535 304 129 75 reaches
1684 304 114 75 higher
1822 304 62 75 and
1899 304 112 75 nearer
2027 304 55 75 the
2099 304 148 75 acetabu-

1220 350 65 75 lum
1303 350 77 75 than
1400 350 56 75 the
1478 350 105 75 other.
1679 350 76 75 The
1778 350 111 75 lower,
1915 350 139 75 thinner,
2079 350 88 75 more
2183 350 65 75 fca-

1222 396 95 75 brous
1342 396 70 75 part
1437 396 40 75 of
1495 396 55 75 the
1574 396 86 75 knob
1682 396 106 75 which
1812 396 100 75 bends
1936 396 168 75 forwards,
2130 396 26 75 is
2185 396 65 75 alfo

1222 443 131 75 marked
1369 443 79 75 with
1466 443 65 75 two
1555 443 56 75 flat
1636 443 151 75 furfaces,
1812 443 149 75 whereof
1983 443 57 75 the
2063 443 136 75 internal
2223 443 26 75 is

1222 489 84 75 what
1319 489 48 75 we
1379 489 71 75 lean
1462 489 85 75 upon
1561 489 32 75 in
1605 489 117 75 fitting,
1741 489 62 75 and
1814 489 56 75 the
1883 489 144 75 external
2037 489 87 75 gives
2141 489 58 75 rife
2215 489 35 75 to

1223 535 53 75 the
1293 535 114 75 largeft
1423 535 85 75 head
1524 535 39 75 of
1574 535 55 75 the
1645 535 117 75 triceps
1779 535 153 75 addu&or
1947 535 143 75 femoris.
2186 535 64 75 Be-

1223 582 102 75 tween
1339 582 55 75 the
1407 582 143 75 external
1560 582 123 75 margin
1698 582 41 75 of
1745 582 56 75 the
1817 582 185 75 tuberofity,
2016 582 63 75 and
2094 582 56 75 the
2162 582 90 75 great

1225 628 72 75 hole
1315 628 40 75 of
1365 628 56 75 the
1437 628 35 75 os
1488 628 243 75 innominatum,
1747 628 91 75 there
1852 628 27 75 is
1891 628 184 75 frequently
2086 628 38 75 an
2141 628 112 75 obtufe

1226 674 90 75 ridge
1332 674 162 75 extended
1509 674 95 75 down
1626 674 85 75 from
1730 674 56 75 the
1806 674 212 75 acetabulum,
2044 674 105 75 which
2166 674 87 75 gives

1226 720 103 75 origin
1346 720 36 75 to
1398 720 55 75 the
1470 720 175 75 quadrants
1660 720 241 75 femoris.—As
1917 720 55 75 the
1989 720 95 75 tuber
2098 720 155 75 advances

1228 768 169 75 forwards,
1421 768 26 75 it
1463 768 146 75 becomes
1626 768 136 75 fmaller,
1788 768 62 75 and
1866 768 27 75 is
1911 768 114 75 rough,
2051 768 50 75 for
2118 768 55 75 the
2189 768 64 75 ori-

1229 813 53 75 gin
1299 813 39 75 of
1350 813 56 75 the
1422 813 158 75 mufculus
1598 813 85 75 traV'
1683 813 130 75 verfalis
1832 813 62 75 and
1915 813 122 75 eredtor
2058 813 99 75 penis.

1228 859 77 75 The
1329 859 91 75 fmall
1442 859 53 75 leg
1511 859 40 75 of
1568 859 39 75 it,
1632 859 106 75 which
1755 859 127 75 mounts
1898 859 148 75 upwards
2063 859 35 75 to
2110 859 73 75 join
2199 859 59 75 the

1230 906 35 75 os
1283 906 103 75 pubis,
1411 906 27 75 is
1457 906 102 75 rough
1579 906 62 75 and
1656 906 180 75 prominent
1851 906 33 75 at
1899 906 41 75 its
1958 906 93 75 edge,
2076 906 107 75 where
2200 906 56 75 the

1229 952 66 75 two
1310 952 99 75 lower
1424 952 100 75 heads
1549 952 39 75 of
1607 952 55 75 the
1686 952 116 75 triceps
1829 952 38 75 or
1891 952 189 75 quadriceps
2103 952 159 75 addudto^

1230 998 130 75 femoris
1377 998 74 75 take
1467 998 84 75 their
1568 998 72 75 rife.

1276 1044 77 75 The
1368 1044 100 75 upper
1484 1044 63 75 and
1562 1044 83 75 back
1661 1044 70 75 part
1750 1044 42 75 of
1809 1044 55 75 the
1889 1044 38 75 os
1950 1044 132 75 ifehium
2106 1044 28 75 is
2155 1044 101 75 broad

1230 1092 62 75 and
1312 1092 111 75 thick;
1450 1092 58 75 but
1531 1092 41 75 its
1597 1092 99 75 lower
1721 1092 63 75 and
1804 1092 157 75 fore-part
1977 1092 26 75 is
2019 1092 161 75 narrower
2196 1092 63 75 and

1232 1137 139 75 thinner.

1277 1183 76 75 The
1369 1183 36 75 os
1422 1183 89 75 ilium
1535 1183 62 75 and
1614 1183 91 75 pubis
1721 1183 41 75 of
1772 1183 56 75 the
1844 1183 83 75 fame
1945 1183 63 75 fide
2035 1183 54 75 are
2105 1183 56 75 the
2182 1183 76 75 only

1230 1230 99 75 bones
1345 1230 107 75 which
1466 1230 52 75 are
1535 1230 187 75 contiguous
1738 1230 36 75 to
1790 1230 56 75 the
1862 1230 36 75 os
1916 1230 146 75 ifehium.

1277 1276 77 75 The
1382 1276 52 75 Os
1465 1276 130 75 Pubis,
1621 1276 37 75 or
1677 1276 203 75 jhare-hone,
1905 1276 27 75 is
1959 1276 55 75 the
2041 1276 77 75 lead
2141 1276 40 75 of
2202 1276 57 75 the

1231 1322 92 75 three
1339 1322 87 75 parts
1442 1322 41 75 of
1502 1322 54 75 the
1573 1322 35 75 os
1625 1322 242 75 innominatum,
1892 1322 63 75 and
1978 1322 26 75 is
2027 1322 112 75 placed
2155 1322 32 75 at
2204 1322 55 75 the

1232 1368 99 75 upper
1347 1368 157 75 fore-part
1520 1368 40 75 of
1577 1368 210 75 it.——-The
1804 1368 91 75 thick
1915 1368 113 75 larged
2049 1368 71 75 part
2139 1368 41 75 of
2195 1368 63 75 this

1232 1415 82 75 bone
1326 1415 26 75 is
1365 1415 170 75 employed
1543 1415 32 75 in
1588 1415 139 75 forming
1738 1415 55 75 the
1806 1415 220 75 acetabulum;
2042 1415 83 75 from
2139 1415 119 75 which,

1216 1461 185 75 ^becoming
1417 1461 95 75 much
1530 1461 136 75 fmaller,
1683 1461 27 75 it
1724 1461 26 75 is
1767 1461 158 75 dretched
1939 1461 136 75 inwards
2092 1461 35 75 to
2142 1461 42 75 its
2199 1461 61 75 fel-

1231 1507 63 75 low
1310 1507 40 75 of
1361 1507 55 75 the
1435 1507 95 75 other
1545 1507 76 75 fide,
1645 1507 108 75 where
1769 1507 90 75 again
1879 1507 27 75 it
1930 1507 105 75 grows
2057 1507 115 75 larger,
2197 1507 65 75 and

1233 1554 91 75 fends
1335 1554 17 75 a
1362 1554 88 75 fmall
1462 1554 118 75 branch
1589 1554 200 75 downwards
1802 1554 34 75 to
1844 1554 69 75 join
1926 1554 55 75 the
1989 1554 63 75 end
2063 1554 39 75 of
2111 1554 53 75 the
2172 1554 90 75 fmall

1233 1601 51 75 leg
1297 1601 40 75 of
1347 1601 56 75 the
1414 1601 36 75 os
1465 1601 318 75 ifehium.—>—The
1798 1601 100 75 upper
1911 1601 157 75 fore-part
2084 1601 41 75 of
2130 1601 77 75 each
2224 1601 39 75 os

1233 1647 91 75 pubis
1341 1647 28 75 is
1386 1647 150 75 tubgrous
1553 1647 63 75 and
1632 1647 102 75 rough
1762 1647 107 75 where
1896 1647 55 75 the
1978 1647 157 75 mufculus
2157 1647 65 75 reft
2224 1647 37 75 us

1234 1693 61 75 and
1312 1693 203 75 pyramidalis
1532 1693 52 75 are
1601 1693 149 75 inferted.
1845 1693 99 75 From
1956 1693 64 75 this
2033 1693 18 75 a
2063 1693 88 75 ridge
2162 1693 26 75 is
2201 1693 58 75 ex-

1235 1739 118 75 tended
1370 1739 94 75 along
1480 1739 56 75 the
1555 1739 100 75 upper
1675 1739 79 75 edge
1771 1739 40 75 of
1822 1739 55 75 the
1888 1739 95 75 bone,
2007 1739 32 75 in
2056 1739 19 75 a
2090 1739 172 75 continued

1235 1786 63 75 line
1316 1786 78 75 with
1419 1786 76 75 fuch
1521 1786 134 75 another
1680 1786 41 75 of
1739 1786 55 75 the
1824 1786 35 75 os
1884 1786 102 75 ilium,
2011 1786 104 75 which
2139 1786 123 75 divides

1236 1831 56 75 the
1317 1831 156 75 abdomen
1490 1831 63 75 and
1570 1831 111 75 pelvis.
1729 1831 77 75 The
1823 1831 152 75 ligament
1998 1831 40 75 of
2056 1831 163 75 Fallopius
2236 1831 27 75 is

1236 1877 88 75 fixed
1339 1877 35 75 to
1390 1877 57 75 the
1466 1877 136 75 internal
1619 1877 63 75 end
1705 1877 41 75 of
1763 1877 64 75 this
1852 1877 103 75 ridge,
1980 1877 62 75 and
2064 1877 55 75 the
2138 1877 125 75 fmooth

1237 1922 121 75 hollow
1374 1922 105 75 below
1496 1922 27 75 it
1539 1922 27 75 is
1583 1922 92 75 made
1691 1922 42 75 by
1745 1922 56 75 the
1816 1922 90 75 pfoas
1924 1922 62 75 and
1997 1922 109 75 iliacus
2121 1922 142 75 internus

1238 1969 131 75 mufcles
1386 1969 115 75 palling
1517 1969 78 75 with
1612 1969 56 75 the
1680 1969 139 75 anterior
1835 1969 103 75 crural
1952 1969 106 75 veflels
2075 1969 62 75 and
2152 1969 113 75 nerves

1237 2015 119 75 behind
1378 2015 56 75 the
1459 2015 163 75 ligament.
1718 2015 99 75 Some
1841 2015 73 75 way
1937 2015 106 75 below
2066 2015 56 75 the
2145 2015 120 75 former

1239 2061 102 75 ridgej
1366 2061 135 75 another
1514 2061 27 75 is
1558 2061 162 75 extended
1735 2061 82 75 from
1833 2061 56 75 the
1906 2061 152 75 tuberous
2070 2061 72 75 part
2158 2061 40 75 of
2210 2061 56 75 the

1240 2109 35 75 os
1299 2109 91 75 pubis
1408 2109 212 75 downwards,
1645 2109 61 75 and
1723 2109 162 75 oupwards
1901 2109 139 75 towards
2054 2109 53 75 the
2119 2109 148 75 acetabu-

1242 2154 65 75 lum
1319 2154 10 75 ;
1355 2154 146 75 between
1521 2154 87 75 thefe
1630 2154 66 75 two
1713 2154 105 75 ridges
1834 2154 56 75 the
1905 2154 83 75 bone
2010 2154 27 75 is
2061 2154 121 75 hollow
2204 2154 64 75 and

1242 2200 139 75 fmooth,
1395 2200 51 75 for
1458 2200 132 75 lodging
1603 2200 54 75 the
1669 2200 85 75 head
1769 2200 37 75 of
1819 2200 57 75 the
1887 2200 158 75 peftineus
2060 2200 128 75 mufcie.

1242 2247 223 75 Immediately
1481 2247 108 75 belovi'
1589 2247 10 75 ,
1623 2247 108 75 where
1741 2247 60 75 the
1817 2247 99 75 lower
1931 2247 90 75 ridge
2037 2247 26 75 is
2079 2247 36 75 to
2126 2247 76 75 take
2213 2247 56 75 the

1245 2294 74 75 turn
1336 2294 212 75 downwards,
1566 2294 19 75 a
1600 2294 140 75 winding
1756 2294 87 75 nitch
1860 2294 26 75 is
1904 2294 103 75 made,
2025 2294 105 75 which
2142 2294 26 75 is
2181 2294 87 75 com-

1244 2340 183 75 prehended
1450 2340 32 75 in
1505 2340 55 75 the
1585 2340 91 75 great
1699 2340 144 75 foramen
1867 2340 40 75 of
1926 2340 18 75 a
1974 2340 153 75 (keleton,
2160 2340 58 75 but
2242 2340 26 75 is

1245 2387 126 75 formed
1386 2387 69 75 into
1472 2387 19 75 a
1514 2387 75 75 hole
1610 2387 44 75 by
1676 2387 19 75 a
1715 2387 175 75 fubtended
1915 2387 151 75 ligament
2087 2387 32 75 in
2143 2387 54 75 the
2220 2387 49 75 re-

1247 2433 71 75 cent
1330 2433 131 75 fubjeft,
1480 2433 51 75 for
1547 2433 54 75 the
1617 2433 122 75 paflage
1756 2433 39 75 of
1806 2433 55 75 the
1878 2433 152 75 poflerior
2042 2433 103 75 crural
2162 2433 108 75 nerve,

1249 2478 37 75 an
1304 2478 120 75 artery,
1457 2478 62 75 and
1546 2478 18 75 a
1586 2478 82 75 vein.
1766 2478 76 75 The
1868 2478 136 75 internal
2026 2478 64 75 end
2106 2478 39 75 of
2163 2478 54 75 the
2233 2478 36 75 os

1248 2525 90 75 pubis
1355 2525 26 75 is
1398 2525 101 75 rough
1527 2525 62 75 and
1605 2525 151 75 unequal,
1780 2525 51 75 for
1855 2525 56 75 the
1936 2525 108 75 firmer
2067 2525 144 75 adhefion
2236 2525 41 75 of

1247 2572 56 75 the
1318 2572 91 75 thick
1424 2572 210 75 ligamentous
1652 2572 151 75 cartilage
1819 2572 71 75 that
1905 2572 146 75 connefts
2063 2572 26 75 it
2102 2572 34 75 to
2151 2572 42 75 its
2210 2572 61 75 fel-

1245 2618 66 75 low
1333 2618 40 75 of
1391 2618 56 75 the
1464 2618 94 75 other
1574 2618 212 75 fide:—The
1809 2618 126 75 prweefs
1952 2618 105 75 which
2074 2618 76 75 goes
2174 2618 97 75 down

1248 2664 84 75 from
1359 2664 70 75 that
1446 2664 35 75 to
1504 2664 56 75 the
1577 2664 35 75 os
1629 2664 131 75 ifehium
1782 2664 26 75 is
1833 2664 100 75 broad
1949 2664 64 75 and
2030 2664 101 75 rough
2147 2664 124 75 before,

1249 2709 104 75 where
1370 2709 55 75 the
1442 2709 128 75 gracilis
1585 2709 62 75 and
1662 2709 99 75 upper
1776 2709 98 75 heads
1894 2709 40 75 of
1945 2709 55 75 the
2015 2709 128 75 triceps,
2168 2709 38 75 or
2222 2709 49 75 ra-

1248 2756 73 75 ther
1338 2756 189 75 quadriceps
1543 2756 154 75 adduftor
1712 2756 143 75 femoris,
1871 2756 81 75 have
1962 2756 85 75 their
2063 2756 115 75 origin.

1295 2801 145 75 Betwixt
1455 2801 56 75 the
1535 2801 36 75 os
1589 2801 131 75 ifehium
1736 2801 62 75 and
1814 2801 90 75 pubis
1922 2801 18 75 a
1955 2801 78 75 very
2048 2801 87 75 large
2151 2801 121 75 irregu-

1248 2848 138 75 lar'hole
1402 2848 27 75 is
1452 2848 73 75 left,
1550 2848 117 75 which,
1693 2848 83 75 from
1795 2848 41 75 its
1860 2848 209 75 refemblance
2092 2848 37 75 jo
2153 2848 19 75 a
2192 2848 82 75 door

1249 2895 37 75 or
1301 2895 111 75 (hield,
1437 2895 56 75 has
1510 2895 81 75 been
1607 2895 103 75 called
1725 2895 170 75 thyroides.
1951 2895 85 75 This
2059 2895 75 75 hole
2161 2895 27 75 is
2216 2895 57 75 all,

1248 2940 115 75 except
1379 2940 56 75 the
1454 2940 89 75 nitch
1560 2940 51 75 for
1629 2940 54 75 the
1698 2940 153 75 pofterior
1867 2940 103 75 crural
1988 2940 108 75 nerve,
2114 2940 87 75 filled
2217 2940 54 75 up,

1247 2987 33 75 in
1297 2987 18 75 a
1330 2987 107 75 recent
1452 2987 131 75 fubjeft,
1601 2987 78 75 with
1697 2987 18 75 a
1731 2987 105 75 llrong
1851 2987 211 75 ligamentous
2078 2987 192 75 membrane,
2203 3028 69 75 that
