2477 3395
678 167 515 75 BREW

160 245 107 75 where
283 245 55 75 the
354 245 56 75 fun
426 245 57 75 has
511 245 68 75 free
609 245 115 75 accefs,
749 245 25 75 it
791 245 25 75 is
833 245 76 75 then
926 245 110 75 nearly
1052 245 33 75 as
1103 245 87 75 good

161 292 32 75 as
211 292 66 75 rain
302 292 37 75 or
355 292 227 75 river-waters.
615 292 67 75 But
698 292 104 75 where
819 292 25 75 it
860 292 26 75 is
902 292 33 75 in
952 292 19 75 a
986 292 88 75 fmall
1087 292 100 75 quan-

163 338 72 75 tity,
260 338 38 75 or
313 338 61 75 full
391 338 40 75 of
442 338 54 75 fi(h
526 338 184 75 (efpecially
736 338 55 75 the
819 338 204 75 fling-tench)
1051 338 36 75 or
1110 338 26 75 is
1153 338 34 75 fo

161 384 160 75 difturbed
339 384 44 75 by
399 384 108 75 cattle,
532 384 34 75 as
594 384 35 75 to
657 384 88 75 force
773 384 42 75 up
839 384 77 75 mud
932 384 61 75 and
1010 384 82 75 filth,
1117 384 27 75 it
1160 384 26 75 is

160 431 76 75 then
260 431 55 75 the
333 431 77 75 moft
430 431 68 75 foul
516 431 61 75 and
603 431 212 75 difagreeable
831 431 40 75 of
882 431 43 75 all
940 431 110 75 others
1065 431 9 75 :
1103 431 44 75 So
1159 431 26 75 is

159 477 26 75 it
197 477 138 75 likewife
351 477 31 75 in
398 477 76 75 long
489 477 60 75 dry
564 477 135 75 feafons,
718 477 90 75 when
826 477 59 75 our
900 477 217 75 pond-waters
1134 477 53 75 are

159 524 33 75 fo
210 524 64 75 low
290 524 32 75 as
339 524 36 75 to
401 524 106 75 oblige
524 524 36 75 us
576 524 35 75 to
628 524 92 75 drain
744 524 26 75 it
798 524 140 75 through
962 524 96 75 fieves
1076 524 110 75 before

156 570 52 75 we
224 570 58 75 can
300 570 52 75 ufe
368 570 39 75 it,
431 570 35 75 to
487 570 74 75 take
577 570 57 75 out
651 570 54 75 the
721 570 88 75 fmall
836 570 56 75 red
914 570 117 75 worms
1055 570 64 75 and
1146 570 35 75 o-

160 616 72 75 ther
254 616 199 75 corruptions
476 616 72 75 that
570 616 142 75 ftagnant
733 616 114 75 waters
864 616 53 75 are
933 616 120 75 fubjeft
1074 616 49 75 to.

314 720 76 75 The
420 720 152 75 London
595 720 155 75 Method
772 720 49 75 of
837 720 190 75 Brewing.

425 801 95 75 Stout
539 801 83 75 Butt
639 801 72 75 leer
726 801 37 75 or
783 801 133 75 Porter.

204 861 59 75 Th
272 861 9 75 i
290 861 15 75 s
326 861 26 75 is
369 861 55 75 the
437 861 147 75 ftrongefl:
596 861 108 75 porter
716 861 70 75 that
798 861 27 75 is
837 861 128 75 brewed
977 861 84 75 from
1072 861 113 75 brown

157 907 90 75 malt,
272 907 62 75 and
350 907 88 75 often
453 907 70 75 fold
539 907 51 75 for
607 907 89 75 forty
713 907 140 75 (hillings
870 907 56 75 the
942 907 117 75 barrel,
1085 907 36 75 or
1139 907 46 75 fix

157 955 123 75 pounds
298 955 54 75 the
370 955 73 75 butt
459 955 58 75 out
532 955 40 75 of
582 955 56 75 the
654 955 168 75 wholefale
840 955 112 75 cellars
965 955 9 75 :
992 955 77 75 The
1078 955 108 75 liquor

158 1000 67 75 (for
248 1000 26 75 it
301 1000 26 75 is
351 1000 160 75 fix-pence
528 1000 112 75 forfeit
655 1000 32 75 in
703 1000 55 75 the
775 1000 139 75 London
931 1000 94 75 brew-
1035 1000 98 75 houfe
1158 1000 32 75 if

155 1047 55 75 the
226 1047 90 75 word
331 1047 109 75 water
456 1047 26 75 is
498 1047 130 75 named)
647 1047 31 75 in
695 1047 55 75 the
766 1047 117 75 copper
898 1047 147 75 defigned
1061 1047 51 75 for
1128 1047 57 75 the

155 1091 63 75 firft
235 1091 96 75 mafli,
356 1091 56 75 has
426 1091 18 75 a
460 1091 190 75 two-bu(hel
665 1091 121 75 bafket,
811 1091 37 75 or
865 1091 100 75 more,
983 1091 35 75 of
1034 1091 55 75 the
1106 1091 78 75 mod

157 1137 91 75 hully
272 1137 79 75 malt
367 1137 127 75 thrown
510 1137 76 75 over
602 1137 37 75 it,
665 1137 35 75 to
721 1137 94 75 cover
840 1137 40 75 its
906 1137 68 75 top,
999 1137 63 75 and
1085 1137 98 75 after-

155 1185 105 75 wards
276 1185 42 75 its
334 1185 145 75 boiling;
504 1185 65 75 this
592 1185 79 75 mud
694 1185 39 75 be
758 1185 92 75 made
873 1185 78 75 very
976 1185 72 75 hot,
1073 1185 111 75 almod

157 1230 97 75 ready
269 1230 35 75 to
320 1230 78 75 boil,
423 1230 55 75 yet
496 1230 57 75 not
569 1230 34 75 fo
620 1230 33 75 as
670 1230 34 75 to
716 1230 118 75 blifler,
860 1230 51 75 for
930 1230 77 75 then
1023 1230 26 75 it
1066 1230 66 75 will
1145 1230 38 75 be

158 1277 31 75 in
212 1277 55 75 too
280 1277 79 75 high
376 1277 94 75 heat;
497 1277 69 75 but,
592 1277 33 75 as
643 1277 38 75 an
698 1277 173 75 indication
887 1277 39 75 of
942 1277 75 75 this,
1043 1277 55 75 tire
1114 1277 68 75 foul

151 1323 75 75 part
242 1323 40 75 of
293 1323 55 75 the
364 1323 107 75 liquor
487 1323 66 75 will
570 1323 124 75 afcend,
712 1323 62 75 and
784 1323 56 75 the
852 1323 78 75 malt
945 1323 86 75 fwell
1049 1323 53 75 up,
1121 1323 62 75 and

155 1369 74 75 then
247 1369 25 75 it
288 1369 79 75 mud
383 1369 39 75 be
445 1369 124 75 parted,
593 1369 120 75 looked
740 1369 80 75 into,
845 1369 62 75 and
935 1369 58 75 felt
1020 1369 77 75 with
1126 1369 55 75 the

154 1415 100 75 finger
270 1415 36 75 or
323 1415 83 75 back
422 1415 40 75 of
483 1415 56 75 the
555 1415 98 75 hand,
679 1415 63 75 and
768 1415 31 75 if
821 1415 55 75 the
904 1415 105 75 liquor
1023 1415 44 75 be
1083 1415 98 75 clear,

153 1461 66 75 and
251 1461 39 75 of
317 1461 76 75 fuch
425 1461 75 75 heat
533 1461 32 75 as
598 1461 58 75 can
683 1461 41 75 be
750 1461 58 75 but
832 1461 64 75 jufl
924 1461 153 75 endured,
1103 1461 25 75 it
1156 1461 26 75 is

156 1507 77 75 then
249 1507 138 75 enough,
413 1507 63 75 and
492 1507 54 75 the
563 1507 103 75 doker
693 1507 79 75 mud
794 1507 95 75 damp
910 1507 49 75 his
984 1507 56 75 fire
1057 1507 33 75 as
1108 1507 76 75 foon

153 1553 35 75 as
208 1553 135 75 poflible,
371 1553 42 75 by
436 1553 160 75 throwing
618 1553 32 75 in
668 1553 17 75 a
702 1553 85 75 good
802 1553 105 75 parcel
924 1553 40 75 of
982 1553 83 75 freftr
1082 1553 100 75 coals,

153 1599 64 75 .and
241 1599 139 75 (hutting
406 1599 50 75 his
482 1599 70 75 iron
578 1599 188 75 vent-doors
781 1599 10 75 ;
817 1599 216 75 immediately
1047 1599 42 75 on
1106 1599 77 75 this,

154 1646 78 75 they
246 1646 46 75 let
309 1646 33 75 as
360 1646 93 75 much
471 1646 74 75 cold
561 1646 106 75 liquor
680 1646 37 75 or
728 1646 100 75 water
840 1646 57 75 run
910 1646 69 75 into
995 1646 53 75 the
1065 1646 117 75 copper

154 1692 34 75 as
217 1692 66 75 will
311 1692 92 75 make
431 1692 26 75 it
484 1692 42 75 all
554 1692 40 75 of
617 1692 19 75 a
662 1692 88 75 heat,
790 1692 172 75 fomewhat
989 1692 88 75 more
1105 1692 77 75 than

154 1737 238 75 blood-warm;
418 1737 64 75 this
509 1737 78 75 they
614 1737 95 75 pump
737 1737 88 75 over,
852 1737 36 75 or
915 1737 46 75 let
977 1737 25 75 it
1019 1737 68 75 pafs
1104 1737 44 75 by
1165 1737 17 75 a

154 1783 82 75 cock
252 1783 68 75 into
344 1783 40 75 an
404 1783 128 75 upright
548 1783 134 75 wooden
698 1783 113 75 fquare
827 1783 92 75 (pout
935 1783 36 75 or
988 1783 109 75 trunk,
1122 1783 62 75 and

155 1829 27 75 it
197 1829 134 75 directly
348 1829 72 75 rifes
437 1829 141 75 thtough
595 1829 55 75 the
666 1829 89 75 holes
773 1829 39 75 of
836 1829 18 75 a
880 1829 77 75 falfe
972 1829 126 75 bottom
1114 1829 68 75 into

155 1875 55 75 the
228 1875 90 75 malt,
343 1875 104 75 which
475 1875 26 75 is
520 1875 130 75 worked
665 1875 44 75 by
724 1875 118 75 feveral
860 1875 70 75 men
948 1875 76 75 with
1041 1875 73 75 oars
1131 1875 51 75 for

154 1921 98 75 about
267 1921 74 75 half
351 1921 39 75 an
405 1921 96 75 hour,
525 1921 64 75 and
612 1921 27 75 is
656 1921 103 75 called
774 1921 54 75 the
845 1921 64 75 fird
925 1921 63 75 and
1004 1921 175 75 difFmafli:

155 1969 113 75 While
285 1969 61 75 this
364 1969 26 75 is
406 1969 111 75 doing,
541 1969 91 75 there
654 1969 26 75 is
698 1969 87 75 more
807 1969 110 75 liquor
932 1969 129 75 heating
1077 1969 31 75 in
1126 1969 55 75 the

156 2014 128 75 copper,
312 2014 69 75 that
409 2014 81 75 mud
516 2014 58 75 not
589 2014 40 75 be
646 2014 45 75 let
706 2014 69 75 into
791 2014 55 75 the
863 2014 158 75 mafh-tun
1038 2014 49 75 till
1110 2014 27 75 it
1152 2014 29 75 is

154 2060 77 75 very
239 2060 101 75 (harp,
355 2060 109 75 almod
476 2060 98 75 ready
586 2060 35 75 to
630 2060 87 75 boil;
732 2060 77 75 with
817 2060 64 75 this
894 2060 76 75 they
982 2060 84 75 mafli
1076 2060 103 75 again,

155 2105 75 75 then
247 2105 95 75 cover
354 2105 25 75 it
391 2105 78 75 with
486 2105 118 75 feveral
616 2105 123 75 bafltets
756 2105 40 75 of
807 2105 91 75 malt,
916 2105 62 75 and
994 2105 45 75 let
1050 2105 27 75 it
1094 2105 88 75 (land

152 2151 41 75 an
211 2151 82 75 hour
306 2151 112 75 before
428 2151 26 75 it
467 2151 73 75 runs
552 2151 69 75 into
637 2151 56 75 the
708 2151 101 75 under
826 2151 93 75 back,
945 2151 118 75 which,
1088 2151 93 75 when

155 2197 107 75 boiled
279 2197 37 75 an
334 2197 81 75 hour
431 2197 62 75 and
514 2197 18 75 a
547 2197 72 75 half
631 2197 76 75 with
725 2197 19 75 a
760 2197 86 75 good
868 2197 149 75 quantity
1034 2197 41 75 of
1085 2197 94 75 hops,

154 2244 109 75 makes
281 2244 62 75 this
367 2244 94 75 (lout.
509 2244 77 75 The
603 2244 79 75 next
699 2244 26 75 is
743 2244 124 75 maflied
885 2244 77 75 with
980 2244 18 75 a
1018 2244 108 75 cooler
1142 2244 38 75 li-

151 2288 99 75 quor,
274 2288 77 75 then
368 2288 17 75 a
402 2288 136 75 (harper,
563 2288 63 75 and
642 2288 54 75 the
712 2288 79 75 next
807 2288 213 75 blood-warm
1038 2288 38 75 or
1092 2288 89 75 quite

154 2335 93 75 cold;
274 2335 44 75 by
336 2335 105 75 which
457 2335 155 75 alternate
628 2335 130 75 degrees
775 2335 39 75 of
836 2335 87 75 heat,
948 2335 19 75 a
983 2335 148 75 quantity
1147 2335 40 75 of

152 2382 92 75 fmall
260 2382 75 75 beer
351 2382 26 75 is
395 2382 90 75 made
502 2382 83 75 after
601 2382 54 75 the
670 2382 96 75 dout.

194 2441 45 75 To
256 2441 89 75 make
360 2441 133 75 Porter,
511 2441 36 75 or
565 2441 185 75 Butt-beer,
767 2441 32 75 to
815 2441 80 75 have
910 2441 21 75 a
939 2441 69 75 fine
1026 2441 106 75 Tang.

201 2497 116 75 This,
342 2497 40 75 of
402 2497 75 75 late,
502 2497 57 75 has
575 2497 78 75 been
677 2497 167 75 improved
859 2497 66 75 two
942 2497 86 75 ways
1040 2497 9 75 :
1085 2497 93 75 Fird,

152 2542 46 75 by
214 2542 123 75 mixing
364 2542 64 75 two
445 2542 123 75 bufhels
585 2542 38 75 of
645 2542 71 75 pale
738 2542 78 75 malt
833 2542 77 75 with
935 2542 47 75 fix
998 2542 41 75 of
1053 2542 126 75 brown,

154 2588 106 75 which
278 2588 64 75 will
359 2588 142 75 preferve
518 2588 162 75 butt-beer
696 2588 30 75 in
745 2588 17 75 a
774 2588 126 75 mellow
917 2588 176 75 condition,
1118 2588 63 75 and

154 2635 90 75 caufe
268 2635 26 75 it
318 2635 34 75 to
368 2635 81 75 have
470 2635 19 75 a
504 2635 137 75 pleafant
657 2635 94 75 fweet
767 2635 140 75 flavour:
934 2635 90 75 Aijd,
1049 2635 130 75 fecond-

153 2681 46 75 ly,
226 2681 123 75 further
366 2681 33 75 to
416 2681 141 75 improve
573 2681 62 75 and
650 2681 113 75 render
775 2681 25 75 it
812 2681 86 75 more
915 2681 168 75 palatable,
1102 2681 78 75 they

151 2728 67 75 boil
235 2728 25 75 it
277 2728 66 75 two
360 2728 96 75 hours
473 2728 62 75 and
564 2728 18 75 a
609 2728 79 75 half,
715 2728 60 75 and
799 2728 91 75 work
912 2728 25 75 it
959 2728 65 75 two
1040 2728 77 75 days
1145 2728 34 75 as

154 2775 73 75 cold
244 2775 33 75 as
297 2775 174 75 poflible-in
492 2775 55 75 the
569 2775 57 75 tun
640 2775 10 75 ;
677 2775 32 75 at
725 2775 68 75 lad,
819 2775 77 75 they
913 2775 51 75 dir
981 2775 37 75 it,
1044 2775 60 75 and
1122 2775 57 75 put

154 2821 17 75 a
188 2821 87 75 good
290 2821 133 75 handful
451 2821 39 75 of
512 2821 145 75 common
685 2821 59 75 fait
770 2821 68 75 into
866 2821 56 75 the
946 2821 149 75 quantity
1111 2821 40 75 of
1161 2821 18 75 a

153 2866 93 75 butt:
272 2866 111 75 Then,
407 2866 94 75 when
518 2866 55 75 the
590 2866 83 75 yead
700 2866 58 75 has
782 2866 64 75 had
872 2866 60 75 one
957 2866 91 75 rifihg
1076 2866 101 75 more,

154 2913 77 75 they
248 2913 56 75 tun
322 2913 36 75 it.

350 2959 6 75 '
379 2959 122 75 Strong
516 2959 122 75 Brown
658 2959 74 75 Ale,
750 2959 106 75 called
866 2959 119 75 Stitch.

198 3018 118 75 Most
333 3018 40 75 of
384 3018 63 75 this
464 3018 26 75 is
507 3018 56 75 the
579 3018 63 75 fird
659 3018 135 75 running
810 3018 39 75 of
861 3018 54 75 the
931 3018 90 75 malt,
1045 3018 58 75 but
1119 3018 55 75 yet

247 3066 96 75 Von.
368 3066 31 75 I.
447 3066 124 75 Numb.
591 3066 56 75 28.

1104 3066 17 75 3

1309 166 19 75 I
1443 166 44 75 N
1604 166 52 75 G.

1238 237 40 75 of
1289 237 18 75 a
1323 237 113 75 longer
1450 237 110 75 length
1578 237 76 75 than
1678 237 26 75 is
1727 237 111 75 drawn
1855 237 82 75 from
1955 237 54 75 the
2032 237 107 75 flout;
2166 237 23 75 it
2207 237 58 75 has

1236 282 57 75 but
1309 282 65 75 few
1394 282 80 75 hops
1492 282 106 75 boiled
1615 282 31 75 in
1664 282 36 75 it,
1727 282 62 75 and
1805 282 26 75 is
1846 282 67 75 (old
1927 282 50 75 for
1989 282 202 75 eight-pence
2202 282 62 75 per

1237 330 105 75 gallon
1359 330 33 75 at
1408 330 55 75 the
1480 330 200 75 brew-houfe
1696 330 57 75 out
1770 330 39 75 of
1821 330 55 75 the
1892 330 69 75 tun,
1986 330 62 75 and
2060 330 26 75 is
2103 330 162 75 generally

1237 376 91 75 made
1344 376 36 75 to
1397 376 114 75 amend
1527 376 54 75 the
1598 376 145 75 common
1761 376 110 75 brown
1888 376 49 75 ale
1956 376 90 75 with,
2072 376 40 75 on
2129 376 138 75 particu-

1240 423 48 75 lar
1305 423 170 75 occafions.

1375 485 147 75 Common
1542 485 125 75 Brown
1685 485 65 75 Ale
1764 485 70 75 and
1847 485 256 75 Starting-beer.

1281 541 114 75 They
1415 541 73 75 take
1505 541 57 75 the
1579 541 121 75 liquors
1716 541 85 75 from
1817 541 55 75 the
1888 541 111 75 brown
2027 541 49 75 ale
2094 541 32 75 as
2144 541 50 75 for
2212 541 54 75 the

1235 587 96 75 dout,
1356 587 57 75 but
1435 587 88 75 draw
1547 587 18 75 a
1588 587 126 75 greater
1737 587 149 75 quantity
1903 587 84 75 from
2005 587 55 75 the
2083 587 78 75 malt
2186 587 77 75 than

1236 633 51 75 for
1315 633 82 75 dout
1421 633 39 75 or
1484 633 91 75 ditch
1588 633 10 75 ;
1626 633 60 75 and
1700 633 83 75 after
1800 633 55 75 the
1874 633 69 75 difF
1954 633 62 75 and
2033 633 115 75 fecond
2165 633 96 75 malh,

1235 680 78 75 they
1329 680 58 75 cap
1403 680 55 75 the
1475 680 101 75 goods
1590 680 77 75 with
1685 680 81 75 frelh
1784 680 90 75 malt,
1893 680 36 75 to
1944 680 81 75 keep
2039 680 34 75 in
2089 680 56 75 the
2160 680 102 75 (pint,

1236 727 62 75 and
1314 727 65 75 boil
1395 727 26 75 it
1437 727 38 75 an
1493 727 105 75 hour;
1617 727 84 75 after
1713 727 76 75 this,
1806 727 89 75 fmall
1913 727 74 75 beer
2003 727 26 75 is
2047 727 91 75 made
2155 727 39 75 of
2207 727 56 75 the

1233 773 84 75 fame
1332 773 114 75 goods.
1487 773 95 75 Thus
1596 773 63 75 alfo
1677 773 53 75 the
1743 773 145 75 common
1901 773 110 75 brown
2029 773 128 75 darting
2170 773 88 75 butt-

1234 820 75 75 beer
1325 820 36 75 or
1378 820 109 75 porter
1505 820 26 75 is
1548 820 141 75 brewed,
1714 820 78 75 only
1818 820 107 75 boiled
1952 820 81 75 with
2061 820 88 75 more
2177 820 82 75 hops

1234 865 38 75 an
1290 865 82 75 hour
1389 865 61 75 and
1466 865 19 75 a
1500 865 81 75 half,
1608 865 60 75 and
1686 865 130 75 worked
1834 865 108 75 cooler
1964 865 63 75 and
2050 865 110 75 longer
2181 865 80 75 than

1233 912 55 75 the
1300 912 110 75 brown
1428 912 61 75 ale,
1506 912 62 75 and
1583 912 19 75 a
1617 912 121 75 fhorter
1752 912 111 75 length
1878 912 109 75 drawn
2004 912 84 75 from
2101 912 54 75 the
2169 912 89 75 mair.

1234 958 65 75 But
1316 958 25 75 it
1356 958 26 75 is
1400 958 175 75 cudomary
1589 958 83 75 after
1687 958 56 75 the
1759 958 111 75 brown
1886 958 62 75 ale,
1973 958 37 75 or
2025 958 93 75 when
2130 958 18 75 a
2160 958 101 75 quan-

1233 1006 62 75 tity
1310 1006 41 75 of
1361 1006 90 75 fmall
1468 1006 75 75 beer
1570 1006 26 75 is
1614 1006 138 75 wanted,
1777 1006 38 75 or
1830 1006 26 75 is
1874 1006 34 75 to
1935 1006 39 75 be
2002 1006 128 75 brewed
2157 1006 105 75 better

1233 1051 77 75 than
1326 1051 162 75 ordinary,
1514 1051 35 75 to
1560 1051 58 75 put
1633 1051 35 75 fo
1685 1051 100 75 much,
1792 1051 81 75 frelh
1886 1051 77 75 malt
1980 1051 41 75 on
2038 1051 55 75 the
2110 1051 99 75 goods
2227 1051 33 75 as

1232 1096 64 75 will
1313 1096 119 75 anfwer
1448 1096 71 75 that
1535 1096 145 75 purpofe.

1445 1159 83 75 Pale
1544 1159 69 75 and
1626 1159 122 75 Amber
1764 1159 79 75 Ales
1859 1159 70 75 and
1943 1159 96 75 Beer.

1278 1212 53 75 As
1351 1212 55 75 the
1421 1212 112 75 brown
1550 1212 93 75 malts
1661 1212 54 75 are
1732 1212 129 75 brewed
1877 1212 77 75 with
1980 1212 94 75 river,
2100 1212 87 75 thefe
2206 1212 55 75 are

1231 1258 129 75 brewed
1382 1258 80 75 with
1484 1258 72 75 well
1568 1258 37 75 or
1617 1258 260 75 fpring-Iiquors.
1925 1258 76 75 The
2017 1258 122 75 liquors
2152 1258 53 75 are
2217 1258 44 75 by

1230 1305 85 75 forne
1332 1305 94 75 taken
1443 1305 127 75 (harper
1586 1305 51 75 for
1654 1305 70 75 pale
1737 1305 76 75 than
1830 1305 110 75 brown
1954 1305 107 75 malts,
2078 1305 74 75 and,
2177 1305 85 75 after

1231 1351 54 75 the
1303 1351 63 75 fird
1381 1351 139 75 fcalding
1539 1351 106 75 liquor
1661 1351 27 75 is
1704 1351 58 75 put
1779 1351 87 75 over,
1892 1351 86 75 fome
1993 1351 99 75 lower
2117 1351 55 75 the
2201 1351 60 75 red

1231 1396 43 75 by
1289 1396 145 75 degrees,
1459 1396 35 75 to
1512 1396 55 75 the
1583 1396 68 75 lad,
1677 1396 106 75 which
1811 1396 26 75 is
1866 1396 90 75 quite
1983 1396 86 75 cold,
2095 1396 51 75 for
2178 1396 83 75 their

1231 1442 88 75 fmall
1336 1442 97 75 beer;
1459 1442 62 75 aqd
1549 1442 51 75 for
1628 1442 192 75 butt-beers,
1844 1442 90 75 there
1951 1442 26 75 is
1994 1442 41 75 no
2051 1442 93 75 other
2167 1442 93 75 differ

1232 1489 93 75 rence
1342 1489 76 75 than
1435 1489 55 75 the
1506 1489 143 75 addition
1674 1489 40 75 of
1733 1489 89 75 more
1843 1489 93 75 hops,
1962 1489 62 75 and
2040 1489 133 75 boiling,
2199 1489 63 75 and

1232 1536 53 75 the
1302 1536 131 75 method
1448 1536 40 75 of
1504 1536 155 75 working.

1511 1596 120 75 Entire
1646 1596 98 75 Guile
1759 1596 110 75 Small
1883 1596 98 75 Beer,

1279 1655 55 75 On
1354 1655 55 75 the
1426 1655 63 75 fird
1506 1655 108 75 liquor
1637 1655 79 75 they
1742 1655 107 75 throw
1875 1655 85 75 fome
1984 1655 93 75 hully
2104 1655 94 75 malt,,
2225 1655 36 75 to

1233 1701 80 75 drew
1329 1701 54 75 the
1401 1701 96 75 break
1513 1701 40 75 of
1568 1701 38 75 it,
1632 1701 63 75 and
1712 1701 90 75 when
1820 1701 25 75 it
1865 1701 25 75 is
1908 1701 76 75 very
2001 1701 100 75 (harp,
2126 1701 78 75 they
2216 1701 45 75 let

1232 1747 31 75 in
1279 1747 86 75 fome
1382 1747 72 75 cold
1467 1747 119 75 liquor,
1610 1747 64 75 and
1689 1747 58 75 run
1764 1747 26 75 it
1806 1747 68 75 into
1892 1747 55 75 the
1968 1747 56 75 tun
2042 1747 215 75 milk-warm;

1232 1793 63 75 this
1312 1793 26 75 is
1354 1793 126 75 malhed
1496 1793 78 75 with
1598 1793 103 75 thirty
1717 1793 37 75 or
1770 1793 88 75 forty
1874 1793 81 75 pulls
1973 1793 40 75 of
2031 1793 55 75 the
2103 1793 68 75 oar,
2197 1793 63 75 and

1231 1839 45 75 let
1293 1839 88 75 dand
1397 1839 49 75 till
1463 1839 55 75 the
1534 1839 116 75 fecond
1671 1839 108 75 liquor
1805 1839 27 75 is
1860 1839 109 75 ready,
1994 1839 106 75 which
2127 1839 79 75 mud
2222 1839 39 75 be

1232 1887 110 75 almod
1358 1887 152 75 fclalding
1526 1887 58 75 hot
1601 1887 35 75 to
1653 1887 54 75 the
1724 1887 81 75 back
1822 1887 39 75 of
1880 1887 56 75 the
1960 1887 86 75 hand
2059 1887 11 75 ;
2098 1887 75 75 then
2200 1887 60 75 run

1231 1932 25 75 it
1273 1932 43 75 by
1331 1932 56 75 the
1404 1932 80 75 cock
1499 1932 70 75 into
1585 1932 56 75 the
1657 1932 67 75 tun,
1751 1932 84 75 mafh
1858 1932 26 75 it
1901 1932 53 75 up,
1981 1932 62 75 and
2061 1932 46 75 let
2131 1932 25 75 it
2173 1932 88 75 dand

1231 1978 38 75 an
1286 1978 82 75 hour
1380 1978 111 75 before
1507 1978 26 75 it
1550 1978 25 75 is
1594 1978 88 75 fpent
1699 1978 52 75 off
1761 1978 68 75 into
1846 1978 54 75 the
1913 1978 219 75 under-back:
2150 1978 110 75 Thefe

1231 2025 64 75 two
1312 2025 103 75 pieces
1432 2025 40 75 of
1483 2025 106 75 liquor
1606 2025 66 75 will
1699 2025 92 75 make
1819 2025 60 75 one
1907 2025 116 75 copper
2051 2025 39 75 of
2113 2025 55 75 the
2195 2025 65 75 fird

1231 2071 94 75 wort,
1350 2071 136 75 without
1503 2071 126 75 putting
1645 2071 61 75 any
1733 2071 81 75 frefli
1831 2071 78 75 malt
1925 2071 41 75 on
1983 2071 55 75 the
2054 2071 101 75 goods
2168 2071 8 75 ;
2204 2071 55 75 the

1231 2117 79 75 next
1336 2117 108 75 liquor
1467 2117 35 75 to
1519 2117 39 75 be
1575 2117 226 75 blood-warm,
1827 2117 55 75 the
1900 2117 79 75 next
1996 2117 103 75 (harp,
2124 2117 62 75 and
2203 2117 57 75 the

1228 2162 81 75 next
1325 2162 72 75 cool
1413 2162 37 75 or
1478 2162 73 75 cold
1563 2162 10 75 ;
1599 2162 52 75 for
1677 2162 57 75 the
1761 2162 127 75 general
1906 2162 71 75 way
1999 2162 31 75 in
2048 2162 89 75 great
2155 2162 102 75 brew--

1231 2209 112 75 houfes
1370 2209 40 75 is,
1436 2209 34 75 to
1487 2209 45 75 let
1549 2209 18 75 a
1583 2209 70 75 cool
1678 2209 106 75 liquor
1805 2209 133 75 precede
1953 2209 18 75 a
1988 2209 88 75 (harp
2104 2209 73 75 one,
2204 2209 53 75 be-

1232 2254 90 75 caufe
1337 2254 26 75 it
1379 2254 162 75 gradually
1561 2254 97 75 opens
1676 2254 53 75 the
1742 2254 91 75 pores
1850 2254 43 75 of
1901 2254 56 75 the
1973 2254 79 75 malt
2068 2254 188 75 and.goods,

1232 2301 62 75 and
1309 2301 146 75 prepares
1471 2301 55 75 the
1544 2301 71 75 way
1630 2301 52 75 for
1699 2301 55 75 the
1772 2301 108 75 hotter
1896 2301 106 75 liquor
2018 2301 70 75 that
2105 2301 27 75 is
2145 2301 35 75 to
2193 2301 62 75 fol-

1229 2347 76 75 low.

1232 2404 65 75 The
1303 2404 136 75 feveral
1453 2404 140 75 Lengths
1619 2404 35 75 or
1672 2404 194 75 Quantities
1884 2404 43 75 of
1935 2404 127 75 Drinks
2080 2404 72 75 that
2178 2404 81 75 have

1276 2451 74 75 been
1367 2451 91 75 made
1466 2451 95 75 from
1579 2451 106 75 Malt,
1710 2451 69 75 and
1800 2451 84 75 their
1903 2451 135 75 feveral
2062 2451 128 75 Prices,
2217 2451 37 75 as

1277 2498 66 75 they
1361 2498 80 75 have
1456 2498 74 75 been
1537 2498 77 75 fold
1626 2498 36 75 at
1678 2498 22 75 a
1717 2498 137 75 common
1874 2498 217 75 Brew-houfe.

1277 2554 81 75 Foa
1376 2554 184 75 dout-beer,
1585 2554 26 75 is
1640 2554 180 75 commonly
1846 2554 110 75 drawn
1971 2554 62 75 one
2049 2554 103 75 barrel
2168 2554 52 75 off
2238 2554 20 75 a

1230 2599 141 75 quarter,
1384 2599 38 75 of
1442 2599 91 75 malt,
1559 2599 61 75 and
1637 2599 69 75 fold
1723 2599 51 75 for
1798 2599 101 75 thirty
1919 2599 139 75 (hillings
2070 2599 62 75 per
2148 2599 105 75 barrel

1229 2646 82 75 from
1328 2646 55 75 the
1411 2646 68 75 tun.
1529 2646 66 75 For
1610 2646 91 75 flitch
1718 2646 37 75 or
1771 2646 106 75 drong
1894 2646 110 75 brown
2021 2646 60 75 ale,
2107 2646 60 75 one
2183 2646 85 75 bar-,

1230 2688 45 75 rel
1293 2688 60 75 and
1378 2688 19 75 a
1415 2688 105 75 firkin,
1546 2688 33 75 at
1606 2688 60 75 one
1693 2688 61 75 and
1781 2688 123 75 twenty
1930 2688 139 75 (hillings
2093 2688 61 75 and
2182 2688 75 75 four

1229 2738 97 75 pence
1346 2738 60 75 per
1431 2738 101 75 barrel
1561 2738 85 75 from
1674 2738 55 75 the
1756 2738 71 75 tun.
1881 2738 66 75 For
1974 2738 146 75 common
2144 2738 111 75 brown

1230 2784 60 75 ale,
1315 2784 60 75 one
1390 2784 103 75 barrel
1519 2784 62 75 and
1597 2784 18 75 a
1630 2784 79 75 half,
1734 2784 37 75 or
1798 2784 100 75 more,
1924 2784 32 75 at
1981 2784 118 75 fixteen
2116 2784 139 75 (hillings

1224 2831 60 75 per
1304 2831 115 75 barrel,
1445 2831 70 75 that
1538 2831 94 75 holds
1657 2831 185 75 thirty-two
1865 2831 130 75 Englifli
2023 2831 122 75 gallons
2169 2831 85 75 from

1229 2877 59 75 the
1296 2877 74 75 tun.
1418 2877 66 75 For
1500 2877 100 75 entire
1617 2877 89 75 fmall
1723 2877 86 75 beer,
1835 2877 61 75 five
1912 2877 38 75 or
1966 2877 46 75 fix
2030 2877 118 75 barrels
2166 2877 51 75 off
2236 2877 17 75 a

1228 2923 141 75 quarter,
1394 2923 33 75 at
1454 2923 19 75 ('
1473 2923 71 75 even
1573 2923 39 75 or
1638 2923 88 75 eight
1742 2923 138 75 (hillings
1892 2923 60 75 per
1969 2923 105 75 barrel
2091 2923 82 75 from
2198 2923 55 75 the

1227 2970 68 75 tun.
1346 2970 64 75 For
1428 2970 70 75 pale
1526 2970 61 75 and
1612 2970 108 75 amber
1745 2970 61 75 ale,
1831 2970 60 75 one
1915 2970 104 75 barrel
2036 2970 62 75 and
2113 2970 18 75 a
2147 2970 107 75 firkin,

1227 3017 31 75 at
1275 3017 59 75 one
1350 3017 125 75 fhilling
1486 3017 62 75 per
1566 3017 118 75 gallon,
1703 3017 83 75 from
1804 3017 55 75 the
1878 3017 69 75 tun.

1723 3065 21 75 8
1770 3065 34 75 G

2225 3065 38 75 A
