2456 3337
581 199 42 60 A
683 199 34 60 C
775 199 41 60 A

1153 199 22 60 (

258 285 76 37 than
350 285 89 37 thofe
455 285 105 37 which
580 285 84 37 were
679 285 181 37 inculcated
876 285 44 37 by
930 285 61 37 the
1008 285 57 37 old
1084 285 152 37 academy

258 331 40 37 of
317 331 147 37 Socrates
477 331 63 37 and
555 331 107 37 Plato,
680 331 63 37 and
754 331 54 37 the
825 331 149 37 fceptical
987 331 126 37 notions
1131 331 105 37 which

256 377 84 37 were
359 377 196 37 propagated
570 377 43 37 by
629 377 170 37 Arcefilas,
825 377 196 37 Carneades,
1046 377 62 37 and
1127 377 56 37 the
1200 377 35 37 o-

257 422 71 37 ther
344 422 145 37 difciples
506 422 41 37 of
565 422 55 37 the
637 422 186 37 fucceeding
835 422 188 37 academics.

209 469 255 37 ACADEMY,
489 469 32 37 in
540 469 174 37 antiquity,
741 469 17 37 a
782 469 120 37 garden
930 469 38 37 or
989 469 89 37 villa,
1103 469 134 37 fituated

256 515 111 37 within
385 515 18 37 a
418 515 75 37 mile
510 515 40 37 of
562 515 139 37 Athens,
727 515 107 37 where
851 515 96 37 Plato
964 515 62 37 and
1042 515 50 37 his
1108 515 128 37 follow-

257 561 48 37 ers
327 561 79 37 held
429 561 84 37 their
535 561 230 37 philofophical
782 561 217 37 conferences.
1047 561 33 37 It
1096 561 81 37 took
1192 561 44 37 its

255 608 91 37 name
363 608 85 37 from
464 608 60 37 one
540 608 198 37 Academus,
763 608 38 37 or
817 608 194 37 Ecademus,
1037 608 19 37 a
1067 608 118 37 citizen
1202 608 40 37 of

254 654 141 37 Athens,
420 654 75 37 who
511 654 65 37 was
593 654 53 37 the
663 654 136 37 original
817 654 108 37 owner
941 654 40 37 of
998 654 40 37 it,
1064 654 62 37 and
1144 654 92 37 made

254 698 27 37 it
297 698 19 37 a
331 698 79 37 kind
426 698 40 37 of
477 698 191 37 gymnafium
680 698 9 37 :
717 698 41 37 he
774 698 87 37 lived
877 698 32 37 in
926 698 56 37 the
999 698 77 37 time
1093 698 39 37 of
1142 698 94 37 Tne-

254 745 82 37 feus.
352 745 7 37 .
392 745 116 37 Cimon
537 745 203 37 embellilhed
766 745 27 37 it
821 745 79 37 with
929 745 175 37 fountains,
1138 745 97 37 trees,

254 792 63 37 and
344 792 101 37 walks
458 792 9 37 ;
494 792 58 37 but
579 792 103 37 Sylla,
707 792 117 37 during
849 792 55 37 the
928 792 82 37 liege
1034 792 40 37 of
1094 792 141 37 Athens,

254 838 170 37 employed
439 838 86 37 thefe
544 838 75 37 very
632 838 84 37 trees
732 838 34 37 in
783 838 130 37 making
928 838 308 37 battering-engines

254 884 119 37 againft
390 884 55 37 the
462 884 79 37 city.
591 884 118 37 Cicero
734 884 58 37 too
816 884 66 37 had
904 884 50 37 his
977 884 92 37 villa,
1094 884 37 37 or
1146 884 90 37 place

253 931 41 37 of
313 931 195 37 retirement,
533 931 76 37 near
621 931 173 37 Puzzuoli,
811 931 107 37 which
935 931 41 37 he
993 931 65 37 alfo
1069 931 116 37 named
1197 931 39 37 an

254 977 164 37 academy,
455 977 107 37 where
585 977 42 37 he
655 977 171 37 compofed
849 977 50 37 his
924 977 214 37 Academical
1161 977 74 37 que-

243 1024 117 37 Jlions,
385 1024 63 37 and
463 1024 50 37 his
525 1024 88 37 book
631 1024 54 37 De
700 1024 124 37 natura
841 1024 143 37 deorum.

206 1075 211 30 ACADEMY,
442 1070 116 37 among
575 1070 55 37 the
646 1070 162 37 moderns,
826 1070 26 37 is
865 1070 80 37 moll
960 1070 184 37 commonly
1158 1070 78 37 ufed

253 1117 35 37 to
301 1117 114 37 fignify
431 1117 19 37 a
465 1117 120 37 fociety
601 1117 40 37 of
652 1117 132 37 learned
800 1117 86 37 men,
910 1117 186 37 eftablilhed
1112 1117 51 37 for
1179 1117 56 37 the

252 1163 232 37 improvement
501 1163 40 37 of
552 1163 62 37 any
629 1163 49 37 art
695 1163 37 37 or
744 1163 134 37 fcience.
918 1163 236 37 Charlemagne
1170 1163 66 37 was

253 1210 55 37 the
324 1210 63 37 firft
404 1210 72 37 that
487 1210 184 37 eltablilhed
687 1210 37 37 an
742 1210 153 37 academy
911 1210 33 37 in
960 1210 145 37 Europe.
1147 1210 89 37 Moll

251 1256 126 37 nations
402 1256 81 37 have
507 1256 81 37 lince
612 1256 155 37 followed
789 1256 51 37 his
865 1256 169 37 example;
1066 1256 59 37 but
1149 1256 87 37 Italy

250 1301 59 37 has
337 1301 44 37 by
406 1301 49 37 far
480 1301 56 37 the
564 1301 135 37 greatefl:
727 1301 146 37 number.
930 1301 38 37 In
998 1301 56 37 the
1082 1301 90 37 cities
1200 1301 42 37 of

252 1348 185 37 Piedmont,
455 1348 148 37 Ferrara,
621 1348 63 37 and
698 1348 120 37 Milan,
837 1348 147 37 Jarckius
1001 1348 134 37 reckons
1155 1348 80 37 550.

252 1394 67 37 We
336 1394 80 37 have
432 1394 59 37 but
514 1394 63 37 few
602 1394 33 37 in
659 1394 139 37 Britain.
847 1394 40 37 In
910 1394 152 37 England
1085 1394 92 37 thofe
1201 1394 42 37 of

251 1440 77 37 note
344 1440 66 37 are,
429 1440 54 37 the
499 1440 108 37 Royal
626 1440 144 37 Society,
787 1440 57 37 the
860 1440 217 37 Antiquarian
1091 1440 145 37 Society,

251 1487 135 37 Society
402 1487 52 37 for
469 1487 55 37 the
540 1487 267 37 encouragement
824 1487 40 37 of
882 1487 79 37 arts,
988 1487 61 37 and
1071 1487 55 37 the
1148 1487 87 37 Aca-

252 1533 96 37 demy
365 1533 40 37 of
424 1533 172 37 Painting;
623 1533 33 37 in
682 1533 168 37 Scotland,
875 1533 56 37 the
956 1533 192 37 Edinburgh
1174 1533 62 37 So-

252 1579 99 37 ciety,
383 1579 135 37 College
542 1579 41 37 of
601 1579 197 37 Phylicians,
831 1579 63 37 and
917 1579 137 37 Mufical
1080 1579 154 37 Society;

251 1627 45 37 all
313 1627 105 37 which
434 1627 50 37 fee
501 1627 32 37 in
549 1627 86 37 their
652 1627 116 37 proper
784 1627 120 37 places.

300 1673 77 37 The
394 1673 125 37 French
535 1673 82 37 have
634 1673 118 37 leveral
765 1673 197 37 academies;
989 1673 47 37 as,
1054 1673 56 37 the
1127 1673 109 37 Royal

251 1718 169 37 Academy
436 1718 40 37 of
496 1718 161 37 Sciences,
684 1718 52 37 for
759 1718 56 37 the
839 1718 233 37 improvement
1095 1718 41 37 of
1153 1718 83 37 phy-

252 1763 72 37 fics,
348 1763 234 37 mathematics,
607 1763 63 37 and
693 1763 182 37 chemillry.
924 1763 31 37 It
980 1763 66 37 was
1070 1763 64 37 firft
1150 1763 86 37 inlli-

252 1810 95 37 tuted
377 1810 33 37 in
447 1810 102 37 1666,
588 1810 45 37 by
664 1810 56 37 the
749 1810 152 37 afliftance
929 1810 40 37 of
998 1810 59 37 Mr
1086 1810 149 37 Colbert,

252 1857 353 37 comptroller-general
623 1857 39 37 of
681 1857 55 37 the
753 1857 150 37 finances,
927 1857 59 37 but
1003 1857 65 37 was
1085 1857 58 37 not
1160 1857 76 37 con-

252 1904 114 37 firmed
381 1904 45 37 by
441 1904 55 37 the
513 1904 125 37 French
662 1904 79 37 king
764 1904 51 37 till
839 1904 56 37 the
918 1904 76 37 year
1020 1904 102 37 1696,
1146 1904 89 37 who,

252 1949 46 37 by
316 1949 19 37 a
355 1949 178 37 regulation
550 1949 97 37 dated
666 1949 56 37 the
740 1949 83 37 26th
840 1949 41 37 of
899 1949 155 37 January,
1079 1949 156 37 new-mo-

253 1995 109 37 delled
384 1995 60 37 and
471 1995 57 37 put
544 1995 27 37 it
591 1995 41 37 on
648 1995 19 37 a
681 1995 107 37 better
804 1995 139 37 footing.
992 1995 185 37 According
1200 1995 36 37 to

253 2041 67 37 this
336 2041 193 37 regulation,
554 2041 57 37 the
627 2041 151 37 academy
794 2041 66 37 was
885 2041 36 37 to
943 2041 41 37 be
1009 2041 171 37 compofed
1202 2041 40 37 of

253 2087 56 37 ten
324 2087 161 37 honorary
502 2087 242 37 academicians,
768 2087 90 37 eight
880 2087 154 37 Grangers
1059 2087 177 37 aflbciates,

252 2134 125 37 twenty
394 2134 209 37 penfionaries
620 2134 138 37 fellows,
775 2134 123 37 twenty
915 2134 105 37 eleves
1033 2134 204 37 orfcholars,

253 2179 65 37 and
334 2179 115 37 twelve
466 2179 125 37 French
609 2179 185 37 affociates;
820 2179 87 37 thefe
923 2179 85 37 were
1033 2179 34 37 to
1091 2179 41 37 be
1154 2179 83 37 divi-

254 2225 65 37 ded
341 2225 69 37 into
426 2225 47 37 fix
489 2225 121 37 clafles,
638 2225 56 37 viz
734 2225 257 37 geometricians,
1016 2225 221 37 aftronomers,

255 2273 193 37 mechanics,
482 2273 194 37 anatomifts,
703 2273 159 37 chemifts,
888 2273 60 37 and
973 2273 172 37 botanifts;
1181 2273 56 37 the

254 2317 163 37 honorary
433 2317 181 37 academifls
638 2317 36 37 to
697 2317 39 37 be
762 2317 42 37 all
829 2317 196 37 inhabitants
1042 2317 40 37 of
1101 2317 137 37 France,

255 2364 56 37 the
328 2364 209 37 penfionaries
550 2364 61 37 and
627 2364 105 37 eleves
750 2364 42 37 all
809 2364 35 37 to
861 2364 97 37 refide
971 2364 32 37 at
1021 2364 105 37 Paris.

305 2410 38 37 In
359 2410 56 37 the
437 2410 76 37 year
534 2410 101 37 1716,
660 2410 55 37 the
739 2410 86 37 duke
849 2410 42 37 of
910 2410 151 37 Orleans,
1086 2410 76 37 then
1187 2410 50 37 re-

257 2455 88 37 gent,
371 2455 92 37 made
491 2455 39 37 an
555 2455 168 37 alteration
752 2455 32 37 in
809 2455 84 37 their
920 2455 216 37 conftitution,
1161 2455 77 37 aug-

256 2501 145 37 menting
427 2501 56 37 the
508 2501 133 37 number
666 2501 39 37 of
723 2501 184 37 honoraries
933 2501 62 37 and
1017 2501 162 37 affociates
1204 2501 36 37 to

257 2546 131 37 twelve,
405 2546 171 37 admitting
593 2546 140 37 regulars
752 2546 115 37 among
879 2546 76 37 fuch
973 2546 176 37 affociates,
1167 2546 71 37 fup-

257 2592 133 37 preffing
417 2592 57 37 the
499 2592 77 37 clafs
601 2592 40 37 of
660 2592 118 37 eleves,
811 2592 62 37 and
898 2592 198 37 efiablifhing
1119 2592 32 37 in
1176 2592 65 37 lieu

258 2639 133 37 thereof
409 2639 19 37 a
443 2639 69 37 new
530 2639 78 37 clafs
623 2639 41 37 of
682 2639 114 37 twelve
813 2639 143 37 adjuncts
968 2639 35 37 to
1019 2639 56 37 the
1091 2639 47 37 fix
1154 2639 87 37 feve-

259 2685 48 37 ral
325 2685 93 37 kinds
435 2685 39 37 of
493 2685 120 37 fcience
630 2685 174 37 cultivated
827 2685 42 37 by
886 2685 55 37 the
965 2685 174 37 academy;
1165 2685 75 37 and,

259 2730 106 37 lafily,
390 2730 184 37 appointing
590 2730 18 37 a
623 2730 255 37 vice-prefident,
901 2730 34 37 to
947 2730 40 37 be
999 2730 115 37 chofen
1131 2730 111 37 yearly

259 2777 46 37 by
327 2777 56 37 the
403 2777 77 37 king
496 2777 57 37 out
576 2777 40 37 of
635 2777 54 37 the
705 2777 161 37 honorary
882 2777 172 37 members,
1079 2777 62 37 and
1157 2777 20 37 a
1192 2777 49 37 di-

259 2822 104 37 tedlor
380 2822 62 37 and
457 2822 211 37 fub-dire&or
684 2822 56 37 out
756 2822 41 37 of
815 2822 55 37 the
886 2822 222 37 penfionaries.

308 2870 76 37 The
401 2870 175 37 academies
594 2870 39 37 of
645 2870 154 37 Florence
817 2870 61 37 and
890 2870 160 37 Bologne,
1075 2870 40 37 of
1126 2870 115 37 Mont-

261 2915 51 37 pel
316 2915 45 37 ier
377 2915 62 37 and
455 2915 210 37 Bourdeaux,
691 2915 41 37 of
750 2915 126 37 Leipfic
892 2915 62 37 and
979 2915 124 37 Berlin,
1129 2915 62 37 and
1208 2915 41 37 of

262 2961 66 37 late
343 2961 90 37 thofe
445 2961 40 37 of
502 2961 191 37 Petersburg
706 2961 62 37 and
786 2961 131 37 Seville,
942 2961 84 37 were
1042 2961 127 37 formed
1184 2961 59 37 up-

263 3007 41 37 on
323 3007 55 37 the
394 3007 83 37 fame
493 3007 107 37 model
617 3007 79 37 with
712 3007 58 37 the
795 3007 109 37 Royal
926 3007 170 37 Academy
1112 3007 40 37 of
1171 3007 73 37 Sci-

265 3055 105 37 ences.

1239 210 47 45 10
1345 210 19 45 )

1730 210 41 45 A
1828 210 36 45 C
1923 204 42 52 A

1284 284 125 37 French
1432 294 211 24 ACADEMY,
1675 289 18 30 a
1717 284 121 37 fociety
1863 284 41 37 of
1921 284 102 37 forty,
2055 284 184 37 efiabli/hed
2261 284 54 37 for

1347 329 179 37 improving
1542 329 56 37 the
1616 329 124 37 French
1756 329 169 37 language.

1378 377 85 37 This
1488 377 164 37 academy'
1664 377 64 37 was
1753 377 141 37 founded
1918 377 43 37 by
1978 377 153 37 Cardinal
2148 377 165 37 Richlieu,

1332 421 63 37 and
1412 421 173 37 confirmed
1601 421 44 37 by
1661 421 55 37 the
1738 421 81 37 edi&
1844 421 40 37 of
1902 421 109 37 Lewis
2037 421 101 37 XIII.
2155 421 32 37 in
2210 421 102 37 1635.

1331 468 99 37 They
1453 468 82 37 have
1560 468 158 37 compiled
1743 468 18 37 a
1785 468 188 37 di&ionary,
1997 468 141 37 intitled,
2164 468 47 37 Le
2227 468 86 37 Dic-

1333 517 143 37 tionaire
1499 517 38 37 de
1561 517 195 37 l'academic
1780 517 180 37 Francoife.
2016 517 86 37 This
2123 517 92 37 work
2247 517 66 37 was

1332 561 104 37 begun
1454 561 33 37 in
1508 561 101 37 1637,
1635 561 63 37 and
1714 561 130 37 finilhed
1865 561 32 37 in
1919 561 100 37 1694.
2064 561 103 37 They
2190 561 80 37 have
2295 561 19 37 a

1333 606 137 37 diredtor
1486 606 64 37 and
1566 606 195 37 chancellor,
1785 606 75 37 who
1884 606 54 37 are
1953 606 111 37 drawn
2086 606 44 37 by
2154 606 47 37 lot
2217 606 97 37 every

1333 655 90 37 three
1439 655 141 37 months,
1599 655 63 37 and
1673 655 18 37 a
1707 655 160 37 fecretary
1882 655 74 37 who
1967 655 27 37 is
2010 655 179 37 perpetual.
2215 655 99 37 They

1332 700 85 37 meet
1433 700 32 37 at
1482 700 56 37 the
1550 700 56 37 old
1622 700 144 37 Louvre,
1790 700 42 37 on
1845 700 55 37 the
1916 700 178 37 Mondays,
2110 700 202 37 Thurfdays,

1332 746 63 37 and
1412 746 191 37 Saturdays,
1627 746 44 37 all
1687 746 55 37 the
1759 746 77 37 year
1860 746 117 37 round,
2002 746 64 37 and
2088 746 81 37 hold
2192 746 39 37 an
2255 746 58 37 ex-

1332 793 201 37 traordinary
1555 793 140 37 meeting
1720 793 33 37 at
1776 793 56 37 the
1854 793 164 37 reception
2035 793 41 37 of
2095 793 18 37 a
2129 793 71 37 new
2215 793 99 37 mem-

1331 838 70 37 ber,
1427 838 63 37 and
1513 838 41 37 on
1573 838 38 37 St
1628 838 138 37 Lewiss
1783 838 75 37 day,
1883 838 95 37 when
1993 838 56 37 the
2065 838 107 37 prizes
2189 838 39 37 of
2246 838 67 37 elo-

1332 886 122 37 quence
1470 886 64 37 and
1550 886 116 37 poetry
1681 886 53 37 are
1750 886 175 37 adjudged.

1286 932 103 37 Royal
1403 942 196 24 ACADEMY
1619 932 42 37 of
1668 932 163 37 Painting
1846 932 71 37 and
1929 932 188 37 Sculpture.
2165 932 87 37 This
2264 932 50 37 fo-

1332 978 85 37 ciety
1432 978 65 37 was
1515 978 143 37 founded
1675 978 97 37 about
1789 978 55 37 the
1867 978 77 37 year
1970 978 102 37 1648'.
2119 978 77 37 The
2213 978 100 37 mem-

1332 1024 72 37 bers
1421 1024 84 37 were
1530 1024 32 37 at
1587 1024 64 37 firll
1677 1024 97 37 about
1798 1024 200 37 twenty-five
2014 1024 34 37 in
2069 1024 146 37 number,
2241 1024 71 37 viz.

1332 1071 116 37 twelve
1471 1071 137 37 officers,
1633 1071 104 37 called
1757 1071 159 37 ancients,
1941 1071 110 37 eleven
2073 1071 123 37 private
2214 1071 100 37 mem-

1332 1117 85 37 bers,
1443 1117 62 37 and
1528 1117 67 37 two
1616 1117 147 37 fyndics;
1790 1117 58 37 but
1873 1117 32 37 at
1929 1117 125 37 prefent
2078 1117 26 37 it
2129 1117 125 37 confifts
2279 1117 41 37 of

1332 1163 89 37 forty
1436 1163 139 37 painters
1600 1163 63 37 and
1684 1163 168 37 fculptors.
1901 1163 112 37 There
2033 1163 53 37 are
2105 1163 74 37 four
2202 1163 111 37 perpe-

1332 1209 66 37 tual
1419 1209 133 37 redtors,
1575 1209 184 37 nominated
1783 1209 44 37 by
1851 1209 56 37 the
1931 1209 98 37 king;
2056 1209 18 37 a
2092 1209 138 37 diredtor
2252 1209 62 37 and

1333 1256 201 37 chancellor;
1561 1256 19 37 a
1595 1256 171 37 fecretary,
1791 1256 79 37 who
1894 1256 96 37 keeps
2014 1256 55 37 the
2085 1256 141 37 regifter,
2250 1256 64 37 and

1333 1302 213 37 counterfigns
1564 1302 55 37 the
1636 1302 201 37 difpatches;
1865 1302 18 37 a
1906 1302 168 37 treafurer,
2100 1302 115 37 twelve
2238 1302 75 37 pro-

1332 1349 122 37 felfors,
1490 1349 143 37 adjuncts
1659 1349 35 37 to
1725 1349 55 37 the
1811 1349 118 37 redtors
1942 1349 8 37 -
1958 1349 63 37 and
2049 1349 181 37 profeffors,
2266 1354 48 30 fix

1332 1394 205 37 counfellors,
1562 1394 19 37 a
1604 1394 154 37 profeffor
1782 1394 52 37 for
1856 1394 56 37 the
1929 1394 72 37 part
2017 1394 40 37 of
2077 1394 149 37 anatomy
2242 1394 73 37 that

1331 1441 135 37 belongs
1489 1441 36 37 to
1548 1441 144 37 painting
1716 1441 64 37 and
1803 1441 174 37 fculpture,
2011 1441 64 37 and
2101 1441 134 37 another
2263 1441 52 37 for

1331 1487 166 37 geometry
1510 1487 62 37 and
1588 1487 206 37 perfpedtive.

1378 1534 112 37 There
1513 1534 27 37 is
1565 1534 65 37 alfo
1655 1534 39 37 an
1718 1534 153 37 academy
1894 1534 41 37 of
1952 1534 157 37 painting,
2142 1534 172 37 fculpture,

1332 1580 65 37 iyc.
1423 1580 34 37 at
1480 1580 118 37 Rome,
1634 1580 184 37 eftablilhed
1841 1580 45 37 by
1909 1580 110 37 Lewis
2041 1580 100 37 XIV.
2173 1580 141 37 wherein

1330 1626 91 37 thofe
1436 1626 75 37 who
1526 1626 82 37 have
1623 1626 73 37 won
1713 1626 55 37 the
1785 1626 114 37 annual
1916 1626 89 37 prize
2022 1626 33 37 at
2072 1626 102 37 Paris,
2193 1626 53 37 are
2258 1626 55 37 en-

1331 1673 95 37 titled
1441 1673 35 37 to
1492 1673 40 37 be
1553 1673 91 37 three
1667 1673 91 37 years
1782 1673 200 37 entertained
2004 1673 52 37 for
2081 1673 85 37 their
2186 1673 128 37 further

1332 1719 244 37 improvement.

1284 1770 196 30 ACADEMY
1499 1765 43 37 of
1557 1765 133 37 Medals
1702 1765 69 37 and
1787 1765 223 37 Infcriptions,
2035 1765 103 37 called
2154 1765 66 37 alfo
2244 1765 68 37 The

1332 1810 147 37 academy
1496 1810 44 37 of
1546 1810 92 37 belles
1655 1810 128 37 lettres,
1807 1810 66 37 was
1890 1810 125 37 eredted
2029 1810 46 37 by
2090 1810 109 37 Lewis
2211 1810 101 37 XIV.

1332 1854 50 37 for
1398 1854 56 37 the
1470 1854 93 37 ftudy
1579 1854 63 37 and
1664 1854 207 37 explanation
1896 1854 41 37 of
1955 1854 125 37 ancient
2102 1854 213 37 monuments,

1331 1900 63 37 and
1418 1900 36 37 to
1478 1900 187 37 perpetuate
1689 1900 54 37 the
1768 1900 235 37 remembrance
2026 1900 40 37 of
2085 1900 89 37 great
2192 1900 123 37 events,

1330 1946 45 37 by
1397 1946 134 37 medals,
1557 1946 148 37 relievos,
1729 1946 213 37 infcriptions,
1969 1946 65 37 <bc.
2081 1946 77 37 The
2183 1946 74 37 plan
2279 1946 43 37 of

1331 1992 66 37 this
1414 1992 153 37 academy
1589 1992 66 37 was
1679 1992 127 37 formed
1828 1992 44 37 by
1894 1992 60 37 Mr
1982 1992 150 37 Colbert,
2156 1992 64 37 and
2236 1992 78 37 efta-

1332 2037 121 37 bliffied
1477 2037 32 37 in
1538 2037 102 37 1663.
1688 2037 39 37 In
1750 2037 43 37 its
1824 2037 65 37 firft
1912 2037 177 37 inftitution
2112 2037 27 37 it
2163 2037 153 37 confifted

1332 2084 76 37 only
1424 2084 40 37 of
1475 2084 73 37 four
1560 2084 36 37 or
1612 2084 62 37 five
1690 2084 157 37 members
1859 2084 10 37 ;
1895 2084 58 37 but
1969 2084 33 37 in
2023 2084 101 37 1701,
2141 2084 78 37 they
2229 2084 87 37 were

1332 2130 159 37 increafed
1507 2130 36 37 to
1554 2130 105 37 forty,
1684 2130 70 37 viz.
1779 2130 55 37 ten
1852 2130 199 37 honoraries,
2076 2130 54 37 ten
2154 2130 161 37 penfiona-

1334 2176 73 37 ries,
1433 2176 53 37 ten
1502 2176 176 37 aflbciates,
1703 2176 63 37 and
1781 2176 55 37 ten
1860 2176 128 37 novices
2012 2176 37 37 or
2073 2176 117 37 eleves,
2214 2176 103 37 under

1333 2223 54 37 the
1411 2223 154 37 diredtion
1588 2223 40 37 of
1647 2223 19 37 a
1689 2223 156 37 prefident
1868 2223 64 37 and
1955 2223 253 37 vice-prefident,
2240 2223 77 37 who

1332 2269 56 37 are
1405 2269 149 37 annually
1570 2269 171 37 appointed
1757 2269 43 37 by
1816 2269 55 37 the
1887 2269 90 37 king.

1380 2315 107 37 Their
1503 2315 91 37 chief
1612 2315 217 37 employment
1845 2315 57 37 has
1919 2315 79 37 been
2015 2315 86 37 upon
2117 2315 55 37 the
2196 2315 120 37 medal-

1334 2362 43 37 lie
1392 2362 121 37 hiftory
1529 2362 40 37 of
1588 2362 56 37 the
1661 2362 88 37 reign
1765 2362 40 37 of
1824 2362 109 37 Lewis
1950 2362 84 37 their
2049 2362 149 37 founder.
2248 2362 69 37 But

1334 2407 56 37 the
1412 2407 130 37 learned
1571 2407 53 37 are
1648 2407 153 37 indebted
1824 2407 35 37 to
1881 2407 66 37 this
1971 2407 152 37 academy
2147 2407 52 37 for
2222 2407 96 37 many

1333 2454 144 37 volumes
1494 2454 40 37 of
1551 2454 100 37 eflays
1663 2454 42 37 on
1721 2454 94 37 other
1830 2454 86 37 parts
1935 2454 41 37 of
1993 2454 133 37 hiftory,
2151 2454 166 37 publiffied

1335 2499 101 37 under
1451 2499 56 37 the
1524 2499 71 37 title
1612 2499 40 37 of
1672 2499 171 37 Memoirs,
1868 2499 61 37 &c.

1288 2552 196 30 ACADEMY
1502 2547 42 37 of
1554 2547 240 37 Architetiure,
1818 2547 183 37 eftabliffied
2019 2547 96 37 about
2132 2547 54 37 the
2203 2547 63 37 end
2281 2547 41 37 of

1337 2592 54 37 the
1409 2592 76 37 year
1505 2592 83 37 1671
1610 2592 43 37 by
1669 2592 59 37 Mr
1744 2592 149 37 Colbert,
1917 2592 151 37 confifted
2092 2592 32 37 at
2152 2592 64 37 firft
2239 2592 79 37 only

1336 2640 40 37 of
1388 2640 46 37 fix
1446 2640 167 37 architedts
1625 2640 10 37 ;
1653 2640 58 37 but
1724 2640 85 37 their
1820 2640 132 37 number
1963 2640 27 37 is
2008 2640 80 37 fince
2101 2640 217 37 confiderably

1338 2686 175 37 increafed.

1289 2737 196 30 ACADEMY
1503 2732 45 37 of
1554 2732 153 37 Politics,
1731 2732 27 37 is
1775 2732 169 37 compofed
1959 2732 40 37 of
2010 2732 47 37 fix
2073 2732 143 37 perfons,
2243 2732 75 37 who

1336 2776 85 37 meet
1438 2776 32 37 at
1482 2776 57 37 the
1554 2776 145 37 Louvre,
1722 2776 33 37 in
1772 2776 56 37 the
1845 2776 149 37 chamber
2009 2776 107 37 where
2133 2776 55 37 the
2205 2776 113 37 papers

1338 2822 135 37 relating
1496 2822 35 37 to
1554 2822 124 37 foreign
1706 2822 108 37 affairs
1842 2822 54 37 are
1922 2822 132 37 lodged.
2111 2822 67 37 But
2201 2822 34 37 as
2263 2822 56 37 the

1336 2869 92 37 kings
1441 2869 41 37 of
1492 2869 122 37 France
1627 2869 53 37 are
1693 2869 164 37 unwilling
1873 2869 36 37 to
1925 2869 78 37 truft
2016 2869 74 37 any,
2108 2869 115 37 except
2235 2869 85 37 their

1337 2916 169 37 minifters,
1530 2916 78 37 with
1634 2916 56 37 the
1713 2916 171 37 infpedtion
1910 2916 39 37 of
1968 2916 126 37 foreign
2110 2916 121 37 affairs,
2255 2916 65 37 this

1300 2960 2 37 .
1337 2960 154 37 academy
1507 2960 26 37 is
1550 2960 40 37 of
1608 2960 85 37 little
1708 2960 53 37 ufe
1778 2960 35 37 to
1826 2960 55 37 the
1893 2960 119 37 public.

1293 3007 101 37 Royal
1410 3008 191 36 ACADEMY
1617 3007 42 37 of
1667 3007 153 37 Dancin
1839 3001 64 45 was
1916 3007 84 37 eftab
2014 3007 64 37 iffie
2111 3001 44 45 by
2167 3001 56 45 the
2232 3007 90 37 King

1340 3058 39 37 of
1390 3058 122 37 France
1523 3058 34 37 in
1569 3058 102 37 1661.
1704 3058 34 37 It
1749 3058 125 37 coafifts
1885 3058 34 37 ot
1933 3058 142 37 thorvcen
2086 3052 70 45 able
2168 3058 23 37 d
2210 3058 109 37 ncing-

2178 3093 140 37 mafters.
