2428 3377
173 168 99 75 Part
292 168 68 75 VI.

713 163 356 75 ANA

466 285 59 75 PI
544 285 33 75 A
624 285 251 75 MATER.

206 365 105 75 This
344 365 184 75 membrane
556 365 171 75 furrounds
752 365 56 75 the
835 339 5 104 ■
840 365 101 75 whole
955 365 81 75 mafs
1064 365 41 75 of
1134 365 54 75 the

155 410 93 75 brain
272 410 89 75 more
387 410 206 75 particularly
616 410 78 75 than
719 410 56 75 the
800 410 81 75 dura
911 410 114 75 mater.
1074 410 32 75 It
1131 410 55 75 ad-

157 457 92 75 heres
275 457 79 75 very
375 457 118 75 clofely
508 457 35 75 to
560 457 55 75 the
638 457 101 75 brain,
764 457 63 75 and
837 457 27 75 is
892 457 170 75 connected
1080 457 35 75 to
1131 457 56 75 the

157 502 79 75 dura
252 502 101 75 mater
370 502 76 75 only
462 502 43 75 by
522 502 55 75 the
586 502 89 75 veins
686 502 106 75 which
809 502 81 75 open
907 502 67 75 into
987 502 55 75 the
1059 502 125 75 finufes.

201 548 76 75 The
293 548 51 75 pia
360 548 102 75 mater
478 548 26 75 is
513 548 91 75 made
616 548 42 75 up
671 548 40 75 of
722 548 66 75 two
804 548 78 75 very
897 548 63 75 fine
974 548 136 75 laminae,
1128 548 55 75 the

156 594 172 75 outermoft
361 594 40 75 of
430 594 105 75 which
560 594 113 75 covers
700 594 109 75 pretty
840 594 174 75 uniformly
1050 594 42 75 all
1127 594 55 75 the

157 640 127 75 convex
299 640 122 75 furface
437 640 40 75 of
488 640 56 75 the
564 640 100 75 brain,
690 640 62 75 and
773 640 78 75 lines
876 640 33 75 in
926 640 54 75 the
996 640 83 75 fame
1096 640 86 75 man-

156 686 57 75 ner
229 686 42 75 all
288 686 56 75 the
361 686 138 75 concave
515 686 38 75 or
575 686 90 75 inner
680 686 123 75 furface
818 686 42 75 of
881 686 56 75 the
963 686 81 75 dura
1066 686 115 75 mater.

155 732 78 75 The
249 732 134 75 internal
398 732 118 75 lamina
531 732 100 75 forms
650 732 17 75 a
683 732 90 75 great
790 732 131 75 number
938 732 39 75 of
996 732 102 75 plicae,
1123 732 58 75 du-

155 778 181 75 plicatures,
354 778 63 75 and
433 778 98 75 fepta,
557 778 105 75 which
673 778 151 75 infinuate
850 778 188 75 themfelves
1053 778 69 75 into
1139 778 42 75 all

155 824 56 75 the
227 824 84 75 folds
328 824 62 75 and
405 824 293 75 circumvolutions,
723 824 62 75 and
801 824 144 75 between
961 824 54 75 the
1031 824 152 75 different

155 870 96 75 ftrata
267 870 38 75 of
318 870 55 75 the
390 870 164 75 cerebrum
569 870 64 75 and
649 870 205 75 cerebellum.

469 973 394 75 CEREBRUM.

200 1051 60 75 Th
268 1051 18 75 e
306 1051 163 75 cerebrum
496 1051 151 75 properly
662 1051 34 75 fo
723 1051 115 75 called,
863 1051 27 75 is
916 1051 19 75 a
957 1051 77 75 kind
1058 1051 41 75 of
1116 1051 66 75 me-

155 1096 126 75 dullary
295 1096 93 75 mafs,
414 1096 40 75 of
473 1096 18 75 a
507 1096 164 75 moderate
696 1096 197 75 confillence,
918 1096 63 75 and
997 1096 40 75 of
1056 1096 18 75 a
1089 1096 94 75 grey-

154 1143 44 75 ilh
227 1143 109 75 colour
352 1143 42 75 on
418 1143 55 75 the
501 1143 92 75 outer
619 1143 134 75 furface,
778 1143 101 75 filling
903 1143 42 75 all
961 1143 56 75 the
1040 1143 142 75 fuperior

155 1188 126 75 portion
310 1188 40 75 of
368 1188 56 75 the
452 1188 105 75 cavity
581 1188 41 75 of
640 1188 55 75 the
719 1188 155 75 cranium,
899 1188 38 75 or
961 1188 70 75 that
1055 1188 126 75 portion

154 1234 104 75 which
272 1234 57 75 lies
346 1234 100 75 above
462 1234 55 75 the
534 1234 171 75 tranfverfe
722 1234 134 75 feptum.
905 1234 76 75 The
997 1234 98 75 upper
1111 1234 72 75 part

153 1280 40 75 of
204 1280 55 75 the
275 1280 165 75 cerebrum
451 1280 27 75 is
495 1280 40 75 of
553 1280 38 75 an
609 1280 72 75 oval
698 1280 113 75 figure,
829 1280 63 75 like
907 1280 75 75 half
993 1280 38 75 an
1049 1280 61 75 egg
1127 1280 55 75 cut

155 1326 198 75 lengthwife.
402 1326 33 75 It
461 1326 27 75 is
504 1326 112 75 flatted
631 1326 43 75 on
691 1326 54 75 the
761 1326 99 75 lower
876 1326 82 75 part,
977 1326 77 75 each
1071 1326 111 75 lateral

155 1372 73 75 half
247 1372 40 75 of
305 1372 105 75 which
434 1372 27 75 is
488 1372 133 75 divided
646 1372 69 75 into
743 1372 90 75 three
857 1372 189 75 eminences,
1079 1372 103 75 called

157 1416 102 75 lobes,
285 1416 61 75 one
362 1416 152 75 anterior,
539 1416 60 75 one
615 1416 132 75 middle,
772 1416 62 75 and
846 1416 60 75 one
922 1416 164 75 poilerior.

200 1463 76 75 The
288 1463 159 75 fubftance
463 1463 41 75 of
510 1463 56 75 the
582 1463 165 75 cerebrum
762 1463 27 75 is
805 1463 40 75 of
869 1463 66 75 two
951 1463 105 75 kinds,
1073 1463 107 75 diftin-

158 1509 126 75 guiflied
301 1509 44 75 by
362 1509 65 75 two
444 1509 150 75 different
610 1509 148 75 colours;
784 1509 60 75 one
861 1509 72 75 part
954 1509 38 75 of
1013 1509 37 75 it,
1076 1509 106 75 which

156 1556 26 75 is
199 1556 120 75 fofteft,
345 1556 94 75 being
456 1556 40 75 of
515 1556 19 75 a
549 1556 123 75 greyifli
700 1556 38 75 or
766 1556 50 75 afli
846 1556 129 75 colour;
1003 1556 54 75 the
1074 1556 106 75 other,

155 1601 106 75 which
278 1601 27 75 is
322 1601 89 75 more
427 1601 93 75 foiid,
538 1601 95 75 being
649 1601 77 75 very
735 1601 109 75 white.
892 1601 77 75 The
986 1601 194 75 afti-colour-

154 1648 43 75 ed
212 1648 160 75 lubftance
387 1648 59 75 lies
463 1648 115 75 chiefly
594 1648 41 75 on
661 1648 55 75 the
740 1648 92 75 outer
848 1648 72 75 part
951 1648 40 75 of
1010 1648 55 75 the
1093 1648 87 75 cere-

153 1693 92 75 brum
274 1693 65 75 like
366 1693 19 75 a
411 1693 78 75 kind
505 1693 40 75 of
563 1693 128 75 cortex,
715 1693 85 75 from
824 1693 131 75 whence
977 1693 27 75 it
1028 1693 57 75 has
1101 1693 80 75 been

155 1739 115 75 named
277 1739 186 75 fubfiantia
480 1739 165 75 corticalis
661 1739 38 75 or
714 1739 141 75 cinerea.
902 1739 78 75 The
996 1739 98 75 white
1109 1739 71 75 fub-

155 1785 104 75 ftance
275 1785 145 75 occupies
436 1785 56 75 the
518 1785 91 75 inner
632 1785 82 75 part,
740 1785 61 75 and
825 1785 26 75 is
868 1785 114 75 named
995 1785 186 75 fubfiantia

153 1830 162 75 medullar
317 1830 39 75 is,
381 1830 38 75 or
434 1830 111 75 Amply
553 1830 186 75 fubfiantia
754 1830 89 75 alba.

201 1877 76 75 The
293 1877 165 75 cerebrum
475 1877 25 75 is
518 1877 130 75 divided
663 1877 69 75 into
748 1877 65 75 two
829 1877 114 75 lateral
960 1877 155 75 portions,
1133 1877 46 75 fe-

154 1922 133 75 parated
303 1922 43 75 by
361 1922 54 75 the
432 1922 83 75 falx,
540 1922 38 75 or
593 1922 90 75 great
706 1922 210 75 longitudinal
929 1922 121 75 feptum
1073 1922 40 75 of
1124 1922 55 75 the

155 1969 80 75 dura
262 1969 113 75 mater.
423 1969 99 75 They
537 1969 54 75 are
614 1969 163 75 generally
805 1969 124 75 termed
951 1969 227 75 hemifpheres.

154 2015 92 75 Each
267 2015 41 75 of
326 2015 87 75 thefe
430 2015 142 75 portions
589 2015 26 75 is
632 2015 131 75 divided
785 2015 69 75 into
876 2015 67 75 two
967 2015 210 75 extremities,

153 2062 60 75 one
230 2062 138 75 anterior
380 2062 63 75 and
454 2062 60 75 one
522 2062 163 75 pofteriqr,
699 2062 106 75 which
821 2062 55 75 are
884 2062 123 75 termed
1022 2062 56 75 the
1088 2062 91 75 lobes

153 2107 40 75 of
211 2107 56 75 the
283 2107 176 75 cerebrum,
484 2107 145 75 between
644 2107 107 75 which
767 2107 91 75 there
870 2107 27 75 is
914 2107 19 75 a
948 2107 87 75 large
1047 2107 132 75 inferior

152 2152 230 75 protuberance
410 2152 104 75 which
532 2152 75 75 goes
625 2152 43 75 by
684 2152 56 75 the
766 2152 84 75 fame
866 2152 91 75 name
971 2152 10 75 ;
1008 2152 33 75 fo
1058 2152 71 75 that
1142 2152 35 75 in

152 2197 77 75 each
247 2197 197 75 Hemifphere
460 2197 91 75 there
568 2197 54 75 are
638 2197 90 75 three
744 2197 102 75 lobes,
872 2197 60 75 one
950 2197 151 75 anterior,
1118 2197 61 75 one

152 2244 135 75 middle,
311 2244 61 75 and
390 2244 60 75 one
467 2244 164 75 pofterior.

201 2290 76 75 The
277 2322 7 49 i
304 2290 138 75 anterior
466 2290 42 75 lie
534 2290 84 75 upon
634 2290 87 75 thefe
745 2290 88 75 parts
858 2290 41 75 of
916 2290 56 75 the
999 2290 35 75 os
1063 2290 115 75 fronfts

153 2335 107 75 which
277 2335 179 75 contribute
483 2335 35 75 to
533 2335 55 75 the
615 2335 171 75 formation
802 2335 114 75 of'the
940 2335 100 75 orbits
1065 2335 61 75 and
1144 2335 40 75 of

153 2381 57 75 the
210 2363 6 49 -
216 2381 128 75 frontal
368 2381 125 75 finufes,
517 2381 182 75 commonly
715 2381 103 75 called
845 2381 55 75 the
929 2381 140 75 anterior
1092 2381 85 75 foffae

154 2427 41 75 of
213 2427 55 75 the
284 2427 77 75 bafis
378 2427 108 75 cranii.
533 2427 77 75 The
625 2427 153 75 pofterior
793 2427 89 75 lobes
898 2427 42 75 lie
953 2427 112 75 on.the
1076 2427 110 75 tranf-.

154 2473 87 75 verfe
257 2473 141 75 feptum;
425 2473 62 75 and
510 2473 56 75 the
588 2473 119 75 middle
730 2473 103 75 lobes,
857 2473 33 75 in
904 2473 67 75 .the
994 2473 120 75 middle
1139 2473 38 75 or

154 2519 113 75 lateral
285 2519 83 75 foffae
385 2519 40 75 of
435 2519 54 75 the
506 2519 77 75 bafis
601 2519 110 75 cranu.

201 2565 91 75 Each
307 2565 112 75 lateral
435 2565 125 75 portion
577 2565 41 75 of
634 2565 56 75 the
706 2565 164 75 cerebrum
886 2565 57 75 has
964 2565 90 75 three
1070 2565 79 75 fides
1163 2565 11 75 ;

154 2612 60 75 one
238 2612 151 75 fuperior,
414 2612 105 75 which
546 2612 27 75 is
591 2612 145 75 convex;
761 2612 62 75 one
848 2612 145 75 inferior,
1020 2612 105 75 which
1149 2612 27 75 is

153 2658 120 75 uneven
290 2658 10 75 ;
322 2658 62 75 and
399 2658 61 75 one
482 2658 125 75 lateral,
631 2658 106 75 which
765 2658 26 75 is
815 2658 68 75 flat,
916 2658 61 75 and
1001 2658 115 75 turned
1140 2658 36 75 to

153 2705 54 75 the
219 2705 82 75 falx.
349 2705 161 75 Through
523 2705 54 75 the
588 2705 106 75 whole
710 2705 122 75 furface
844 2705 39 75 of
894 2705 88 75 thefe
994 2705 89 75 three
1095 2705 79 75 fides

152 2752 48 75 we
216 2752 49 75 fee
281 2752 199 75 inequalities
497 2752 38 75 or
550 2752 155 75 windings
731 2752 66 75 like
825 2752 54 75 the
896 2752 279 75 circumvolutions

152 2799 41 75 of
208 2799 173 75 inteftines,
407 2799 126 75 formed
547 2799 45 75 by
614 2799 125 75 waving
755 2799 117 75 ftreaks
888 2799 37 75 or
946 2799 136 75 furrows
1099 2799 77 75 very

152 2843 79 75 deep
249 2843 62 75 and
328 2843 137 75 narrow,
490 2843 68 75 into
573 2843 106 75 which
694 2843 57 75 the
767 2843 88 75 fepta
866 2843 37 75 or
914 2843 213 75 duplicatures
1140 2843 40 75 of

152 2887 55 75 the
224 2887 52 75 pia
300 2887 101 75 mater
416 2887 151 75 infinuate
583 2887 200 75 themfelves,
809 2887 62 75 and
887 2887 133 75 thereby
1035 2887 139 75 feparate

151 2932 88 75 thefe
255 2932 280 75 circumvolutions
552 2932 84 75 from
654 2932 76 75 each
747 2932 106 75 other.

198 2977 91 75 Near
300 2977 54 75 the
370 2977 121 75 furface
507 2977 86 75 thefe
616 2977 349 75 circumvolutions-are
981 2977 33 75 at
1030 2977 143 75 fomedi-

246 3024 96 75 Yol.
369 3024 29 75 I.
446 3024 124 75 Numb.
592 3024 55 75 12.

1342 160 40 75 O
1499 160 49 75 M
1664 160 51 75 Y.

2178 160 80 75 2E5

1232 221 101 75 ftance
1351 221 82 75 from
1451 221 78 75 each
1557 221 104 75 other,
1686 221 215 75 reprefenting
1926 221 176 75 ferpentine
2126 221 128 75 ridges;

1232 267 61 75 and
1310 267 31 75 in
1358 267 54 75 the
1428 267 173 75 interftices
1618 267 143 75 between
1778 267 99 75 them,
1903 267 55 75 the
1974 267 174 75 luperficial
2167 267 87 75 veins

1232 314 40 75 of
1290 314 55 75 the
1361 314 164 75 cerebrum
1542 314 53 75 are
1610 314 130 75 lodged,
1766 314 141 75 between
1925 314 54 75 the
1996 314 66 75 two
2078 314 121 75 Luninas
2217 314 41 75 of

1230 360 55 75 the
1302 360 50 75 pia
1372 360 114 75 mater,
1511 360 85 75 from
1612 360 130 75 whence
1758 360 79 75 they
1852 360 68 75 pafs
1936 360 31 75 in
1986 360 54 75 the
2056 360 199 75 duplicature

1230 405 39 75 of
1276 405 59 75 the
1352 405 79 75 dura
1447 405 114 75 mater,
1587 405 62 75 and
1660 405 34 75 fo
1711 405 82 75 open
1817 405 67 75 into
1902 405 54 75 the
1972 405 126 75 finufes.

1275 451 109 75 Thefe
1399 451 280 75 circumvolutions
1696 451 53 75 are
1771 451 88 75 fixed
1887 451 138 75 through
2051 451 84 75 their
2151 451 104 75 whole

1229 497 98 75 depth
1339 497 35 75 to
1398 497 55 75 the
1469 497 88 75 fepta
1573 497 38 75 or
1626 497 213 75 duplicatures
1864 497 42 75 of
1925 497 54 75 the
2003 497 52 75 pia
2074 497 113 75 mater,
2212 497 44 75 by

1231 543 39 75 an
1287 543 120 75 infinite
1420 543 132 75 number
1569 543 41 75 of
1627 543 79 75 very
1722 543 60 75 fine
1798 543 142 75 vafcular
1951 543 169 75 filaments,
2150 543 3 75 .

1274 588 109 75 When
1412 588 77 75 they
1504 588 54 75 are
1579 588 54 75 cut
1649 588 220 75 tranfverfely,
1894 588 48 75 we
1958 588 129 75 obferve
2106 588 70 75 that
2193 588 69 75 the.

1225 636 169 75 fubftantia
1409 636 72 75 alba
1499 636 58 75 lies
1572 636 32 75 in
1622 636 56 75 the
1698 636 120 75 middle
1834 636 41 75 of
1886 636 77 75 each
1977 636 275 75 circumvolution,

1231 682 34 75 fo
1286 682 72 75 that
1381 682 91 75 there
1488 682 26 75 is
1530 682 56 75 the
1602 682 82 75 fame
1708 682 133 75 number
1857 682 40 75 of
1915 682 138 75 internal
2079 682 177 75 medullary

1225 727 279 75 circumvolutions
1521 727 33 75 as
1571 727 40 75 of
1621 727 143 75 external
1781 727 134 75 cortical
1938 727 88 75 ones.

1274 773 130 75 Having
1432 773 55 75 cut
1510 773 52 75 off
1580 773 55 75 the
1659 773 71 75 falx
1754 773 84 75 from
1866 773 56 75 the
1950 773 92 75 crifta
2067 773 89 75 galli,
2189 773 64 75 and

1225 818 116 75 turned
1355 818 26 75 it
1397 818 189 75 backward;
1611 818 30 75 if
1648 818 62 75 "we
1737 818 142 75 feparate
1900 818 110 75 gently
2034 818 55 75 the
2114 818 66 75 two
2205 818 47 75 la-

1225 865 80 75 teral
1333 865 86 75 parts
1452 865 37 75 or
1524 865 212 75 hemifpheres
1764 865 41 75 of
1830 865 56 75 the
1918 865 180 75 cerebrum,
2130 865 49 75 we
2202 865 51 75 fee

1226 912 18 75 a
1259 912 212 75 longitudinal
1486 912 127 75 portion
1629 912 41 75 of
1688 912 19 75 a
1722 912 98 75 white
1837 912 125 75 convex
1978 912 99 75 body,
2103 912 106 75 which
2224 912 27 75 is

1226 958 114 75 named
1366 958 116 75 corpus
1507 958 164 75 callofum.
1720 958 31 75 It
1768 958 27 75 is
1812 958 19 75 a
1859 958 119 75 middle
2003 958 127 75 portion
2146 958 39 75 of
2197 958 56 75 the

1226 1004 177 75 medullary
1419 1004 171 75 fubftance,
1614 1004 106 75 which
1737 1004 100 75 under
1849 1004 55 75 the
1919 1004 133 75 inferior
2063 1004 79 75 finus
2155 1004 97 75 ofthe

1227 1050 83 75 falx,
1335 1050 63 75 and
1414 1050 64 75 alfo
1495 1050 19 75 a
1535 1050 85 75 little
1644 1050 123 75 toward
1789 1050 78 75 each
1884 1050 75 75 fide,
1983 1050 27 75 is
2033 1050 114 75 parted
2166 1050 86 75 from

1228 1096 55 75 the
1300 1096 80 75 mafs
1404 1096 41 75 of
1462 1096 56 75 the
1542 1096 177 75 cerebrum,
1745 1096 34 75 to
1806 1096 106 75 which
1929 1096 25 75 it
1978 1096 27 75 is
2025 1096 110 75 Amply
2150 1096 103 75 conti-

1229 1142 101 75 guous
1346 1142 85 75 from
1447 1142 61 75 one
1532 1142 62 75 end
1612 1142 41 75 of
1671 1142 71 75 that
1752 1142 80 75 finus
1848 1142 36 75 to
1899 1142 55 75 the
1969 1142 106 75 other.

1275 1189 75 75 The
1372 1189 123 75 furface
1522 1189 41 75 of
1584 1189 55 75 the
1663 1189 112 75 corpus
1795 1189 159 75 .callofum
1983 1189 27 75 is
2038 1189 137 75 covered
2208 1189 45 75 by

1229 1235 56 75 the
1310 1235 52 75 pia
1385 1235 113 75 mater,
1523 1235 106 75 which
1657 1235 73 75 runs
1748 1235 32 75 in
1803 1235 144 75 between
1970 1235 56 75 the
2047 1235 111 75 lateral
2178 1235 73 75 por-

1228 1280 83 75 tions
1328 1280 41 75 of
1387 1280 64 75 this
1467 1280 99 75 body,
1591 1280 63 75 and
1681 1280 55 75 the
1761 1280 101 75 lower
1885 1280 82 75 edge
1994 1280 40 75 of
2052 1280 78 75 each
2151 1280 99 75 hemi-

1228 1327 121 75 fphere.

1272 1373 76 75 The
1373 1373 114 75 corpus
1511 1373 151 75 callofum
1685 1373 146 75 becomes
1853 1373 190 75 afterwards
2061 1373 189 75 continuous

1227 1418 41 75 on
1300 1418 79 75 each
1411 1418 64 75 fide
1510 1418 78 75 with
1622 1418 56 75 the
1719 1418 179 75 medullary
1931 1418 171 75 fubftance,
2144 1418 105 75 which

1228 1465 138 75 through
1385 1465 42 75 all
1444 1465 55 75 the
1515 1465 175 75 remaining
1707 1465 87 75 parts
1811 1465 40 75 of
1869 1465 40 75 its
1942 1465 112 75 extent
2076 1465 27 75 is
2125 1465 127 75 intirely

1227 1511 110 75 united
1352 1511 78 75 with
1447 1511 56 75 the
1519 1511 131 75 cortical
1668 1511 170 75 lubftance,
1864 1511 61 75 and
1940 1511 149 75 together
2105 1511 78 75 with
2196 1511 57 75 the

1227 1558 115 75 corpus
1371 1558 151 75 callofum
1538 1558 100 75 forms
1663 1558 19 75 a
1702 1558 179 75 medullary
1897 1558 74 75 arch
1989 1558 37 75 or
2049 1558 87 75 vault
2153 1558 40 75 of
2211 1558 40 75 an

1227 1603 120 75 oblong
1362 1603 37 75 or
1416 1603 73 75 oval
1505 1603 113 75 figure.
1665 1603 100 75 After
1787 1603 106 75 which
1910 1603 48 75 we
1984 1603 67 75 will
2078 1603 130 75 obferve
2233 1603 34 75 a'

1227 1648 177 75 medullary
1417 1648 172 75 convexity
1598 1648 94 75 much
1698 1648 126 75 fmaller
1840 1648 76 75 than
1925 1648 75 75 that
2006 1648 106 75 which
2120 1648 26 75 is
2163 1648 87 75 com-

1227 1694 74 75 mon
1318 1694 35 75 to
1370 1694 55 75 the
1441 1694 105 75 whole
1563 1694 175 75 cerebrum,
1764 1694 58 75 but
1849 1694 40 75 of
1907 1694 56 75 the
1979 1694 83 75 fame
2078 1694 85 75 form
2177 1694 10 75 ;
2214 1694 35 75 fo

1226 1740 70 75 that
1312 1740 25 75 it
1354 1740 131 75 appears
1501 1740 65 75 like
1582 1740 18 75 a
1611 1740 180 75 medullary
1806 1740 128 75 nucleus
1946 1740 41 75 of
2005 1740 55 75 the
2072 1740 176 75 cerebrum.

1274 1786 113 75 Under
1405 1786 63 75 this
1484 1786 77 75 arch
1579 1786 53 75 are
1647 1786 66 75 two
1728 1786 113 75 lateral
1858 1786 142 75 cavities^
2025 1786 93 75 much
2138 1786 112 75 longer

1227 1832 75 75 than
1320 1832 75 75 they
1423 1832 54 75 are
1505 1832 112 75 broad,
1642 1832 62 75 and
1730 1832 78 75 very
1832 1832 139 75 ftiallow,
1995 1832 164 75 feparated
2174 1832 42 75 by
2230 1832 20 75 a

1224 1878 198 75 tranfparent
1437 1878 178 75 medullary
1625 1878 135 75 feptum.
1808 1878 108 75 Thefe
1928 1878 128 75 cavities
2064 1878 57 75 are
2136 1878 114 75 named

1225 1925 54 75 the
1296 1925 151 75 anterior,
1470 1925 154 75 fuperior,
1652 1925 38 75 or
1705 1925 89 75 great
1811 1925 112 75 lateral
1939 1925 169 75 ventricles
2116 1925 59 75 -of
2192 1925 56 75 the

1227 1970 177 75 cerebrum.

1271 2017 76 75 The
1363 2017 113 75 lateral
1491 2017 168 75 ventricles
1677 2017 52 75 are
1741 2017 112 75 broad,
1879 2017 62 75 and
1957 2017 144 75 rounded
2117 2017 32 75 at
2161 2017 87 75 thefe

1224 2063 197 75 extremities
1457 2063 106 75 which
1594 2063 43 75 lie
1679 2063 80 75 next
1789 2063 56 75 the
1879 2063 197 75 tranfparent
2111 2063 135 75 feptum.

1223 2109 99 75 They
1337 2109 42 75 go
1403 2109 85 75 from
1504 2109 111 75 before
1631 2109 181 75 backward,
1838 2109 196 75 contracting
2049 2109 33 75 in
2098 2109 148 75 breadth,

1225 2155 61 75 and
1312 2155 176 75 feparating
1511 2155 86 75 from
1617 2155 78 75 each
1722 2155 95 75 other
1842 2155 167 75 gradually
2025 2155 31 75 in
2074 2155 83 75 their
2172 2155 74 75 pro-

1224 2200 98 75 grefs.
1371 2200 201 75 Afterwards
1596 2200 79 75 they
1697 2200 84 75 bend
1812 2200 195 75 downward,
2048 2200 62 75 and
2137 2200 110 75 return

1225 2246 164 75 obliquely
1404 2246 85 75 from
1505 2246 119 75 behind
1635 2246 151 75 forward,
1799 2246 34 75 in
1849 2246 18 75 a
1883 2246 109 75 courfe
2003 2246 65 75 like
2083 2246 56 75 the
2155 2246 90 75 turn-

1224 2292 54 75 ing
1294 2292 40 75 of
1340 2292 19 75 a
1373 2292 96 75 ram’s
1484 2292 95 75 horn,
1604 2292 62 75 and
1678 2292 167 75 terminate
1857 2292 110 75 almoft
1984 2292 100 75 under
2101 2292 83 75 their
2195 2292 50 75 fu-

1224 2339 104 75 perior
1356 2339 211 75 extremities.
1614 2339 109 75 Thefe
1746 2339 170 75 ventricles
1944 2339 53 75 are
2023 2339 89 75 lined
2135 2339 77 75 with
2228 2339 19 75 a

1223 2384 67 75 thin
1308 2384 194 75 membrane.

1269 2430 76 75 The
1361 2430 197 75 tranfparent
1574 2430 151 75 partition
1739 2430 40 75 or
1801 2430 122 75 leptum
1944 2430 153 75 fucidum,
2121 2430 58 75 lies
2195 2430 48 75 di-

1223 2475 98 75 rectly
1336 2475 102 75 under
1453 2475 56 75 the
1525 2475 97 75 raphe
1637 2475 37 75 or
1690 2475 105 75 future
1812 2475 40 75 of
1870 2475 56 75 the
1948 2475 114 75 corpus
2080 2475 162 75 callofum,

1223 2521 39 75 of
1280 2521 105 75 which
1401 2521 26 75 it
1443 2521 25 75 is
1485 2521 19 75 a
1519 2521 230 75 continuation.
1799 2521 30 75 It
1841 2521 27 75 is
1885 2521 90 75 made
1991 2521 42 75 up
2050 2521 40 75 of
2100 2521 66 75 two
2177 2521 66 75 me-

1223 2566 126 75 dullary
1363 2566 136 75 lamina;,
1524 2566 88 75 more
1628 2566 38 75 or
1682 2566 64 75 iefs
1768 2566 164 75 feparated
1955 2566 84 75 from
2055 2566 79 75 each
2149 2566 94 75 other

1223 2611 42 75 by
1281 2611 19 75 a
1313 2611 127 75 narrow
1456 2611 177 75 medullary
1654 2611 116 75 cavity,
1794 2611 179 75 fometimes
2001 2611 88 75 filled
2115 2611 79 75 with
2221 2611 20 75 a

1221 2657 107 75 ferous
1344 2657 172 75 fubftance.

1269 2704 76 75 The
1359 2704 123 75 feptum
1493 2704 139 75 lucidum
1645 2704 26 75 is
1688 2704 110 75 united
1809 2704 44 75 by
1861 2704 40 75 its
1918 2704 99 75 lower
2033 2704 83 75 part,
2134 2704 35 75 to
2186 2704 54 75 the

1221 2749 139 75 anterior
1376 2749 128 75 portion
1524 2749 40 75 of
1582 2749 70 75 that
1669 2749 176 75 medullary
1857 2749 98 75 body,
1981 2749 103 75 called
2100 2749 55 75 the
2160 2749 79 75 for-

1221 2795 32 75 m'
1253 2795 21 75 s.
1300 2795 83 75 ’with
1400 2795 89 75 three
1499 2795 133 75 pillars.

1266 2842 75 75 The
1357 2842 110 75 fornix
1477 2842 93 75 being
1587 2842 53 75 cut
1656 2842 51 75 off
1718 2842 62 75 and
1796 2842 155 75 inverted,
1976 2842 37 75 or
2030 2842 88 75 quite
2135 2842 103 75 remo-

1220 2887 74 75 ved,
1318 2887 49 75 we
1392 2887 50 75 fee
1467 2887 64 75 firft
1558 2887 39 75 of
1616 2887 42 75 all
1683 2887 17 75 a
1726 2887 143 75 vafcular
1894 2887 82 75 web,
2003 2887 102 75 called
2123 2887 116 75 plexus

1220 2933 172 75 choroides,
1417 2933 62 75 and
1493 2933 120 75 feveral
1630 2933 175 75 eminences
1822 2933 87 75 more
1925 2933 37 75 or
1980 2933 59 75 lefs
2052 2933 135 75 covered
2195 2933 45 75 by

1220 2980 54 75 the
1291 2980 168 75 expanfion
1471 2980 39 75 of
1532 2980 70 75 that
1625 2980 128 75 plexus.
1800 2980 111 75 There
1934 2980 53 75 are
2009 2980 74 75 four
2104 2980 83 75 pairs
2203 2980 41 75 of

1316 3031 16 75 3

1570 3031 22 75 4
1617 3031 42 75 U'

2066 3031 176 75 emiherices
