2428 3377
542 85 121 75 -A

127 150 78 75 262

680 150 832 75 ANATOM
1628 150 51 75 Y.

2047 150 100 75 Part
2176 150 68 75 VI.

123 214 34 75 It
174 214 144 75 contains
336 214 19 75 a
370 214 89 75 great
477 214 134 75 number
643 214 40 75 of
701 214 78 75 fingl
812 214 38 75 or
877 214 133 75 folitary
1027 214 133 75 glands;

126 261 62 75 and
204 261 26 75 it
254 261 27 75 is
298 261 119 75 always
434 261 174 75 moiftened
624 261 44 75 by
684 261 18 75 a
721 261 112 75 mucus
850 261 41 75 of
908 261 151 75 different
1086 261 76 75 eon-

126 307 346 75 fiftences.difcharged
484 307 44 75 by
545 307 87 75 thefe
648 307 113 75 glands
774 307 38 75 or
830 307 149 75 follicuii.

175 354 90 75 Near
297 354 56 75 the
380 354 176 75 extremity
587 354 41 75 of
647 354 64 75 this
739 354 156 75 inteftine,
926 354 55 75 the
1013 354 85 75 rugs
1127 354 37 75 or

125 401 86 75 folds
228 401 132 75 become
376 401 32 75 in
426 401 17 75 a
461 401 131 75 manner
613 401 236 75 longitudinal;
875 401 63 75 and
969 401 33 75 at
1017 401 70 75 laft,
1113 401 50 75 to-

120 448 110 75 wards
248 448 55 75 the
321 448 249 75 circumference
586 448 40 75 of
645 448 55 75 the
711 448 92 75 inner
812 448 124 75 margin
948 448 42 75 0/
1000 448 55 75 the
1072 448 90 75 anus,

124 495 80 75 they
225 495 86 75 form
335 495 85 75 little
439 495 78 75 bags
534 495 39 75 or
596 495 167 75 femilunar
778 495 134 75 lacunae,
935 495 58 75 the
1010 495 153 75 openings

125 541 41 75 of
184 541 108 75 which
309 541 53 75 are
389 541 118 75 turned
529 541 146 75 upward,
701 541 125 75 toward
854 541 55 75 the
926 541 107 75 cavity
1056 541 40 75 of
1107 541 56 75 the

124 588 159 75 inteftine.
332 588 110 75 Thele
458 588 120 75 lacunae
598 588 52 75 are
667 588 179 75 fomething
867 588 66 75 like
950 588 91 75 thofe
1058 588 33 75 at
1107 588 55 75 the

124 635 101 75 lower
247 635 176 75 extremity
447 635 40 75 of
506 635 55 75 the
586 635 201 75 cefophagus,
813 635 38 75 or
868 635 109 75 .upper
994 635 108 75 orifice
1127 635 41 75 of

124 682 56 75 the
196 682 155 75 ftomach.

171 728 48 75 At
236 728 111 75 length
361 728 55 75 the
432 728 176 75 extremity
625 728 39 75 of
682 728 57 75 the
756 728 119 75 return
893 728 170 75 contracts,
1094 728 63 75 and

125 775 186 75 terminates
332 775 43 75 by
392 775 19 75 a
430 775 127 75 narrow
574 775 109 75 orifice
699 775 105 75 called
820 775 54 75 the
891 775 90 75 anus,
1001 775 52 75 the
1082 775 79 75 Tides

125 821 40 75 of
184 821 106 75 which
308 821 53 75 are
385 821 145 75 difpofed
545 821 33 75 in
603 821 85 75 clofe
711 821 85 75 folds
821 821 38 75 or
885 821 141 75 gathers.
1074 821 86 75 This

124 868 176 75 extremity
315 868 40 75 of
374 868 55 75 the
452 868 143 75 inteftine
614 868 58 75 has
704 868 119 75 feveral
841 868 69 75 mul'
910 868 62 75 cles
991 868 170 75 belonging

124 915 37 75 to
176 915 37 75 it,
239 915 86 75 fome
342 915 40 75 of
402 915 105 75 which
524 915 156 75 furround
695 915 25 75 it
743 915 65 75 like
817 915 193 75 ffphindters,
1036 915 55 75 the
1102 915 59 75 reit

125 962 52 75 are
194 962 103 75 broad
320 962 98 75 flelhy
441 962 108 75 planes
578 962 137 75 inferted
731 962 32 75 in
788 962 38 75 it,
852 962 62 75 and
931 962 105 75 which
1066 962 95 75 being

123 1009 140 75 likewife
280 1009 89 75 fixed
384 1009 35 75 to
437 1009 94 75 other
554 1009 101 75 parts,
680 1009 113 75 fuftain
809 1009 26 75 it
864 1009 31 75 in
922 1009 41 75 its
980 1009 124 75 natural
1122 1009 37 75 fi-

122 1056 138 75 tuation,
287 1056 63 75 and
366 1056 134 75 reflores
516 1056 25 75 it
559 1056 35 75 to
620 1056 71 75 that
712 1056 147 75 fituation
876 1056 94 75 when
998 1056 165 75 difiurbed

126 1102 43 75 by
185 1102 55 75 the
268 1102 89 75 force
380 1102 160 75 neceffary
564 1102 52 75 for
641 1102 55 75 the
713 1102 161 75 exclufion
903 1102 39 75 of
964 1102 55 75 the
1052 1102 106 75 faeces.

121 1149 110 75 Thefe
247 1149 99 75 latter
372 1149 133 75 mufcles
534 1149 195 75 are.termed
750 1149 159 75 levatores
926 1149 64 75 ani,
1015 1149 55 75 the
1096 1149 65 75 firfl

124 1194 42 75 go
190 1194 42 75 by
249 1194 57 75 the
323 1194 128 75 general
476 1194 92 75 name
593 1194 39 75 of
651 1194 186 75 fphin&ers.

170 1242 109 75 Thefe
295 1242 173 75 fphindtcrs
497 1242 52 75 are
567 1242 90 75 three
684 1242 33 75 in
740 1242 146 75 number,
919 1242 60 75 one
1003 1242 157 75 intefKnal

123 1288 38 75 or
177 1288 172 75 orbicular,
375 1288 62 75 and
449 1288 66 75 two
527 1288 172 75 cutaneous
716 1288 39 75 or
770 1288 94 75 oval;
891 1288 148 75 whereof
1054 1288 61 75 one
1133 1288 27 75 is

122 1335 101 75 large,
248 1335 155 75 fuperior,
429 1335 63 75 and
523 1335 160 75 internal;
709 1335 56 75 the
797 1335 94 75 other
919 1335 103 75 final],
1046 1335 113 75 inferi-

124 1382 49 75 or,
193 1382 62 75 and
272 1382 159 75 external.

167 1429 78 75 The
255 1429 158 75 intehinal
430 1429 38 75 or
483 1429 160 75 orbicular
659 1429 158 75 fphindter
843 1429 41 75 of
895 1429 55 75 the
967 1429 91 75 anus,
1083 1429 75 75 con-

120 1475 64 75 fills
203 1475 122 75 merely
352 1475 33 75 in
403 1475 38 75 an
470 1475 240 75 augmentation
732 1475 41 75 of
792 1475 55 75 the
879 1475 134 75 inferior
1029 1475 128 75 portion

123 1522 41 75 of
182 1522 55 75 the
254 1522 97 75 flelhy
367 1522 94 75 fibres
479 1522 39 75 of
538 1522 55 75 the
605 1522 174 75 extremity
796 1522 42 75 of
856 1522 56 75 the
929 1522 132 75 redtum.

169 1570 77 75 The
280 1570 175 75 cutaneous
483 1570 152 75 ligament
663 1570 77 75 goes
777 1570 58 75 out
861 1570 186 75 anteriorly,
1074 1570 85 75 from

120 1616 57 75 the
196 1616 176 75 extremity
400 1616 41 75 of
459 1616 56 75 the
542 1616 37 75 cs
603 1616 162 75 coccygis.
813 1616 32 75 It
869 1616 27 75 is
922 1616 78 75 very
1022 1616 134 75 fiender,

121 1662 64 75 and
200 1662 125 75 divides
353 1662 70 75 into
437 1662 67 75 two
519 1662 145 75 portions
690 1662 32 75 at
739 1662 56 75 the
810 1662 110 75 orifice
936 1662 40 75 of
994 1662 55 75 the
1066 1662 91 75 anus,

120 1709 108 75 which
252 1709 59 75 run
328 1709 70 75 into
414 1709 56 75 the
486 1709 183 75 mernbrana
686 1709 139 75 adipofa,
851 1709 63 75 and
938 1709 54 75 are
1019 1709 138 75 inferted

119 1754 32 75 in
169 1754 56 75 the
251 1754 67 75 Ikin
335 1754 42 75 on
393 1754 79 75 each
489 1754 63 75 fide
570 1754 39 75 of
621 1754 55 75 the
690 1754 90 75 anus,
798 1754 43 75 by
858 1754 18 75 a
892 1754 77 75 kind
986 1754 41 75 of
1038 1754 119 75 expan-

120 1802 64 75 fion
199 1802 10 75 ;
236 1802 63 75 and
314 1802 186 75 continuing
528 1802 34 75 to
580 1802 187 75 divaricate,
792 1802 78 75 they
898 1802 53 75 are
966 1802 61 75 loft
1043 1802 42 75 on
1102 1802 56 75 the

117 1849 69 75 two
201 1849 81 75 fides
299 1849 40 75 of
350 1849 56 75 the
415 1849 221 75 peritonaeum.

165 1897 77 75 The
258 1897 206 75 interoffeous
488 1897 152 75 ligament
659 1897 39 75 of
716 1897 55 75 the
788 1897 63 75 offa
867 1897 90 75 pubis
986 1897 27 75 is
1032 1897 18 75 a
1077 1897 80 75 very

117 1942 109 75 ftrong
244 1942 174 75 triangular
434 1942 196 75 membrane,
654 1942 88 75 fixed
762 1942 44 75 by
822 1942 66 75 two
905 1942 41 75 of
956 1942 41 75 its
1014 1942 96 75 edges
1123 1942 32 75 in

118 1989 56 75 the
191 1989 132 75 inferior
341 1989 78 75 rami
437 1989 40 75 of
496 1989 89 75 thefe
594 1989 111 75 bones,
732 1989 42 75 all
791 1989 55 75 the
863 1989 72 75 way
952 1989 41 75 up
1016 1989 36 75 to
1072 1989 84 75 their

120 2035 146 75 common
283 2035 187 75 fymphyfis.
495 2035 77 75 The
589 2035 87 75 third
694 2035 93 75 edge,
805 2035 104 75 which
923 2035 26 75 is
967 2035 54 75 the
1033 2035 121 75 loweft,

117 2081 28 75 is
160 2081 87 75 loofe
259 2081 10 75 ;
297 2081 61 75 and
375 2081 64 75 this
456 2081 105 75 whole
578 2081 195 75 membrane,
798 2081 56 75 the
869 2081 120 75 middle
1001 2081 40 75 of
1048 2081 104 75 which

118 2128 27 75 is
162 2128 184 75 perforated
360 2128 44 75 by
429 2128 19 75 a
459 2128 172 75 particular
647 2128 88 75 hole,
759 2128 28 75 is
800 2128 158 75 ftretched
974 2128 78 75 very
1068 2128 85 75 tight

116 2175 146 75 between
287 2175 56 75 the
366 2175 67 75 two
459 2175 113 75 bones,
598 2175 63 75 and
690 2175 103 75 under
817 2175 85 75 their
929 2175 223 75 cartilaginous

120 2221 89 75 arch,
235 2221 35 75 to
286 2221 106 75 which
410 2221 26 75 it
453 2221 134 75 adheres
603 2221 76 75 very
690 2221 130 75 clofely.

165 2268 49 75 At
225 2268 56 75 the
298 2268 100 75 lower
419 2268 72 75 part
512 2268 40 75 of
564 2268 64 75 this
645 2268 205 75 interoffeous
866 2268 164 75 ligament,
1056 2268 97 75 along

118 2314 41 75 its
182 2314 106 75 whole
315 2314 101 75 lower
443 2314 38 75 or
497 2314 85 75 loofe
611 2314 92 75 edge,
728 2314 59 75 lies
812 2314 19 75 a
857 2314 148 75 digaftric
1021 2314 128 75 mufcle,

117 2361 90 75 fixed
223 2361 42 75 by
281 2361 42 75 its
340 2361 66 75 two
422 2361 198 75 extremities
637 2361 32 75 in
686 2361 56 75 the
754 2361 79 75 rami
847 2361 40 75 of
896 2361 56 75 the
969 2361 64 75 offa
1045 2361 105 75 pubis,

117 2407 42 75 its
179 2407 121 75 middle
308 2407 120 75 tendon
444 2407 89 75 lying
546 2407 41 75 on
603 2407 55 75 the
671 2407 120 75 middle
807 2407 42 75 of
867 2407 56 75 the
939 2407 80 75 edge
1044 2407 41 75 of
1094 2407 56 75 the

116 2454 165 75 ligament.

165 2502 76 75 The
258 2502 172 75 cutaneous
447 2502 170 75 fphin&ers
645 2502 83 75 have
754 2502 78 75 each
856 2502 39 75 an
923 2502 140 75 anterior
1086 2502 64 75 and

117 2547 156 75 pofterior
291 2547 164 75 infertion,
480 2547 118 75 ending
614 2547 80 75 both
710 2547 86 75 ways
813 2547 32 75 in
864 2547 19 75 a
901 2547 79 75 kind
995 2547 40 75 of
1045 2547 103 75 point,

118 2594 61 75 and
198 2594 270 75 comprehending
485 2594 55 75 the
557 2594 108 75 orifice
682 2594 40 75 of
739 2594 56 75 the
807 2594 77 75 anus
908 2594 145 75 between
1065 2594 85 75 their

117 2640 121 75 middle
253 2640 156 75 portions.

165 2687 100 75 They
277 2687 53 75 are
341 2687 222 75 diftinguifhed
579 2687 84 75 from
681 2687 78 75 each
775 2687 93 75 other
884 2687 46 75 by
951 2687 86 75 their
1056 2687 93 75 fitua-

119 2733 81 75 tion,
224 2733 44 75 by
280 2733 84 75 their
376 2733 75 75 fize,
477 2733 63 75 ami
558 2733 43 75 by
618 2733 18 75 a
651 2733 79 75 kind
744 2733 42 75 of
803 2733 97 75 white
924 2733 132 75 cellular
1071 2733 77 75 line.

118 2779 78 75 The
221 2779 136 75 greateft
374 2779 40 75 of
432 2779 56 75 the
508 2779 66 75 two
591 2779 132 75 appears
750 2779 35 75 to
802 2779 40 75 be
864 2779 130 75 double,
1021 2779 62 75 and
1095 2779 55 75 the

119 2826 135 75 fmalleft
269 2826 59 75 lies
344 2826 120 75 neareft
491 2826 57 75 the
571 2826 79 75 Ikin,
681 2826 63 75 and
769 2826 133 75 adheres
929 2826 80 75 moft
1032 2826 120 75 clofely

117 2872 35 75 to
167 2872 39 75 it.

165 2918 98 75 They
280 2918 53 75 are
349 2918 138 75 inferted
496 2918 182 75 backward,
702 2918 106 75 partly
819 2918 33 75 in
871 2918 55 75 the
945 2918 83 75 apex
1044 2918 40 75 of
1095 2918 56 75 the

119 2964 35 75 os
168 2964 160 75 coccygis,
354 2964 60 75 and
431 2964 106 75 partly
561 2964 33 75 in
616 2964 55 75 the
689 2964 188 75 contiguous
895 2964 127 75 portion
1038 2964 41 75 of
1095 2964 54 75 the

120 3011 170 75 cutaneous
313 3011 152 75 ligament
482 3011 39 75 of
539 3011 72 75 that
638 3011 95 75 bone.
782 3011 155 75 Forward
963 3011 84 75 their
1064 3011 92 75 chief

1209 219 156 75 infertion.
1375 219 27 75 is
1418 219 33 75 in
1468 219 55 75 the
1539 219 120 75 middle
1675 219 120 75 tendon
1812 219 41 75 of
1872 219 55 75 the
1944 219 216 75 tranfverfalis
2174 219 72 75 ure-

1211 264 100 75 thrae;
1338 264 63 75 and
1417 264 79 75 they
1511 264 80 75 have
1608 264 141 75 likewife
1762 264 85 75 fome
1871 264 211 75 connexions,
2093 264 36 75 to
2153 264 95 75 other

1210 313 134 75 mufcles
1361 313 41 75 of
1413 313 56 75 the
1485 313 143 75 urethra.

1259 360 25 75 1
1294 360 40 75 he
1356 360 158 75 levatores
1532 360 51 75 ani
1600 360 53 75 are
1665 360 113 75 broad,
1805 360 82 75 thin,
1913 360 158 75 mufcular
2087 360 160 75 portion*,

1210 406 89 75 fixed
1326 406 43 75 by
1396 406 60 75 one
1482 406 179 75 extremity
1677 406 41 75 of
1736 406 85 75 their
1835 406 98 75 flefhy
1949 406 94 75 fibres
2070 406 103 75 round
2192 406 54 75 the

1211 454 138 75 concave
1365 454 62 75 fide
1444 454 41 75 of
1503 454 56 75 the
1575 454 133 75 inferior
1726 454 128 75 portion
1872 454 40 75 of
1939 454 56 75 the
2021 454 114 75 pelvis,
2160 454 86 75 from

1210 500 55 75 the
1280 500 174 75 fymphyfis
1466 500 40 75 of
1526 500 56 75 the
1599 500 65 75 offa
1680 500 104 75 pubis,
1809 500 129 75 beyond
1954 500 56 75 the
2028 500 85 75 fpine
2130 500 40 75 of
2190 500 58 75 the

1209 547 147 75 ifehium.
1418 547 76 75 The
1524 547 93 75 other
1652 547 175 75 extremity
1855 547 40 75 of
1922 547 86 75 thefe
2038 547 96 75 fibres
2169 547 77 75 runs

1209 593 95 75 down
1321 593 42 75 on
1386 593 79 75 each
1492 593 64 75 fide
1585 593 131 75 behind,
1742 593 62 75 and
1827 593 101 75 under
1952 593 55 75 the
2024 593 169 75 curvature
2210 593 42 75 of

1209 639 56 75 the
1281 639 64 75 end
1360 639 41 75 of
1423 639 56 75 the
1494 639 134 75 re&um,
1654 639 108 75 where
1787 639 80 75 they
1893 639 83 75 meet
1995 639 160 75 together,
2182 639 63 75 and

1209 687 88 75 unite
1313 687 86 75 from
1416 687 55 75 the
1481 687 76 75 bafis
1573 687 43 75 of
1634 687 56 75 the
1707 687 36 75 os
1761 687 146 75 coccygis
1926 687 42 75 all
1981 687 55 75 the
2053 687 70 75 way
2142 687 35 75 to
2188 687 55 75 the

1208 733 122 75 margin
1347 733 41 75 of
1400 733 53 75 the
1466 733 90 75 anus.

1255 781 67 75 We
1334 781 102 75 ought
1452 781 141 75 likewife
1605 781 36 75 to
1657 781 139 75 remark,
1813 781 72 75 that
1902 781 55 75 the
1974 781 122 75 margin
2113 781 38 75 or
2163 781 81 75 edge

1207 826 41 75 of
1259 826 55 75 the
1331 826 77 75 anus
1425 826 26 75 is
1468 826 127 75 formed
1611 826 43 75 by
1670 826 56 75 the
1742 826 98 75 union
1868 826 42 75 of
1932 826 56 75 the
2012 826 66 75 Ikin
2097 826 62 75 and
2175 826 68 75 epi-

1207 873 117 75 dermis
1348 873 79 75 wfth
1444 873 55 75 the
1519 873 137 75 internal
1673 873 72 75 coat
1761 873 40 75 of
1814 873 55 75 the
1886 873 120 75 rectum
2018 873 9 75 ;
2053 873 35 75 fo
2104 873 75 75 that
2187 873 56 75 the

1207 918 79 75 moft
1305 918 175 75 fuperficial
1497 918 127 75 portion
1641 918 40 75 of
1699 918 72 75 that
1787 918 74 75 coat
1876 918 100 75 feems
1993 918 37 75 to
2044 918 40 75 be
2100 918 21 75 a
2136 918 102 75 conti-

1207 966 132 75 nuation
1359 966 40 75 of
1410 966 55 75 the
1482 966 184 75 epidermis.

1267 1074 441 75 MESENTERIUM
1739 1074 29 75 &
1800 1074 381 75 MESOCOLON.

1253 1151 101 75 This
1372 1151 92 75 great
1479 1151 119 75 bundle
1614 1151 41 75 of
1664 1151 161 75 inteftines
1841 1151 28 75 is
1888 1151 58 75 not
1963 1151 60 75 left
2046 1151 35 75 to
2097 1151 93 75 move
2208 1151 33 75 at

1207 1197 133 75 random
1355 1197 33 75 in
1405 1197 56 75 the
1477 1197 107 75 cavity
1600 1197 41 75 of
1651 1197 55 75 the
1720 1197 177 75 abdomen;
1916 1197 57 75 but
1987 1197 134 75 artfully
2133 1197 108 75 bound

1207 1243 93 75 down
1319 1243 42 75 by
1377 1243 18 75 a
1412 1243 223 75 membranous
1652 1243 84 75 web,
1760 1243 105 75 which
1884 1243 147 75 prevents
2048 1243 55 75 the
2120 1243 119 75 intefti-

1207 1289 50 75 nal
1275 1289 223 75 convolutions
1514 1289 84 75 from
1614 1289 96 75 being
1725 1289 162 75 intangled
1906 1289 30 75 in
1955 1289 77 75 each
2050 1289 107 75 other,
2172 1289 66 75 and

1206 1336 83 75 from
1302 1336 95 75 being
1409 1336 124 75 twifted
1544 1336 37 75 or
1594 1336 191 75 compreffed
1798 1336 32 75 in
1840 1336 41 75 all
1891 1336 85 75 their
1988 1336 150 75 different
2150 1336 88 75 ways

1206 1382 40 75 of
1263 1382 160 75 meeting;
1452 1382 62 75 and
1538 1382 54 75 yet
1615 1382 110 75 allows
1743 1382 88 75 them
1848 1382 18 75 a
1890 1382 105 75 gentle
2009 1382 145 75 floating,
2181 1382 57 75 but

1206 1430 126 75 limited
1352 1430 136 75 motion.

1251 1477 84 75 This
1356 1477 68 75 web
1446 1477 28 75 is
1497 1477 222 75 diftinguiihed
1743 1477 68 75 into
1835 1477 67 75 two
1921 1477 165 75 portions;
2114 1477 60 75 one
2201 1477 41 75 of

1205 1523 118 75 which,
1341 1523 96 75 being
1453 1523 78 75 very
1547 1523 101 75 broad
1664 1523 64 75 and
1740 1523 74 75 very
1832 1523 95 75 much
1940 1523 132 75 plaited,
2090 1523 147 75 connects

1205 1569 55 75 the
1276 1569 90 75 fmall
1382 1569 160 75 inteftines
1556 1569 10 75 ;
1594 1569 56 75 the
1666 1569 105 75 other,
1797 1569 105 75 which
1920 1569 26 75 is
1959 1569 76 75 long
2051 1569 64 75 and
2130 1569 106 75 incur-

1204 1617 109 75 vated,
1338 1617 77 75 does
1427 1617 55 75 the
1498 1617 84 75 fame
1594 1617 92 75 office
1702 1617 35 75 to
1753 1617 56 75 the
1826 1617 124 75 greater
1965 1617 176 75 imeftines.

1251 1663 109 75 Thefe
1380 1663 65 75 two
1469 1663 145 75 portions
1642 1663 54 75 are
1715 1663 32 75 in
1776 1663 114 75 reality
1918 1663 77 75 only
2004 1663 4 75 ,
2022 1663 60 75 one
2100 1663 62 75 and
2179 1663 56 75 the

1204 1710 85 75 fame
1299 1710 218 75 continuation
1530 1710 42 75 of
1582 1710 57 75 the
1654 1710 222 75 membranous
1891 1710 118 75 lamina
2024 1710 41 75 of
2079 1710 56 75 the
2152 1710 82 75 peri-

1204 1757 138 75 tonteum
1372 1757 145 75 doubled
1545 1757 81 75 back
1653 1757 86 75 upon
1761 1757 98 75 itfelf,
1885 1757 62 75 and
1963 1757 78 75 they
2057 1757 52 75 are
2127 1757 107 75 diftin-

1205 1803 129 75 guiffied
1357 1803 78 75 only
1451 1803 43 75 by
1511 1803 84 75 their
1623 1803 149 75 breadth.
1820 1803 118 75 Taken
1966 1803 79 75 both
2073 1803 162 75 together,

1205 1849 76 75 they
1297 1849 85 75 form
1403 1849 18 75 a
1436 1849 78 75 kind
1531 1849 42 75 of
1588 1849 93 75 fpiral
1698 1849 75 75 roll,
1798 1849 89 75 more
1911 1849 37 75 or
1970 1849 61 75 lefs
2057 1849 120 75 plaited
2202 1849 32 75 in

1203 1895 41 75 its
1266 1895 261 75 circumference.
1575 1895 78 75 The
1677 1895 65 75 firft
1768 1895 129 75 portion
1922 1895 57 75 has
2008 1895 142 75 retained
2177 1895 56 75 the

1203 1941 91 75 name
1311 1941 40 75 of
1363 1941 184 75 mefentery,
1572 1941 55 75 the
1643 1941 95 75 other
1757 1941 27 75 is
1802 1941 124 75 termed
1943 1941 179 75 mefocolon.

1249 1987 77 75 The
1343 1987 176 75 mefentery
1546 1987 111 75 begins
1685 1987 34 75 at
1746 1987 56 75 the
1817 1987 58 75 laft
1891 1987 198 75 incurvation
2118 1987 41 75 of
2177 1987 55 75 the

1202 2034 196 75 duodenum,
1424 2034 63 75 and
1503 2034 75 75 runs
1595 2034 165 75 obliquely
1783 2034 85 75 from
1884 2034 60 75 left
1960 2034 35 75 to
2012 2034 98 75 right,
2137 2034 96 75 along

1202 2081 56 75 the
1280 2081 154 75 vertebra?
1460 2081 40 75 of
1511 2081 55 75 the
1582 2081 96 75 loins.
1727 2081 39 75 In
1783 2081 65 75 this
1865 2081 103 75 fpace,
1993 2081 55 75 the
2072 2081 159 75 membra-

1203 2128 78 75 nous
1312 2128 129 75 portion
1473 2128 41 75 of
1535 2128 56 75 the
1615 2128 207 75 peritonaeum
1849 2128 26 75 is
1901 2128 158 75 detached
2082 2128 42 75 on
2151 2128 82 75 both

1200 2175 116 75 hands,
1340 2175 156 75 produces
1526 2175 19 75 a
1567 2175 200 75 duplicature
1798 2175 45 75 by
1875 2175 67 75 two
1971 2175 200 75 elongations
2195 2175 38 75 or

1200 2221 171 75 particular
1387 2221 123 75 lamina?
1527 2221 127 75 applied
1669 2221 36 75 to
1720 2221 80 75 each
1816 2221 106 75 other,
1947 2221 63 75 and
2033 2221 75 75 thu,s
2131 2221 101 75 forms

1199 2268 56 75 the
1271 2268 192 75 mefentery.

1247 2315 31 75 It
1295 2315 26 75 is
1339 2315 127 75 narrow
1485 2315 32 75 at
1534 2315 41 75 its
1592 2315 101 75 upper
1709 2315 62 75 and
1786 2315 100 75 lower
1909 2315 100 75 parts,
2034 2315 58 75 but
2116 2315 117 75 chiefly

1200 2361 32 75 at
1249 2361 54 75 the
1318 2361 112 75 upper.
1478 2361 78 75 The
1580 2361 120 75 middle
1717 2361 126 75 portion
1871 2361 27 75 is
1926 2361 77 75 very
2019 2361 114 75 broad,
2167 2361 64 75 and

1199 2409 55 75 the
1278 2409 81 75 edge
1383 2409 42 75 of
1445 2409 26 75 it
1499 2409 79 75 next
1606 2409 55 75 the
1688 2409 159 75 inteftines
1865 2409 25 75 is
1907 2409 98 75 every
2021 2409 106 75 where
2152 2409 79 75 very

1197 2454 95 75 much
1309 2454 132 75 plaited.
1492 2454 106 75 Thefe
1614 2454 94 75 plaits
1724 2454 38 75 or
1778 2454 86 75 folds
1876 2454 54 75 are
1946 2454 76 75 only
2042 2454 124 75 waving
2183 2454 47 75 in-

1197 2502 154 75 flexions,
1376 2502 74 75 fuch
1475 2502 34 75 as
1526 2502 73 75 may
1610 2502 40 75 be
1666 2502 153 75 obferved
1834 2502 31 75 in
1883 2502 55 75 the
1954 2502 80 75 edge
2051 2502 40 75 of
2102 2502 19 75 a
2141 2502 88 75 piece

1198 2548 39 75 of
1249 2548 142 75 ffiamoy,
1416 2548 106 75 which
1538 2548 56 75 has
1611 2548 80 75 been
1708 2548 90 75 often
1809 2548 110 75 drawn
1935 2548 142 75 through
2093 2548 56 75 the
2172 2548 58 75 fin-

1197 2594 84 75 gers.
1329 2594 99 75 They
1445 2594 91 75 make
1553 2594 64 75 this
1634 2594 81 75 edge
1731 2594 40 75 of
1782 2594 56 75 the
1853 2594 176 75 mefentery
2045 2594 78 75 very
2139 2594 90 75 long,

1199 2640 61 75 and
1276 2640 79 75 they
1371 2640 59 75 run
1447 2640 141 75 through
1606 2640 99 75 about
1721 2640 61 75 one
1799 2640 89 75 third
1899 2640 39 75 of
1950 2640 42 75 its
2008 2640 147 75 breadth.

1245 2687 76 75 The
1337 2687 67 75 two
1419 2687 122 75 laminae
1560 2687 53 75 are
1626 2687 113 75 joined
1754 2687 150 75 together
1921 2687 42 75 by
1976 2687 19 75 a
2009 2687 132 75 cejlular
2157 2687 71 75 fub-

1199 2733 114 75 ftance,
1340 2733 103 75 which
1461 2733 145 75 contains
1618 2733 8 75 '
1626 2733 128 75 glands,
1780 2733 123 75 veflels,
1930 2733 62 75 and
2008 2733 130 75 nerves;
2164 2733 65 75 and

1199 2780 31 75 in
1243 2780 85 75 fome
1344 2780 136 75 fubje&s
1498 2780 18 75 a
1531 2780 89 75 great
1637 2780 149 75 quantity
1802 2780 39 75 of
1859 2780 60 75 fat,
1944 2780 105 75 which
2062 2780 96 75 keeps
2172 2780 55 75 the

1200 2828 65 75 two
1282 2828 122 75 lamina:
1423 2828 19 75 a
1455 2828 138 75 diftance
1611 2828 85 75 from
1712 2828 78 75 each
1807 2828 105 75 other.

1251 2873 107 75 Along
1380 2873 56 75 the
1452 2873 105 75 whole
1574 2873 246 75 circumference
1836 2873 41 75 of
1888 2873 54 75 the
1959 2873 188 75 mefentery,
2172 2873 56 75 the

1199 2921 65 75 two
1280 2921 125 75 laminae
1422 2921 53 75 are
1492 2921 161 75 naturally
1672 2921 177 75 feparated,
1875 2921 62 75 and
1962 2921 125 75 applied
2109 2921 35 75 to
2171 2921 58 75 the

1198 2967 65 75 two
1280 2967 78 75 fides
1383 2967 40 75 of
1442 2967 55 75 the
1520 2967 88 75 final!
1633 2967 171 75 inteftines,
1834 2967 105 75 which
1967 2967 77 75 they
2069 2967 97 75 inveft
2182 2967 45 75 by

1197 3013 84 75 their
1292 3013 108 75 union,
1417 3013 38 75 or
1471 3013 108 75 rather
1591 3013 173 75 reciprocal
1780 3013 217 75 continuation
2014 3013 39 75 on
2067 3013 59 75 th
2137 3013 90 75 great

2060 3055 165 75 curvature
