2456 3337
495 122 234 45 ABB

1096 122 20 45 (

168 200 138 37 forming
318 200 54 37 the
385 200 333 37 fpiritual.fun&ions;
744 200 59 37 but
814 200 31 37 in
859 200 55 37 the
932 200 78 37 12th
1020 200 134 37 century

168 246 90 37 there
274 246 83 37 were
373 246 117 37 abefl'es
507 246 31 37 in
551 246 97 37 Spain
663 246 74 37 who
749 246 80 37 gave
846 246 226 37 bencdi&ions,
1090 246 64 37 and

168 291 158 37 confefled
341 291 113 37 people
469 291 40 37 of
521 291 80 37 both
616 291 104 37 fexes.

123 337 289 37 ABBEVILLE,
438 337 19 37 a
476 337 88 37 large
580 337 67 37 city
663 337 40 37 of
721 337 158 37 Piccardy
895 337 32 37 in
943 337 134 37 France,
1102 337 50 37 ly-

168 386 54 37 ing
247 386 45 37 90
315 386 90 37 miles
430 386 97 37 north
550 386 41 37 of
609 386 105 37 Paris,
739 386 32 37 in
797 386 57 37 50.
882 386 34 37 7.
941 386 48 37 N.
1006 386 59 37 lat.
1089 386 65 37 and

172 431 33 37 2.
230 431 36 37 o.
291 431 44 37 E.
356 431 90 37 long.

120 475 171 37 ABBEY,
308 475 19 37 a
343 475 152 37 religious
507 475 112 37 houfe,
638 475 161 37 governed
809 475 46 37 by
865 475 40 37 an
918 475 109 37 abbot,
1044 475 108 37 where

167 520 127 37 perfons
312 520 96 37 retire
425 520 86 37 from
527 520 56 37 the
601 520 115 37 world,
742 520 35 37 to
797 520 97 37 fpend
915 520 85 37 their
1019 520 77 37 time
1119 520 34 37 in

167 567 136 37 folitude
331 567 63 37 and
420 567 167 37 devotion.
635 567 53 37 By
715 567 55 37 the
795 567 162 37 invention
984 567 40 37 of
1042 567 110 37 mafies

167 613 53 37 for
243 613 55 37 the
320 613 100 37 living
445 613 63 37 and
529 613 56 37 the
607 613 95 37 dead,
730 613 240 37 difpenfations,
1000 613 150 37 jubilees,

168 658 217 37 indulgences,
411 658 61 37 &c.
498 658 54 37 the
575 658 118 37 abbeys
710 658 158 37 procured
888 658 75 37 fuch
979 658 88 37 large
1087 658 65 37 pri-

168 704 131 37 vileges,
325 704 210 37 exemptions,
561 704 63 37 and
635 704 184 37 donations,
844 704 83 37 that,
952 704 93 37 when
1062 704 87 37 thefe
1161 704 7 37 .

169 749 113 37 houfes
305 749 83 37 were
411 749 114 37 totally
549 749 161 37 abolifhed
731 749 32 37 in
790 749 152 37 England
969 749 44 37 by
1035 749 116 37 Henry

169 796 99 37 VIII.
293 796 35 37 to
352 796 55 37 the
432 796 131 37 number
586 796 43 37 of
647 796 78 37 190,
757 796 39 37 an
821 796 111 37 yearly
956 796 137 37 revenue
1115 796 41 37 of

169 842 44 37 L.
233 842 188 37 2,ยง53,000
438 842 148 37 reverted
601 842 37 37 to
654 842 56 37 the
727 842 121 37 crown.

120 889 350 37 ABBEY-BOYLE,
495 889 19 37 a
538 889 88 37 town
649 889 32 37 in
706 889 56 37 the
785 889 121 37 county
932 889 41 37 of
991 889 158 37 Rofcom-

168 932 74 37 mon
254 932 32 37 in
303 932 143 37 Ireland.

120 982 177 37 ABBOT,
315 982 55 37 the
386 982 142 37 fuperior
544 982 42 37 of
597 982 40 37 an
653 982 102 37 abbey
766 982 38 37 or
820 982 136 37 convent
968 982 40 37 of
1019 982 127 37 monks.

168 1024 38 37 In
223 1024 56 37 the
296 1024 63 37 firft
375 1024 74 37 ages
466 1024 41 37 of
525 1024 221 37 Chriftianity,
763 1024 59 37 the
836 1024 112 37 abbots
965 1024 83 37 were
1065 1024 86 37 plain

168 1071 213 37 difinterefted
403 1071 84 37 men,
523 1071 64 37 and
608 1071 87 37 lived
717 1071 173 37 contented
911 1071 81 37 with
1014 1071 55 37 the
1092 1071 59 37 go-

167 1117 165 37 vernment
348 1117 41 37 of
407 1117 85 37 their
513 1117 216 37 monafteries,
751 1117 104 37 which
879 1117 84 37 were
987 1117 165 37 generally

168 1161 126 37 erected
315 1161 33 37 in
370 1161 55 37 the
450 1161 81 37 moll
552 1161 131 37 folitary
707 1161 109 37 parts:
849 1161 57 37 but
930 1161 95 37 being
1047 1161 105 37 called

169 1208 85 37 from
265 1208 85 37 their
365 1208 120 37 defects
502 1208 36 37 to
549 1208 116 37 oppofe
677 1208 55 37 the
748 1208 133 37 herefies
894 1208 33 37 in
945 1208 55 37 the
1014 1208 134 37 church,

168 1254 78 37 they
268 1254 76 37 foon
367 1254 102 37 began
485 1254 36 37 to
536 1254 157 37 entertain
716 1254 182 37 fentiments
924 1254 40 37 of
984 1254 164 37 ambition,

170 1299 63 37 and
248 1299 272 37 endeavoured'to
535 1299 93 37 (hake
640 1299 52 37 off
710 1299 85 37 their
811 1299 206 37 dependency
1037 1299 42 37 on
1095 1299 56 37 the

170 1345 137 37 bifhops.
343 1345 113 37 Hence
468 1345 88 37 arofe
567 1345 56 37 the
634 1345 192 37 diltindhons
843 1345 40 37 of
894 1345 122 37 mitred
1029 1345 123 37 abbots,

170 1392 156 37 crofiered
330 1392 120 37 abbots,
458 1392 205 37 oecumenical
668 1392 122 37 abbots,
798 1392 153 37 cardinal
958 1392 191 37 abbots,.Si.c.

170 1437 77 37 The
259 1437 152 37 principal
423 1437 177 37 diftindticn
608 1437 107 37 which
726 1437 120 37 fubfifts
856 1437 32 37 at
899 1437 126 37 prefent
1036 1437 115 37 among

170 1483 126 37 abbots,
309 1483 26 37 is
344 1483 71 37 that
423 1483 41 37 of
467 1483 133 37 regular
608 1483 63 37 and
682 1483 267 37 commendatory;
966 1483 56 37 the
1031 1483 121 37 former

168 1528 42 37 of
220 1528 107 37 which
342 1528 74 37 take
432 1528 55 37 the
501 1528 82 37 vow,
609 1528 64 37 and
688 1528 84 37 wear
788 1528 54 37 the
859 1528 91 37 habit
966 1528 41 37 of
1025 1528 62 37 the.
1097 1528 54 37 or-

169 1574 58 37 der
238 1574 10 37 ;
273 1574 56 37 the
352 1574 98 37 latter
465 1574 53 37 are
535 1574 149 37 feculars,
709 1574 125 37 though
853 1574 78 37 they
951 1574 53 37 are
1021 1574 129 37 obliged

170 1620 34 37 to
220 1620 73 37 take
309 1620 110 37 orders
437 1620 32 37 at
491 1620 56 37 the
563 1620 117 37 proper
703 1620 71 37 age.
822 1620 120 37 Before
959 1620 55 37 the
1030 1620 121 37 Refor-

170 1666 119 37 mation
305 1666 33 37 in
354 1666 163 37 England,
541 1666 92 37 there
646 1666 84 37 were
748 1666 115 37 abbots
880 1666 130 37 ele&ive
1027 1666 63 37 and
1101 1666 50 37 re-

170 1711 209 37 prefentative
390 1711 11 37 ;
427 1711 85 37 fome
527 1711 128 37 mitred,
681 1711 63 37 aind
759 1711 109 37 others
885 1711 70 37 not.
1003 1711 77 37 The
1092 1711 59 37 mi-

172 1752 72 37 tred
270 1752 112 37 abbots
407 1752 85 37 were
522 1752 141 37 invefted
692 1752 80 37 with
803 1752 157 37 epifcopal
987 1752 165 37 authority

173 1798 112 37 within
309 1798 86 37 their
417 1798 71 37 own
511 1798 111 37 limits,
647 1798 213 37 independent
882 1798 41 37 of
940 1798 55 37 the
1018 1798 129 37 bilhop;

172 1842 57 37 but
249 1842 55 37 the
324 1842 109 37 others
451 1842 82 37 were
551 1842 119 37 fubjedt
686 1842 35 37 to
745 1842 55 37 the
815 1842 148 37 diocefan
979 1842 32 37 in
1029 1842 42 37 all
1087 1842 61 37 fpi-

171 1889 93 37 ritual
280 1889 219 37 government.
548 1889 76 37 The
641 1889 116 37 mitred
773 1889 112 37 abbots
898 1889 83 37 were
994 1889 107 37 Lords
1111 1889 43 37 of

169 1935 198 37 parliament,
392 1935 41 37 of
450 1935 106 37 which
571 1935 134 37 number
729 1935 54 37 Sir
798 1935 145 37 Edward
966 1935 93 37 Coke
1079 1935 69 37 rec-

168 1980 80 37 kons
272 1980 57 37 27,
353 1980 75 37 who
454 1980 46 37 fat
522 1980 34 37 in
578 1980 201 37 parliament,
804 1980 121 37 befides
947 1980 67 37 two
1038 1980 112 37 Lords

168 2026 123 37 Priors.

122 2074 311 37 ABBREVIATE
451 2074 42 37 of
507 2074 253 37 adjudications,
786 2074 32 37 in
836 2074 94 37 Scots
942 2074 75 37 law,
1043 2074 39 37 an
1092 2074 55 37 ab-

168 2118 90 37 ftradl
270 2118 37 37 or
318 2118 200 37 abridgment
530 2118 40 37 of
577 2118 19 37 a
606 2118 129 37 decreet
747 2118 40 37 of
794 2118 230 37 adjudication,
1041 2118 106 37 which

168 2164 26 37 is
216 2164 156 37 recorded
393 2164 33 37 in
450 2164 17 37 a
492 2164 129 37 regifter
634 2164 78 37 kept
728 2164 52 37 for
795 2164 71 37 that
889 2164 146 37 purpofe.
1085 2164 63 37 See

169 2211 121 36 SCOTS
309 2211 102 36 LAW,
436 2210 83 37 title,
546 2210 267 37 Adjudications.

121 2259 380 37 ABBREVIATION,
528 2253 37 45 or
591 2260 325 36 ABBREVIATURE,
941 2253 126 45 implies
1092 2253 55 45 the

166 2296 197 45 fubftitution
387 2296 40 45 of
445 2296 19 45 a
488 2296 145 45 fyllable,
657 2296 109 45 letter,
792 2296 37 45 or
854 2296 176 45 charadter,
1054 2296 54 45 for
1128 2296 20 45 a

167 2342 104 45 whole
286 2342 111 45 word..

120 2396 362 37 ABBREVIATOR,
516 2396 19 37 a
558 2396 112 37 perfon
697 2396 75 37 who
799 2396 148 37 abridges
969 2396 62 37 any
1057 2396 89 37 large

166 2438 86 37 book
267 2438 68 37 into
352 2438 18 37 a
381 2438 161 37 narrower
555 2438 174 37 compafs.โ

120 2488 389 37 ABBREVIATORS,
527 2488 18 37 a
557 2488 122 37 college
694 2488 40 37 of
748 2488 183 37 72.perfons
941 2488 32 37 in
985 2488 54 37 the
1050 2488 96 37 chan-

167 2530 74 37 cery
256 2530 36 37 of
313 2530 119 37 Rome,
456 2530 79 37 who
547 2530 89 37 draw
651 2530 44 37 up
713 2530 56 37 the
794 2530 109 37 popeโs
919 2530 138 37 brieves,
1083 2530 63 37 and

166 2576 115 37 reduce
293 2576 150 37 petitions
461 2576 68 37 into
544 2576 116 37 proper
672 2576 96 37 form.

120 2625 292 37 ABBREVOIR,
438 2625 20 37 a
479 2625 84 37 term
583 2625 32 37 in
639 2625 161 37 mafonry,
823 2625 171 37 expreftive
1017 2625 41 37 of
1076 2625 69 37 cer-

167 2668 64 37 tain
253 2668 182 37 indentures
450 2668 93 37 made
566 2668 32 37 in
619 2668 56 37 the
692 2668 100 37 joints
816 2668 38 37 or
871 2668 80 37 beds
969 2668 42 37 of
1028 2668 114 37 ftones,

167 2715 105 37 which
294 2715 94 37 being
410 2715 88 37 filled
519 2715 80 37 with
623 2715 56 37 the
703 2715 125 37 cement
849 2715 38 37 or
909 2715 132 37 mortar,
1065 2715 80 37 bind

168 2760 88 37 them
270 2760 106 37 firmer
391 2760 161 37 together.

124 2809 383 37 ABBROCHMENT.
558 2809 63 37 See
636 2810 289 36 ABROCHMENT.

124 2854 301 37 ABBUTTALS,
454 2854 114 37 fignify
590 2854 56 37 the
673 2854 143 37 buttings
842 2854 37 37 or
905 2854 178 37 bouridings
1108 2854 42 37 of

169 2894 74 37 land
253 2894 137 37 towards
402 2894 60 37 any
474 2894 102 37 point.
626 2894 117 37 Limits
759 2894 84 37 were
860 2894 160 37 anciently
1035 2894 108 37 diftin-

170 2944 179 37 guifhedby
360 2944 144 37 artificial
518 2944 153 37 hillocks,
692 2944 107 37 which
816 2944 85 37 were
917 2944 104 37 called
1036 2944 106 37 boten-

1255 114 18 52 )

1623 114 232 52 ABE

1251 191 96 37 tines,
1374 191 62 37 and
1447 191 100 37 hence
1565 191 141 37 butting.
1756 191 38 37 In
1811 191 17 37 a
1840 191 191 37 defcription
2048 191 41 37 of
2105 191 55 37 the
2177 191 57 37 fite

1250 239 39 37 of
1308 239 86 37 land,
1421 239 54 37 the
1492 239 79 37 fides
1595 239 42 37 on
1654 239 56 37 the
1734 239 137 37 breadth
1894 239 53 37 are
1970 239 89 37 more
2082 239 151 37 properly

1248 284 199 37 adjacentes,
1474 284 63 37 and
1552 284 90 37 thofe
1654 284 204 37 terminating
1870 284 55 37 the
1936 284 111 37 length
2065 284 52 37 are
2134 284 98 37 abbu.-

1249 330 127 37 tantes;
1403 330 119 37 which,
1548 330 33 37 in
1605 330 57 37 old
1689 330 140 37 furveys,
1854 330 86 37 were
1967 330 178 37 fometimes
2173 330 61 37 ex-

1248 377 121 37 prefled
1395 377 43 37 by
1465 377 159 37 capitare,
1651 377 35 37 to
1710 377 104 37 head;
1841 377 130 37 whence
1995 377 238 37 abbuttals-are

1248 423 73 37 now
1332 423 105 37 called
1452 423 85 37 head
1550 423 109 37 lands.

1200 469 255 37 ABCASSES,
1482 469 17 37 a
1520 469 112 37 people
1657 469 38 37 or
1717 469 137 37 country
1877 469 33 37 in
1929 469 88 37 Afia,
2043 469 111 37 fituate
2175 469 56 37 be-

1247 515 102 37 tween
1366 515 161 37 Circaflia,
1552 515 55 37 the
1624 515 183 37 Black-fea,
1833 515 64 37 and
1912 515 189 37 Mingrelia.

1201 561 267 37 ABCDARIA,
1498 561 32 37 in
1553 561 133 37 botany,
1712 561 18 37 a
1750 561 163 37 fynonime
1935 561 40 37 of
1994 561 55 37 the
2072 561 160 37 verbefina

1248 608 144 37 acmella.
1443 608 62 37 See
1521 609 238 36 VERBESINA.

1199 653 245 37 ABCDARY,
1462 647 37 45 or
1508 654 249 36 ABCDARIAN,
1775 647 38 45 an
1824 647 121 45 epithet
1955 647 128 45 applied
2096 647 34 45 to
2143 647 88 45 com-

1247 693 161 45 pofitions,
1433 693 107 45 whofe
1565 693 90 45 parts
1670 693 53 45 are
1743 693 146 45 difpofed
1904 693 33 45 in
1962 693 41 45 an
2020 693 212 45 alphabetical

1250 740 108 45 order.

1198 792 210 37 ABDALS,
1433 792 38 37 or
1485 792 158 37 fervants
1668 792 43 37 of
1724 792 82 37 God,
1838 792 32 37 in
1893 792 56 37 the
1971 792 138 37 Eaftern
2130 792 100 37 coun-

1246 838 75 37 tries
1333 838 10 37 ;
1373 838 123 37 furious
1521 838 195 37 enthufiafts,
1741 838 74 37 who
1840 838 186 37 frequently
2050 838 59 37 run
2132 838 100 37 about

1246 884 55 37 the
1317 884 123 37 llreets,
1465 884 182 37 deftroying
1664 884 41 37 all
1722 884 73 37 who
1812 884 96 37 differ
1924 884 86 37 from
2026 884 89 37 them
2131 884 33 37 in
2179 884 51 37 re-

1247 930 115 37 ligious
1376 930 158 37 opinions.

1198 976 267 37 ABDELAVI,
1489 976 32 37 in
1538 976 131 37 botany,
1695 976 19 37 a
1728 976 93 37 name
1836 976 78 37 ufed
1937 976 44 37 by
1996 976 144 37 Arabian
2156 976 75 37 wri-

1247 1022 64 37 ters
1330 1022 51 37 for
1397 1022 19 37 a
1430 1022 120 37 fpecies
1566 1022 41 37 of
1625 1022 155 37 cucumis.
1831 1022 61 37 See
1909 1032 199 24 CUCUMIS.

1198 1069 209 37 ABDEST,
1441 1069 18 37 a
1481 1069 83 37 term
1584 1069 78 37 ufed
1684 1069 52 37 for
1758 1069 56 37 the
1841 1069 82 37 legal
1949 1069 216 37 purifications
2187 1069 44 37 by

1246 1114 111 37 water,
1381 1114 154 37 pradlifed
1550 1114 117 37 among
1683 1114 56 37 the
1762 1114 229 37 Mahometans
2008 1114 63 37 and
2087 1114 146 37 Perfians

1246 1161 110 37 before
1368 1161 79 37 they
1463 1161 95 37 begin
1574 1161 85 37 their
1672 1161 150 37 religious
1840 1161 223 37 ceremonies.-

1197 1206 309 37 ABDICARIAN
1521 1206 208 37 propofition,
1753 1206 33 37 in
1810 1206 98 37 logic,
1934 1206 56 37 the
2008 1206 82 37 fame
2111 1206 79 37 with
2211 1206 20 37 a

1245 1252 145 37 negative
1406 1252 75 37 one.
1531 1252 61 37 See
1610 1253 145 36 LOGIC,
1783 1246 63 45 and
1862 1252 213 37 Propojition.

1198 1298 322 37 ABDICATION,
1544 1298 56 37 the
1617 1298 102 37 adtion
1732 1298 39 37 of
1791 1298 196 37 renouncing
2003 1298 38 37 or
2056 1298 110 37 giving
2186 1298 44 37 up

1245 1345 39 37 an
1300 1345 105 37 office.

1198 1391 260 37 ABDOMEN,
1483 1391 32 37 in
1539 1391 161 37 anatomy,
1725 1391 27 37 is
1775 1391 71 37 that
1862 1391 71 37 part
1950 1391 40 37 of
2008 1391 55 37 the
2079 1391 98 37 trunk
2193 1391 44 37 of

1246 1437 55 37 the
1317 1437 87 37 body
1419 1437 107 37 which
1548 1437 59 37 lies
1623 1437 144 37 between
1792 1437 55 37 the
1863 1437 120 37 thorax
2006 1437 64 37 and
2085 1437 56 37 the
2157 1437 72 37 bot-

1246 1482 68 37 tom
1326 1482 41 37 of
1385 1482 56 37 the
1456 1482 114 37 pelvis.
1621 1482 61 37 See
1694 1483 214 36 ANATOMY,
1933 1482 72 37 part
2022 1482 64 37 VI.

1199 1528 306 37 ABDUCTION,
1531 1528 19 37 a
1565 1528 85 37 form
1675 1528 40 37 of
1734 1528 165 37 realbning
1922 1528 115 37 among
2060 1528 168 37 logicians,

1246 1574 105 37 which
1368 1574 124 37 confifts
1509 1574 33 37 in
1561 1574 144 37 drawing
1722 1574 195 37 conclufions
1930 1574 85 37 from
2031 1574 119 37 certain
2167 1574 78 37 and-

1247 1619 190 37 undeniable
1454 1619 222 37 propofitions.
1727 1619 61 37 See
1800 1629 159 24 LOGIC.-

1200 1665 252 36 ABDUCTION,
1477 1658 33 45 in
1526 1658 142 45 furgery,
1695 1658 18 45 a
1730 1658 116 45 fpecies
1868 1658 40 45 of
1926 1658 137 45 fradture
2087 1658 143 45 wherein

1247 1703 54 45 the
1313 1703 120 45 broken
1450 1703 87 45 parts
1554 1703 40 45 of
1612 1703 55 45 the
1683 1703 83 45 bone
1790 1703 111 45 recede
1924 1703 86 45 from
2026 1703 78 45 each
2120 1703 107 45 other.

1208 1755 7 37 '
1248 1755 62 37 See
1328 1756 201 36 SURGERY,
1556 1755 54 37 Of
1613 1755 189 37 fraftures.

1197 1803 286 37 ABDUCTOR,
1507 1803 34 37 in
1557 1803 162 37 anatomy,
1736 1803 55 37 the
1807 1803 92 37 name
1911 1803 40 37 of
1961 1803 119 37 feveral
2093 1803 151 37 mufcles-

1245 1847 104 37 which
1362 1847 87 37 ferve
1472 1847 35 37 to
1523 1847 83 37 open
1622 1847 37 37 or
1675 1847 89 37 draw
1786 1847 82 37 back
1885 1847 54 37 the
1956 1847 86 37 parts
2067 1847 36 37 to
2120 1847 109 37 which

1242 1893 77 37 they
1336 1893 52 37 are
1404 1893 101 37 fixed.
1555 1893 62 37 See
1633 1894 214 36 ANATOMY,
1872 1893 78 37 Part
1962 1893 65 37 VI.

1196 1941 292 37 ABEL-TREE,
1513 1941 38 37 or
1567 1942 265 36 ABELE-TREE,
1858 1935 39 45 an
1909 1941 140 37 obfolete
2066 1941 91 37 name
2174 1941 54 37 for

1245 1985 17 37 a
1279 1985 116 37 fpecies
1414 1985 40 37 of
1472 1985 56 37 the
1545 1985 124 37 poplar.
1719 1985 62 37 See
1797 1986 193 36 POPULKS.

1196 2033 258 37 ABELIANS,
1478 2034 240 36 ABELOITES,
1744 2033 37 37 or
1798 2034 263 36 ABELONIANS,
2088 2033 145 37 afedlcf

1243 2078 138 37 heretics
1398 2078 70 37 that
1485 2078 115 37 fprung
1624 2078 43 37 up
1689 2078 76 37 near
1780 2078 112 37 Hippo
1915 2078 32 37 in
1972 2078 116 37 Africa
2110 2078 118 37 during

1244 2123 54 37 the
1315 2123 89 37 reign
1420 2123 40 37 of
1471 2123 173 37 Arcadius.
1692 2123 98 37 They
1814 2123 64 37 had
1904 2123 60 37 one
1987 2123 240 37 diftinguiffiing

1243 2169 62 37 and
1321 2169 244 37 extraordinary
1581 2169 101 37 tenet,
1706 2169 105 37 which
1824 2169 65 37 was
1905 2169 36 37 to
1957 2169 118 37 marry,
2101 2169 57 37 but
2169 2169 55 37 ne-

1243 2214 55 37 ver
1314 2214 34 37 to
1366 2214 225 37 confummate.

1195 2262 312 37 ABELMOSCH,
1532 2262 38 37 or
1581 2263 255 36 ABELMUSCH,
1854 2262 32 37 in
1902 2262 132 37 botany,
2046 2262 56 37 the
2118 2262 107 37 trivial

1242 2307 91 37 name
1356 2307 43 37 of
1417 2307 18 37 a
1457 2307 121 37 fpecies
1601 2307 40 37 of
1660 2307 55 37 the
1737 2307 151 37 hibifcus.
1938 2307 61 37 See
2016 2308 206 36 HIBISCUS.

1194 2353 311 37 ABENSBURG,
1531 2354 297 36 OVABENSPERG,
1856 2353 18 37 a
1890 2347 89 45 fmall
1996 2353 87 37 town
2100 2353 33 37 in
2156 2353 67 37 Ba-

1243 2398 98 37 varia,
1367 2398 42 37 on
1421 2398 54 37 the
1492 2398 84 37 river
1591 2398 136 37 Abenae,
1753 2398 74 37 near
1844 2398 55 37 the
1916 2398 153 37 Danube.

1194 2446 413 37 ABERBROTHOCK,
1643 2446 61 37 one
1729 2446 41 37 of
1799 2446 55 37 the
1884 2446 90 37 royal
2000 2446 164 37 boroughs
2188 2446 37 37 of

1242 2490 166 37 Scotland,
1434 2490 133 37 fituated
1582 2490 32 37 in
1638 2490 55 37 the
1717 2490 119 37 county
1853 2490 40 37 of
1910 2490 126 37 Angus;
2062 2490 97 37 about
2176 2490 46 37 40

1241 2536 209 37 miles-north
1473 2536 41 37 of
1532 2536 205 37 Edinburgh.
1786 2536 48 37 Its
1857 2536 75 37 weft
1953 2536 90 37 long,
2063 2536 27 37 is
2108 2536 34 37 2.
2161 2536 59 37 20.

1241 2582 63 37 and
1319 2582 48 37 N.
1383 2582 60 37 lat.
1463 2582 57 37 56.
1541 2582 56 37 30.
1645 2582 113 37 There
1773 2582 65 37 was
1856 2582 155 37 formerly
2029 2582 59 37 one
2107 2582 41 37 of
2165 2582 57 37 the

1241 2627 112 37 richeft
1368 2627 202 37 monafteries
1594 2627 32 37 in
1644 2627 154 37 Scotland
1813 2627 32 37 in
1862 2627 63 37 this
1950 2627 102 37 town.
2099 2627 36 37 It
2153 2627 67 37 was

1241 2674 142 37 founded
1399 2674 42 37 by
1452 2674 89 37 King
1558 2674 148 37 William
1722 2674 40 37 of
1782 2674 159 37 Scotland
1956 2674 99 37 about
2070 2674 57 37 the
2144 2674 77 37 year

1245 2721 34 37 11
1292 2721 9 37 /
1301 2712 4 24 ,
1305 2721 39 37 o,
1369 2721 32 37 in
1422 2721 127 37 honour
1573 2721 40 37 of
1638 2721 149 37 Thomas
1814 2721 124 37 Becket
1959 2721 202 37 Archbiffiop
2184 2721 42 37 of

1239 2766 215 37 Canterbury,
1476 2766 80 37 with
1578 2766 107 37 whom
1706 2766 42 37 he
1770 2766 27 37 is
1814 2766 67 37 faid
1902 2766 36 37 to
1961 2766 83 37 have
2066 2766 79 37 been
2169 2766 49 37 in-

1239 2812 143 37 timately
1398 2812 202 37 acquainted.
1648 2812 85 37 This
1750 2812 177 37 monaftery
1951 2812 146 37 received
2121 2812 98 37 confi-

1238 2858 128 37 derable
1382 2858 168 37 donations
1573 2858 86 37 from
1674 2858 157 37 Gilchrift
1853 2858 81 37 Earl
1951 2858 39 37 of
2003 2858 140 37 Angus,ยป
2155 2858 66 37 and

1238 2905 140 37 Gilbred
1392 2905 50 37 his
1460 2905 68 37 fon.
1577 2905 31 37 It
1621 2905 65 37 was
1699 2905 150 37 poffeffed
1862 2905 44 37 by
1918 2905 54 37 the
1988 2905 113 37 monks
2119 2905 40 37 of
2178 2905 40 37 St

1233 2952 140 37 Ilennet.
1421 2952 77 37 The
1523 2952 193 37 inhabitants
1745 2952 40 37 of
1801 2952 265 37 Aberbrothock,
2087 2952 63 37 for.
2162 2952 66 37 the:

2145 3002 72 37 fake
