2406 3327
167 155 54 75 66

625 155 1185 75 AGRICULTURE.

163 224 134 75 quently
305 224 55 75 the
375 224 118 75 hoeing
509 224 57 75 can
582 224 40 75 be
639 224 184 75 performed
834 224 89 75 more
939 224 167 75 perfectly,
1132 224 64 75 and

163 271 81 75 with
259 271 61 75 lefs
336 271 154 75 expence.
539 271 53 75 M.
614 271 246 75 Chateauvieux
874 271 140 75 likewife
1036 271 85 75 tried
1136 271 57 75 the

163 317 109 75 lucern
287 317 32 75 in
341 317 97 75 Angle
461 317 78 75 beds
561 317 91 75 three
668 317 66 75 feet
749 317 96 75 wide,
870 317 78 75 with
971 317 95 75 Angle
1083 317 83 75 rows
1179 317 10 75 ;

164 363 33 75 in
212 363 78 75 beds
307 363 89 75 three
419 363 66 75 feet
508 363 72 75 nine
596 363 108 75 inches
730 363 94 75 wide,
849 363 77 75 with
949 363 118 75 double
1082 363 83 75 rows
1179 363 11 75 ;

165 409 63 75 and
243 409 31 75 in
291 409 77 75 beds
386 409 73 75 four
476 409 64 75 feet
552 409 90 75 three
654 409 108 75 inches
773 409 96 75 wide,
895 409 78 75 with
986 409 93 75 triple
1096 409 96 75 rows.

164 456 76 75 The
256 456 105 75 plants
382 456 32 75 in
439 456 56 75 the
519 456 95 75 Angle
639 456 83 75 rows
745 456 85 75 were
853 456 47 75 Ax
914 456 109 75 inches
1047 456 144 75 afunder,

164 502 64 75 and
239 502 90 75 thofe
345 502 33 75 in
394 502 55 75 the
465 502 117 75 double
599 502 61 75 and
680 502 93 75 triple
790 502 83 75 rows
890 502 84 75 were
991 502 97 75 about
1103 502 89 75 eight

165 548 37 75 or
218 548 72 75 nine
305 548 121 75 inches.
467 548 39 75 In
523 548 19 75 a
557 548 109 75 courfe
678 548 40 75 of
724 548 91 75 three
827 548 90 75 years
933 548 41 75 he
991 548 112 75 found,
1120 548 72 75 that

165 594 19 75 a
195 594 96 75 Angle
307 594 68 75 row
390 594 163 75 produced
569 594 88 75 more
673 594 76 75 than
767 594 18 75 a
801 594 93 75 triple
907 594 67 75 row
987 594 39 75 of
1037 594 55 75 the
1108 594 84 75 fame

164 640 124 75 length.
351 640 77 75 The
455 640 103 75 plants
586 640 49 75 of,
652 640 124 75 lucern,
816 640 94 75 when
942 640 175 75 cultivated
1149 640 43 75 by

163 686 276 75 tranfplantation,
464 686 111 75 Aiould
590 686 40 75 be
647 686 32 75 at
695 686 75 75 leaft
785 686 177 75 Ax’inches
987 686 143 75 afunder,
1155 686 36 75 to

163 733 97 75 allow
275 733 89 75 them
375 733 90 75 room
482 733 52 75 for
550 733 175 75 extending
739 733 85 75 their
839 733 136 75 crowns.

213 780 53 75 He
282 780 126 75 further
424 780 159 75 obferves,
608 780 71 75 that
695 780 56 75 the
771 780 78 75 beds
866 780 37 75 or
919 780 105 75 ridges
1041 780 101 75 ought
1157 780 35 75 to

165 826 40 75 be
228 826 102 75 raifed
352 826 33 75 in
408 826 56 75 the
488 826 141 75 middle;
663 826 71 75 that
758 826 19 75 a
798 826 89 75 fmall
909 826 125 75 trench,
1066 826 66 75 two
1155 826 37 75 or

163 872 93 75 three
271 872 108 75 inches
395 872 93 75 deep,
512 872 111 75 fhould
647 872 39 75 be
710 872 110 75 drawn
841 872 33 75 in
890 872 56 75 the
962 872 141 75 middle;
1130 872 63 75 and

164 918 72 75 that
252 918 54 75 the
328 918 104 75 plants
450 918 101 75 ought
568 918 35 75 to
626 918 40 75 be
690 918 47 75 fet
760 918 33 75 in
817 918 64 75 this
906 918 124 75 trench,
1056 918 138 75 covered

164 965 81 75 with
261 965 91 75 earth
367 965 43 75 up
426 965 36 75 to
484 965 55 75 the
555 965 92 75 neck.
696 965 54 75 He
765 965 84 75 fays,
874 965 72 75 that
961 965 31 75 if
1010 965 55 75 the
1084 965 109 75 lucern

164 1011 42 75 be
221 1011 85 75 fown
323 1011 33 75 in
372 1011 117 75 fpring,
515 1011 63 75 and
592 1011 32 75 in
649 1011 19 75 a
690 1011 99 75 warm
813 1011 69 75 foil,
908 1011 26 75 it
958 1011 66 75 will
1040 1011 40 75 be
1097 1011 98 75 ready

165 1058 52 75 for
238 1058 227 75 tranfplanting
487 1058 32 75 in
537 1058 208 75 September;
771 1058 83 75 that,
880 1058 30 75 if
920 1058 56 75 the
999 1058 140 75 weather
1156 1058 40 75 be

163 1105 59 75 too
237 1105 58 75 hot
312 1105 62 75 and
390 1105 73 75 dry,
488 1105 55 75 the
559 1105 228 75 tranfplanting
810 1105 112 75 fhould
938 1105 39 75 be
994 1105 135 75 delayed
1144 1105 50 75 till

166 1150 163 75 October;
347 1150 64 75 and
426 1150 82 75 that,
525 1150 31 75 if
567 1150 55 75 the
638 1150 141 75 weather
790 1150 39 75 be
841 1150 227 75 unfavourable
1080 1150 115 75 during

163 1197 80 75 both
253 1197 86 75 thefe
348 1197 140 75 months,
495 1197 63 75 this
568 1197 162 75 operation
739 1197 80 75 muft
828 1197 39 75 be
874 1197 136 75 delayed
1018 1197 50 75 till
1077 1197 117 75 fpring.

163 1244 55 75 He
240 1244 126 75 further
389 1244 127 75 diredts,
542 1244 70 75 that
637 1244 55 75 the
715 1244 103 75 plants
841 1244 112 75 ftiould
974 1244 40 75 be
1036 1244 157 75 carefully

164 1289 94 75 taken
275 1289 56 75 out
347 1289 40 75 of
398 1289 55 75 the
470 1289 141 75 nurfery,
636 1289 34 75 fo
687 1289 33 75 as
737 1289 56 75 not
805 1289 35 75 to
856 1289 133 75 damage
1004 1289 56 75 the
1076 1289 112 75 roots;

162 1335 73 75 that
250 1335 55 75 the
317 1335 88 75 roots
417 1335 40 75 be
468 1335 61 75 left
545 1335 74 75 only
634 1335 97 75 about
747 1335 48 75 Ax
809 1335 38 75 or
862 1335 92 75 feven
969 1335 108 75 inches
1093 1335 96 75 long;

163 1382 73 75 that
247 1382 56 75 the
319 1382 96 75 green
430 1382 71 75 tops
518 1382 40 75 be
574 1382 54 75 cut
645 1382 52 75 off
714 1382 113 75 within
843 1382 97 75 about
955 1382 67 75 two
1033 1382 107 75 inches
1156 1382 40 75 of

163 1429 57 75 the
235 1429 129 75 crown;
390 1429 71 75 that
477 1429 78 75 they
571 1429 40 75 be
627 1429 58 75 put
700 1429 69 75 into
783 1429 100 75 water
899 1429 33 75 as
951 1429 77 75 foon
1044 1429 34 75 as
1094 1429 98 75 taken

163 1473 56 75 up,
244 1473 91 75 there
350 1473 35 75 to
402 1473 117 75 remain
538 1473 48 75 till
604 1473 78 75 they
699 1473 53 75 are
768 1473 152 75 planted;
947 1473 62 75 and
1026 1473 70 75 that
1114 1473 78 75 they

163 1521 113 75 fhould
291 1521 40 75 be
347 1521 132 75 planted
494 1521 79 75 with
588 1521 18 75 a
622 1521 249 75 planting-ftick,
895 1521 34 75 in
941 1521 55 75 the
1008 1521 82 75 f^me
1103 1521 87 75 man-

162 1566 59 75 ner
237 1566 33 75 as
288 1566 168 75 cabbages.

211 1614 53 75 He
279 1614 77 75 does
372 1614 57 75 not
445 1614 71 75 give
535 1614 172 75 particular
729 1614 169 75 diredtions
923 1614 34 75 as
975 1614 34 75 to
1026 1614 55 75 the
1097 1614 92 75 times

165 1659 40 75 of
223 1659 246 75 horfe-hoeing;
495 1659 59 75 but
577 1659 76 75 only
677 1659 69 75 fays
770 1659 33 75 in
820 1659 141 75 general,
986 1659 70 75 that
1072 1659 55 75 the
1143 1659 48 75 in-

163 1706 119 75 tervals
297 1706 111 75 fhould
424 1706 40 75 be
488 1706 112 75 ftirred
623 1706 80 75 once
726 1706 32 75 in
782 1706 56 75 the
859 1706 112 75 month
997 1706 116 75 during
1135 1706 56 75 the

163 1751 106 75 whole
291 1751 78 75 time
392 1751 71 75 that
486 1751 56 75 the
562 1751 109 75 lucern
695 1751 26 75 is
744 1751 33 75 in
793 1751 19 75 a
833 1751 145 75 growing
999 1751 25 75 ft
1027 1751 62 75 ate.
1137 1751 54 75 He

163 1797 141 75 likewife
320 1797 158 75 obferves,
503 1797 71 75 that
590 1797 90 75 great
695 1797 73 75 care
784 1797 102 75 ought
901 1797 36 75 to
952 1797 41 75 be
1015 1797 95 75 taken
1130 1797 61 75 not

163 1844 40 75 to
216 1844 96 75 fufter
328 1844 62 75 any
410 1844 106 75 weeds
537 1844 35 75 to
589 1844 90 75 grow
702 1844 114 75 among
840 1844 55 75 the
918 1844 117 75 plants,
1060 1844 34 75 at
1115 1844 75 75 leaft

165 1889 53 75 for
238 1889 56 75 the
317 1889 65 75 Arft
406 1889 65 75 two
496 1889 38 75 or
558 1889 91 75 three
673 1889 114 75 years;
814 1889 62 75 and
895 1889 52 75 for
963 1889 64 75 this
1044 1889 144 75 purpofe,

164 1936 72 75 that
259 1936 56 75 the
337 1936 97 75 rows,
467 1936 34 75 as
525 1936 74 75 well
624 1936 33 75 as
684 1936 56 75 the
764 1936 97 75 edges
889 1936 39 75 of
955 1936 56 75 the
1038 1936 150 75 intervals

164 1982 109 75 where
295 1982 54 75 the
365 1982 119 75 plough
506 1982 116 75 cannot
641 1982 54 75 go,
719 1982 112 75 fhould
853 1982 39 75 be
914 1982 131 75 weeded
1067 1982 43 75 by
1133 1982 55 75 the

164 2029 101 75 hand.

593 2029 35 75 _

368 2137 65 75 Of
452 2137 65 75 the
545 2137 162 75 Culture
729 2137 47 75 of
797 2137 191 75 Potatoes.

211 2215 86 75 The
315 2215 130 75 potatoe
460 2215 27 75 is
504 2215 59 75 one
579 2215 40 75 of
636 2215 56 75 the
714 2215 80 75 moft
816 2215 102 75 ufeful
940 2215 89 75 roots
1052 2215 70 75 that
1137 2215 57 75 are

167 2260 174 75 cultivated
355 2260 33 75 in
410 2260 65 75 this
491 2260 149 75 country,
664 2260 62 75 and
742 2260 27 75 is
786 2260 102 75 raifed
902 2260 33 75 in
951 2260 19 75 a
984 2260 78 75 very
1080 2260 111 75 differ-

168 2306 54 75 ent
237 2306 130 75 manner
383 2306 85 75 from
483 2306 62 75 any
561 2306 39 75 of
619 2306 55 75 the
691 2306 94 75 other
800 2306 102 75 roots.
951 2306 32 75 It
997 2306 59 75 has
1068 2306 18 75 a
1100 2306 94 75 num-

167 2352 60 75 ber
241 2352 41 75 of
299 2352 65 75 eyes
381 2352 32 75 in
425 2352 38 75 it,
487 2352 80 75 each
583 2352 39 75 of
632 2352 105 75 which
753 2352 140 75 produce
905 2352 20 75 a
938 2352 140 75 feparate
1090 2352 101 75 plant.

167 2398 78 75 The
259 2398 114 75 largeft
385 2398 145 75 potatoes
546 2398 53 75 are
610 2398 56 75 the
682 2398 67 75 beft
765 2398 52 75 for
828 2398 93 75 feed;
940 2398 143 75 becaufe,
1100 2398 93 75 when

169 2444 56 75 cut
240 2444 170 75 according
425 2444 35 75 to
476 2444 55 75 the
547 2444 87 75 eyes,
658 2444 63 75 and
735 2444 150 75 properly
895 2444 100 75 fown,
1018 2444 56 75 the
1090 2444 106 75 plants

168 2490 55 75 are
246 2490 57 75 not
324 2490 33 75 in
379 2490 119 75 danger
513 2490 43 75 of
573 2490 163 75 crowding
752 2490 78 75 each
853 2490 110 75 other.
1007 2490 78 75 The
1106 2490 89 75 plant

168 2537 93 75 fends
285 2537 57 75 out
366 2537 89 75 roots
477 2537 32 75 in
533 2537 95 75 every
651 2537 154 75 diredtion
828 2537 35 75 to
884 2537 19 75 a
918 2537 212 75 conftderable
1145 2537 49 75 di-

170 2583 115 75 ftance,
309 2583 63 75 and
387 2583 85 75 upon
487 2583 88 75 thefe
590 2583 55 75 the
656 2583 146 75 potatoes
818 2583 54 75 are
887 2583 138 75 formed.

217 2629 112 75 There
345 2629 54 75 are
414 2629 121 75 feveral
550 2629 94 75 kinds
655 2629 81 75 both
752 2629 40 75 of
810 2629 55 75 the
876 2629 98 75 white
986 2629 63 75 and
1065 2629 57 75 red
1137 2629 57 75 po-

171 2675 116 75 tatoes.
345 2675 100 75 They
471 2675 133 75 fucceed
629 2675 66 75 beft
718 2675 33 75 in
777 2675 18 75 a
821 2675 83 75 light
927 2675 62 75 dry
1014 2675 80 75 foil;
1131 2675 64 75 and

172 2721 124 75 though
312 2721 91 75 there
417 2721 40 75 be
473 2721 59 75 but
544 2721 19 75 a
573 2721 89 75 fmall
678 2721 140 75 mixture
833 2721 41 75 of
891 2721 85 75 loam
991 2721 32 75 in
1040 2721 37 75 it,
1102 2721 32 75 if
1144 2721 50 75 to-

173 2767 122 75 lerably
311 2767 67 75 rich
403 2767 64 75 and
489 2767 150 75 properly
662 2767 186 75 cultivated,
871 2767 26 75 it
920 2767 121 75 feldom
1063 2767 74 75 fails
1161 2767 38 75 to

173 2814 139 75 produce
328 2814 18 75 a
357 2814 85 75 good
454 2814 88 75 crop.
591 2814 65 75 But
673 2814 19 75 a
707 2814 86 75 good
809 2814 76 75 crop
904 2814 26 75 is
947 2814 57 75 not
1026 2814 35 75 to
1081 2814 39 75 be
1135 2814 59 75 ex-

174 2859 112 75 pedted
301 2859 83 75 from
401 2859 18 75 a
435 2859 67 75 ftiff
519 2859 63 75 wet
599 2859 69 75 foil,
686 2859 102 75 unlefs
804 2859 26 75 it
845 2859 40 75 be
900 2859 66 75 laid
981 2859 42 75 up
1039 2859 32 75 in
1089 2859 107 75 ridges

176 2904 34 75 fo
226 2904 33 75 as
275 2904 36 75 to
324 2904 93 75 make
428 2904 26 75 it
469 2904 73 75 dry,
560 2904 62 75 and
632 2904 19 75 a
666 2904 212 75 conftderable
895 2904 147 75 quantity
1058 2904 40 75 of
1108 2904 87 75 dung

176 2949 63 75 laid
257 2949 41 75 on
312 2949 36 75 to
365 2949 112 75 render
493 2949 26 75 it
531 2949 92 75 open.

224 2999 110 75 When
349 2999 54 75 the
416 2999 77 75 crop
507 2999 40 75 of
565 2999 147 75 potatoes
726 2999 29 75 is
769 2999 55 75 the
839 2999 91 75 chief
947 2999 89 75 point
1052 2999 32 75 in
1100 2999 92 75 view,

1239 225 54 75 the
1316 225 76 75 land
1415 225 112 75 fhould
1548 225 82 75 have
1654 225 19 75 a
1695 225 176 75 ploughing
1892 225 111 75 before
2026 225 126 75 winter,
2177 225 87 75 efpe-

1240 271 137 75 ciallyif
1395 271 56 75 the
1468 271 58 75 foil
1542 271 40 75 be
1602 271 56 75 not
1675 271 77 75 very
1766 271 68 75 free
1854 271 63 75 and
1932 271 94 75 open.
2075 271 37 75 If
2122 271 87 75 dung
2227 271 38 75 be

1238 318 171 75 neceffary,
1434 318 56 75 the
1506 318 116 75 proper
1644 318 77 75 time
1737 318 51 75 for
1803 318 109 75 laying
1931 318 26 75 it
1973 318 42 75 on
2030 318 27 75 is
2072 318 111 75 before
2200 318 65 75 this

1239 364 186 75 ploughing.
1466 364 112 75 When
1595 364 56 75 the
1668 364 145 75 potatoes
1830 364 52 75 are
1898 364 35 75 to
1944 364 40 75 be
2000 364 141 75 planted,
2159 364 106 75 which

1238 409 74 75 may
1328 409 40 75 be
1383 409 84 75 done
1490 409 62 75 any
1567 409 76 75 time
1667 409 32 75 in
1720 409 118 75 March
1855 409 37 75 or
1914 409 170 75 beginning
2104 409 41 75 of
2155 409 109 75 April;

1239 456 54 75 the
1309 456 76 75 land
1400 456 79 75 muft
1496 456 91 75 again
1603 456 39 75 be
1662 456 162 75 ploughed
1839 456 31 75 in
1887 456 126 75 narrow
2028 456 147 75 furrows,
2202 456 63 75 and

1239 502 54 75 the
1316 502 145 75 potatoes
1477 502 146 75 dropped
1638 502 69 75 into
1722 502 96 75 every
1834 502 115 75 fecond
1974 502 134 75 furrow.
2156 502 68 75 But
2238 502 33 75 if

1239 548 54 75 the
1316 548 75 75 land
1414 548 40 75 be
1477 548 81 75 open
1583 548 62 75 and
1660 548 78 75 very
1754 548 98 75 loofe,
1877 548 79 75 they
1977 548 73 75 may
2066 548 40 75 be
2122 548 144 75 dropped

1236 595 70 75 into
1323 595 97 75 every
1434 595 144 75 furrow;
1604 595 62 75 and
1683 595 33 75 as
1733 595 54 75 the
1803 595 121 75 plough
1947 595 96 75 opens
2066 595 55 75 the
2143 595 123 75 furrow

1237 640 51 75 for
1309 640 55 75 the
1386 640 116 75 fecond
1525 640 80 75 row,
1629 640 26 75 it
1681 640 105 75 buries
1810 640 54 75 the
1888 640 64 75 Arft
1980 640 68 75 row
2061 640 35 75 at
2114 640 18 75 a
2148 640 117 75 proper

1238 687 110 75 depth.
1396 687 77 75 The
1494 687 120 75 furrow
1635 687 113 75 fhould
1770 687 58 75 not
1843 687 40 75 be
1898 687 79 75 very
1992 687 80 75 deep
2084 687 9 75 ;
2121 687 62 75 and
2199 687 66 75 two

1239 733 107 75 horfes
1362 733 56 75 are
1440 733 166 75 fufEcient.
1656 733 31 75 It
1711 733 27 75 is
1762 733 105 75 better
1890 733 32 75 in
1947 733 63 75 this
2036 733 68 75 cafe
2120 733 35 75 to
2171 733 93 75 make

1237 779 56 75 the
1308 779 107 75 horfes
1432 779 43 75 go
1491 779 134 75 a-breaft
1641 779 77 75 than
1734 779 32 75 in
1788 779 27 75 a,
1823 779 86 75 line;
1934 779 144 75 becaufe,
2103 779 32 75 as
2152 779 62 75 one
2230 779 41 75 of

1238 826 87 75 them
1335 826 77 75 only
1422 826 76 75 goes
1511 826 31 75 in
1555 826 55 75 the
1621 826 133 75 furrow,
1768 826 55 75 the
1835 826 145 75 potatoes
1993 826 52 75 are
2057 826 56 75 not
2124 826 33 75 fo
2170 826 96 75 liable

1238 871 35 75 to
1285 871 39 75 be
1340 871 77 75 hurt
1434 871 36 75 or
1487 871 171 75 difplaced.
1705 871 85 75 This
1810 871 132 75 method
1958 871 40 75 of
2016 871 143 75 planting
2175 871 90 75 them

1239 918 43 75 by
1298 918 55 75 the
1369 918 118 75 plough
1504 918 26 75 is
1547 918 125 75 greatly
1684 918 177 75 preferable
1874 918 34 75 to
1924 918 55 75 the
1992 918 103 75 dibble
2106 918 36 75 or
2158 918 105 75 plant-

1239 964 160 75 ing-ftick.

1288 1011 110 75 When
1421 1011 18 75 a
1458 1011 89 75 fmall
1565 1011 148 75 quantity
1732 1011 26 75 is
1781 1011 153 75 intended
1956 1011 34 75 to
2009 1011 41 75 be
2076 1011 188 75 cultivated,

1241 1056 78 75 they
1339 1056 74 75 may
1440 1056 39 75 be
1503 1056 128 75 planted
1654 1056 79 75 with
1762 1056 54 75 the
1843 1056 107 75 fpade.
1999 1056 33 75 A
2049 1056 90 75 fmall
2160 1056 102 75 crofs-

1240 1102 111 75 trench
1368 1102 38 75 or
1424 1102 121 75 furrow
1561 1102 117 75 fhould
1694 1102 40 75 be
1750 1102 123 75 opened
1889 1102 79 75 with
1985 1102 55 75 the
2050 1102 94 75 fpade
2161 1102 32 75 at
2207 1102 56 75 the

1241 1149 62 75 end
1318 1149 40 75 of
1377 1149 55 75 the
1449 1149 102 75 ridge.
1600 1149 74 75 Into
1700 1149 63 75 this
1791 1149 122 75 furrow
1935 1149 81 75 drop
2040 1149 55 75 the
2116 1149 146 75 potatoes

1240 1195 32 75 at
1288 1195 115 75 proper
1418 1195 150 75 diftances
1581 1195 9 75 ;
1625 1195 74 75 and,
1724 1195 31 75 in
1783 1195 129 75 making
1939 1195 55 75 the
2021 1195 78 75 next
2127 1195 135 75 furrow,

1239 1241 54 75 the
1310 1241 89 75 roots
1416 1241 64 75 laid
1495 1241 32 75 in
1540 1241 55 75 the
1609 1241 64 75 Arft
1684 1241 66 75 will
1768 1241 38 75 be
1818 1241 134 75 covered
1963 1241 32 75 in
2008 1241 53 75 the
2077 1241 83 75 fame
2172 1241 90 75 man-

1237 1287 56 75 ner
1309 1287 33 75 as
1359 1287 25 75 is
1401 1287 83 75 done
1500 1287 42 75 by
1558 1287 55 75 the
1629 1287 133 75 plough.

1284 1334 185 75 According
1494 1334 35 75 to
1553 1334 55 75 the
1632 1334 138 75 diftance
1793 1334 40 75 of
1852 1334 55 75 the
1930 1334 83 75 rows
2036 1334 92 75 made
2143 1334 45 75 by
2205 1334 57 75 the

1236 1381 139 75 plough,,
1393 1381 56 75 the
1476 1381 137 75 diftance
1630 1381 40 75 of
1681 1381 55 75 the
1752 1381 106 75 plants
1875 1381 32 75 in
1924 1381 55 75 the
1995 1381 83 75 rows
2094 1381 111 75 fhould
2221 1381 41 75 be

1238 1429 184 75 regulated:
1461 1429 73 75 One
1545 1429 89 75 plant
1650 1429 33 75 in
1700 1429 18 75 a
1733 1429 112 75 fquare
1862 1429 70 75 foot
1948 1429 27 75 is
1992 1429 153 75 fufficient
2162 1429 34 75 to
2213 1429 47 75 al-

1236 1474 65 75 low
1317 1474 89 75 them
1422 1474 35 75 to
1473 1474 39 75 be
1528 1474 151 75 properly
1696 1474 97 75 hoed.
1842 1474 112 75 When
1970 1474 128 75 planted
2114 1474 31 75 in
2163 1474 98 75 every

1235 1521 116 75 fecond
1366 1521 122 75 furrow
1507 1521 162 75 ploughed
1685 1521 136 75 narrow,
1847 1521 56 75 the
1920 1521 82 75 rows
2019 1521 65 75 will
2102 1521 39 75 be
2158 1521 98 75 about

1241 1569 38 75 12
1299 1569 37 75 or
1356 1569 40 75 14
1413 1569 109 75 inches
1539 1569 145 75 afunder.
1730 1569 77 75 The
1823 1569 104 75 plants
1943 1569 73 75 may
2031 1569 44 75 he
2091 1569 114 75 placed
2226 1569 34 75 at

1237 1613 54 75 the
1308 1613 82 75 fame
1407 1613 136 75 diftance
1559 1613 33 75 in
1608 1613 55 75 the
1682 1613 96 75 rows.

1283 1659 31 75 It
1338 1659 26 75 is
1391 1659 199 75 unneceffary
1616 1659 36 75 to
1678 1659 128 75 harrow
1818 1659 69 75 uhe
1911 1659 75 75 land
2014 1659 84 75 after
2121 1659 56 75 the
2201 1659 58 75 po-

1238 1706 101 75 tatoes
1356 1706 53 75 are
1424 1706 149 75 planted:
1600 1706 85 75 This
1713 1706 163 75 operation
1903 1706 71 75 may
1990 1706 40 75 be
2046 1706 134 75 delayed
2208 1706 50 75 till

1237 1751 54 75 the
1303 1751 105 75 weeds
1425 1751 128 75 appear,
1570 1751 105 75 which
1693 1751 86 75 gives
1796 1751 55 75 the
1867 1751 118 75 farmer
2002 1751 38 75 an
2052 1751 208 75 opportunity

1237 1797 39 75 of
1286 1797 181 75 deftroying
1482 1797 87 75 them
1586 1797 136 75 without
1737 1797 62 75 any
1815 1797 173 75 additional
2008 1797 125 75 labour.
2167 1797 92 75 Tho’

1236 1843 145 75 potatoes
1398 1843 39 75 be
1456 1843 130 75 planted
1601 1843 89 75 early
1708 1843 33 75 in
1765 1843 55 75 the
1841 1843 118 75 fpring,
1984 1843 38 75 or
2045 1843 78 75 even
2146 1843 114 75 before

1235 1888 126 75 winter,
1378 1888 78 75 they
1467 1888 42 75 do
1526 1888 55 75 not
1594 1888 90 75 come
1695 1888 42 75 up
1748 1888 50 75 till
1814 1888 97 75 May.
1958 1888 121 75 Before
2095 1888 70 75 that
2181 1888 88 75 time,

1235 1935 54 75 the
1301 1935 104 75 weeds
1422 1935 53 75 are
1485 1935 51 75 far
1547 1935 181 75 advanced;
1747 1935 74 75 and,
1839 1935 31 75 if
1876 1935 78 75 they
1965 1935 39 75 be
2019 1935 57 75 not
2092 1935 167 75 deftroyed

1235 1981 43 75 by
1293 1981 55 75 the
1364 1981 156 75 harrows,
1545 1981 54 75 the
1620 1981 76 75 land
1722 1981 80 75 muft
1824 1981 39 75 be
1889 1981 98 75 hoed.
2043 1981 132 75 Indeed,
2202 1981 56 75 the

1236 2027 153 75 goodnefs
1406 2027 39 75 of
1467 2027 55 75 the
1538 2027 77 75 crop
1636 2027 140 75 depends
1799 2027 35 75 fo
1860 2027 96 75 much
1970 2027 87 75 upon
2072 2027 187 75 preventing

1236 2074 56 75 the
1308 2074 105 75 weeds
1429 2074 86 75 from
1531 2074 127 75 coming
1674 2074 35 75 to
1726 2074 60 75 any
1803 2074 123 75 height,
1952 2074 71 75 that
2039 2074 26 75 it
2081 2074 26 75 is
2124 2074 135 75 necefl’a-

1237 2119 38 75 ry
1291 2119 34 75 to
1344 2119 62 75 hoe
1421 2119 146 75 potatoes
1583 2119 197 75 frequently.
1829 2119 36 75 If
1888 2119 56 75 the
1967 2119 83 75 rows
2065 2119 40 75 be
2121 2119 94 75 wide,
2241 2119 19 75 a

1237 2166 78 75 kind
1332 2166 40 75 of
1381 2166 181 75 breaft-hoe
1580 2166 73 75 may
1671 2166 41 75 be
1727 2166 76 75 ufed
1819 2166 35 75 to
1870 2166 107 75 throw
1993 2166 53 75 the
2063 2166 90 75 earth
2171 2166 18 75 a
2204 2166 54 75 lit-

1238 2212 44 75 tle
1298 2212 42 75 on
1356 2212 78 75 each
1450 2212 76 75 Ade,
1551 2212 44 75 by
1614 2212 104 75 which
1747 2212 26 75 it
1798 2212 66 75 will
1887 2212 39 75 be
1954 2212 103 75 raifed
2084 2212 97 75 about
2203 2212 57 75 the

1237 2259 117 75 plants.

1285 2304 110 75 When
1412 2304 66 75 two
1497 2304 38 75 or
1551 2304 90 75 three
1657 2304 103 75 plants
1778 2304 52 75 are
1853 2304 32 75 in
1908 2304 61 75 one
1992 2304 101 75 piece,
2120 2304 33 75 as
2170 2304 90 75 often

1237 2350 140 75 happens
1399 2350 33 75 in
1453 2350 83 75 light
1563 2350 87 75 land,
1675 2350 77 75 they
1774 2350 110 75 fhould
1907 2350 40 75 be
1964 2350 130 75 cleaned
2109 2350 79 75 with
2205 2350 56 75 tire

1239 2397 85 75 hand
1340 2397 32 75 at
1389 2397 55 75 the
1460 2397 85 75 root,
1571 2397 62 75 and
1648 2397 77 75 only
1748 2397 61 75 one
1833 2397 80 75 ftalk
1935 2397 61 75 left
2012 2397 36 75 to
2064 2397 78 75 each
2158 2397 101 75 plant.

1239 2443 84 75 This
1339 2443 57 75 not
1413 2443 77 75 only
1511 2443 88 75 gives
1627 2443 46 75 air
1699 2443 35 75 to
1758 2443 55 75 the
1830 2443 102 75 roots,
1956 2443 57 75 but
2030 2443 65 75 alfo
2111 2443 150 75 prevents

1240 2489 94 75 much
1352 2489 40 75 of
1406 2489 56 75 the
1478 2489 213 75 nourifhment
1707 2489 83 75 from
1809 2489 96 75 going
1921 2489 68 75 into
2008 2489 56 75 the
2082 2489 107 75 ftalks.

1287 2535 111 75 When
1420 2535 55 75 the
1498 2535 78 75 hulk
1592 2535 70 75 that
1678 2535 143 75 contains
1837 2535 55 75 the
1915 2535 83 75 feed,
2023 2535 38 75 or
2084 2535 55 75 the
2155 2535 104 75 apple,

1242 2582 33 75 as
1290 2582 27 75 it
1328 2582 27 75 is
1367 2582 181 75 commonly
1559 2582 116 75 called,
1692 2582 27 75 is
1736 2582 192 75 completely
1943 2582 138 75 formed,
2097 2582 56 75 the
2165 2582 95 75 ftalks

1241 2628 72 75 may
1330 2628 39 75 be
1385 2628 54 75 cut
1456 2628 94 75 down
1574 2628 63 75 and
1660 2628 93 75 given
1769 2628 36 75 to
1822 2628 97 75 cows.
1967 2628 190 75 Milk-cows
2179 2628 82 75 have

1241 2674 79 75 been
1336 2674 83 75 tried
1435 2674 78 75 with
1529 2674 65 75 this
1610 2674 79 75 food
1702 2674 11 75 ;
1739 2674 76 75 they
1827 2674 52 75 eat
1890 2674 26 75 it
1927 2674 78 75 very
2016 2674 115 75 freely,
2157 2674 63 75 and
2235 2674 37 75 it.

1241 2720 90 75 gives
1349 2720 42 75 no
1406 2720 63 75 bad
1484 2720 122 75 flavour
1621 2720 37 75 to
1672 2720 55 75 the
1740 2720 95 75 milk.

1288 2767 75 75 The
1380 2767 76 75 time
1472 2767 40 75 of
1522 2767 109 75 taking
1643 2767 41 75 up
1696 2767 145 75 potatoes
1857 2767 27 75 is
1901 2767 181 75 commonly
2096 2767 166 75 regulated

1241 2814 43 75 by
1300 2814 56 75 the
1372 2814 137 75 market.
1563 2814 81 75 But,
1674 2814 31 75 if
1726 2814 134 75 nothing
1886 2814 40 75 be
1952 2814 33 75 in
2012 2814 81 75 view
2120 2814 58 75 but
2205 2814 57 75 the

1241 2858 156 75 largenefs
1413 2858 40 75 of
1472 2858 55 75 the
1553 2858 89 75 crop,
1667 2858 77 75 they
1770 2858 100 75 ought
1886 2858 35 75 to
1936 2858 90 75 ftand
2041 2858 50 75 till
2107 2858 154 75 Odtober,

1242 2906 37 75 or
1290 2906 33 75 as
1336 2906 75 75 long
1423 2906 32 75 as
1472 2906 79 75 they
1561 2906 57 75 can
1630 2906 39 75 be
1686 2906 220 75 conveniently
1921 2906 94 75 taken
2032 2906 42 75 up
2085 2906 110 75 before
2205 2906 58 75 the

1241 2952 76 75 froft
1332 2952 62 75 fets
1414 2952 46 75 in.
1514 2952 78 75 The
1608 2952 79 75 moft
1702 2952 200 75 expeditious
1930 2952 134 75 method
2090 2952 40 75 of
2152 2952 119 75 taking,

1241 2999 88 75 them
1356 2999 42 75 up
1420 2999 27 75 is
1472 2999 44 75 by
1534 2999 55 75 the
1616 2999 139 75 plough:
1798 2999 103 75 Eight
1925 2999 37 75 or
1986 2999 73 75 nine
2075 2999 128 75 perfons
2226 2999 36 75 to

2153 3039 110 75 attend
