2406 3327
188 147 52 75 yo

643 147 42 75 A
762 147 40 75 G
827 147 7 75 .
878 147 36 75 R
991 147 17 75 I
1088 147 35 75 C
1202 147 34 75 U

186 214 79 75 with
284 214 19 75 a
320 214 119 75 plough
454 214 72 75 that
540 214 59 75 has
621 214 43 75 no
685 214 219 75 mold-board,
930 214 51 75 for
997 214 56 75 the
1069 214 92 75 horfe
1178 214 35 75 to

188 261 42 75 go
245 261 33 75 in
294 261 71 75 that
380 261 104 75 draws
500 261 55 75 the
571 261 88 75 drill,
683 261 154 75 direfting
852 261 132 75 himfelf
995 261 78 75 with
1090 261 49 75 his
1156 261 60 75 eye

189 307 44 75 by
248 307 55 75 the
325 307 112 75 flakes.

238 355 33 75 8.
295 355 77 75 The
398 355 119 75 flowing
541 355 111 75 fhould
673 355 40 75 be
736 355 129 75 fmifhed
890 355 99 75 about
1014 355 55 75 the
1094 355 64 75 end
1184 355 40 75 of

191 399 201 75 September,
417 399 38 75 or
471 399 172 75 beginning
659 399 39 75 of
717 399 154 75 October.

238 446 33 75 9.
295 446 77 75 The
395 446 136 75 furrows
556 446 80 75 muft
652 446 41 75 be
709 446 109 75 traced
834 446 56 75 the
911 446 76 75 long
1010 446 73 75 way
1104 446 41 75 of
1163 446 55 75 the

189 491 87 75 land,
293 491 72 75 that
377 491 33 75 as
426 491 84 75 little
526 491 127 75 ground
669 491 32 75 as
719 491 125 75 poffible
856 491 73 75 may
945 491 41 75 be
1001 491 59 75 loft
1076 491 32 75 in
1119 491 99 75 head-

190 539 90 75 lands
285 539 8 75 i

242 586 53 75 10.
319 586 77 75 The
418 586 97 75 rows,
539 586 32 75 if
588 586 26 75 it
638 586 58 75 can
719 586 40 75 be
783 586 95 75 done,
904 586 112 75 ftiould
1040 586 57 75 run
1122 586 95 75 down

188 631 63 75 the'
251 631 92 75 flope
359 631 41 75 of
418 631 55 75 the
498 631 88 75 land,
611 631 71 75 that
706 631 56 75 the
786 631 102 75 water
909 631 75 75 may
1007 631 56 75 get
1086 631 55 75 the
1166 631 52 75 ca-

190 677 58 75 ller
261 677 58 75 off.

243 724 52 75 11.
320 724 76 75 The
420 724 194 75 feed-wheat
638 724 79 75 muft
741 724 41 75 be
805 724 140 75 plunged
968 724 68 75 into
1063 724 19 75 a
1104 724 58 75 tub
1184 724 41 75 of

190 768 203 75 lime-water,
411 768 195 75 andftirred,
631 768 70 75 that
717 768 56 75 the
790 768 82 75 light
896 768 76 75 corn
989 768 73 75 may
1078 768 89 75 come
1184 768 35 75 to

190 816 56 75 the
262 816 123 75 furface
403 816 61 75 and
475 816 40 75 be
531 816 153 75 Ikimmcd
699 816 58 75 off.

242 866 54 75 12.
319 866 77 75 The
407 866 74 75 feed
492 866 78 75 muft
587 866 79 75 next
678 866 40 75 be
734 866 112 75 flpread
861 866 42 75 on
920 866 18 75 a
953 866 93 75 floor,
1075 866 62 75 and
1152 866 65 75 fre-

190 908 135 75 quently
340 908 123 75 ftirred,
488 908 51 75 till
559 908 26 75 it
601 908 27 75 is
650 908 61 75 dry
730 908 127 75 enough
873 908 36 75 to
927 908 59 75 run
1005 908 140 75 through
1163 908 56 75 the

190 955 107 75 valves
311 955 40 75 of
370 955 55 75 the
441 955 118 75 happer
576 955 40 75 of
635 955 56 75 the
708 955 87 75 drill.

241 1002 55 75 13.
320 1002 56 75 To
387 1002 132 75 prevent
534 1002 95 75 fmut,
655 1002 56 75 the
727 1002 75 75 feed
820 1002 73 75 may
909 1002 39 75 be
972 1002 57 75 put
1045 1002 69 75 into
1131 1002 18 75 a
1165 1002 53 75 lye

190 1049 40 75 of
248 1049 85 75 alhes
347 1049 63 75 and
425 1049 87 75 lime.

241 1095 54 75 14.
328 1095 99 75 After
450 1095 56 75 the
532 1095 135 75 happers
692 1095 40 75 of
759 1095 56 75 the
843 1095 75 75 drill
946 1095 53 75 are
1027 1095 100 75 filled,
1165 1095 55 75 the

189 1142 92 75 horfe
298 1142 79 75 muft
393 1142 42 75 go
450 1142 109 75 flowly
577 1142 94 75 along
686 1142 55 75 the
766 1142 121 75 furrow
912 1142 70 75 that
1007 1142 64 75 was
1096 1142 122 75 traced.

189 1188 92 75 That
307 1188 18 75 a
348 1188 116 75 proper
492 1188 146 75 quantity
666 1188 39 75 of
724 1188 74 75 feed
819 1188 71 75 may
920 1188 38 75 be
982 1188 98 75 fown,
1106 1188 53 75 the
1188 1188 33 75 a-

190 1235 128 75 perture
346 1235 41 75 of
408 1235 55 75 the
489 1235 120 75 happer
632 1235 79 75 muft
726 1235 159 75 be.fuited
902 1235 35 75 to
954 1235 54 75 the
1035 1235 63 75 fize
1115 1235 39 75 of
1166 1235 55 75 the

190 1281 101 75 grain.

242 1327 54 75 15.
321 1327 49 75 As
393 1327 55 75 the
466 1327 74 75 drill
563 1327 26 75 is
607 1327 120 75 feldom
743 1327 72 75 well
833 1327 154 75 managed
1010 1327 31 75 at
1061 1327 76 75 firft,
1163 1327 55 75 the

189 1373 76 75 field
280 1373 113 75 Ihould
407 1373 40 75 be
464 1373 168 75 examined
649 1373 83 75 after
743 1373 55 75 the
815 1373 77 75 corn
903 1373 57 75 has
977 1373 90 75 come
1084 1373 54 75 up,
1156 1373 63 75 and

191 1420 55 75 the
258 1420 197 75 deficiencies
473 1420 154 75 fupplied.

242 1468 53 75 16.
323 1468 81 75 Stiff
423 1468 89 75 lands
526 1468 69 75 that
612 1468 101 75 retain
724 1468 56 75 the
794 1468 77 75 wet,
896 1468 79 75 muft
995 1468 39 75 be
1052 1468 112 75 ftirred
1181 1468 38 75 or

188 1513 87 75 hoed
286 1513 32 75 in
334 1513 154 75 Offober.
528 1513 85 75 This
625 1513 113 75 Ihould
748 1513 39 75 be
804 1513 83 75 done
902 1513 44 75 by
963 1513 136 75 opening
1116 1513 18 75 a
1151 1513 66 75 fur-

189 1559 68 75 row
272 1559 33 75 in
321 1559 55 75 the
392 1559 119 75 middle
524 1559 40 75 of
582 1559 55 75 the
653 1559 164 75 intervals,
842 1559 64 75 and
917 1559 186 75 afterwards
1117 1559 100 75 filling

189 1604 27 75 it
231 1604 43 75 up
289 1604 45 75 by
351 1604 18 75 a
390 1604 123 75 furrow
528 1604 110 75 drawn
661 1604 41 75 on
725 1604 78 75 each
825 1604 76 75 fide,
925 1604 106 75 which
1055 1604 66 75 will
1138 1604 78 75 raife

190 1652 55 75 the
262 1652 90 75 earth
377 1652 33 75 in
432 1652 56 75 the
512 1652 119 75 middle
648 1652 40 75 of
706 1652 55 75 the
777 1652 163 75 intervals,
967 1652 62 75 and
1044 1652 89 75 leave
1149 1652 66 75 two

191 1697 91 75 fmall
297 1697 136 75 furrows
450 1697 80 75 next
545 1697 56 75 the
618 1697 104 75 rows,,
739 1697 51 75 for
802 1697 146 75 draining
963 1697 51 75 off
1033 1697 56 75 the
1104 1697 112 75 water,

191 1744 106 75 which
313 1744 26 75 is
355 1744 78 75 very
445 1744 124 75 hurtful
582 1744 34 75 to
633 1744 104 75 wheat
754 1744 32 75 in
798 1744 126 75 winter.

244 1789 53 75 17.
321 1789 77 75 The
414 1789 80 75 next
508 1789 124 75 ftirring
648 1789 80 75 muft
744 1789 39 75 be
799 1789 93 75 given
908 1789 97 75 about
1025 1789 56 75 the
1103 1789 63 75 end
1182 1789 40 75 of

191 1836 131 75 March,
346 1836 79 75 with
443 1836 18 75 a
476 1836 81 75 light
574 1836 132 75 plough.
754 1836 40 75 In
815 1836 64 75 this
905 1836 137 75 ftirring,
1068 1836 56 75 the
1146 1836 68 75 fur-

190 1883 85 75 rows
292 1883 92 75 made
400 1883 36 75 to
452 1883 90 75 drain
558 1883 55 75 the
630 1883 82 75 rows
729 1883 79 75 muft
825 1883 39 75 be
889 1883 88 75 filled
1000 1883 43 75 up
1066 1883 44 75 by
1125 1883 90 75 earth

193 1930 85 75 from
293 1930 55 75 the
360 1930 119 75 middle
496 1930 39 75 of
554 1930 55 75 the
621 1930 163 75 intervals.

603 2116 32 75 A
683 2116 35 75 G
767 2116 33 75 R

196 2207 324 75 AGRIFOLIUM,
546 2207 32 75 in
594 2207 131 75 botany.
775 2207 62 75 See
852 2207 271 75 Aquifolium.

195 2253 301 75 AGRIMONIA,
528 2253 234 75 Agrimony,
796 2253 32 75 in
852 2253 132 75 botany,
1018 2253 18 75 a
1059 2253 98 75 genus
1185 2253 41 75 of

244 2300 55 75 the
315 2300 350 75 dodecandriadigynia
681 2300 90 75 clafs.
810 2300 113 75 There
935 2300 53 75 are
1000 2300 89 75 three
1104 2300 117 75 fpecies

246 2346 39 75 of
304 2346 65 75 this
395 2346 111 75 genus,
532 2346 68 75 viz.
626 2346 55 75 the
703 2346 177 75 eupatoria,
904 2346 123 75 repens,
1053 2346 63 75 and
1139 2346 82 75 agri-

242 2392 185 75 monoides;
454 2392 39 75 of
512 2392 104 75 which
633 2392 55 75 the
711 2392 164 75 eupatoria
896 2392 76 75 only
987 2392 27 75 is
1032 2392 18 75 a
1065 2392 104 75 native
1185 2392 41 75 of

244 2437 139 75 Britain.
429 2437 78 75 The
523 2437 84 75 calix
624 2437 40 75 of
682 2437 56 75 the
762 2437 165 75 eupatoria
949 2437 27 75 is
1002 2437 218 75 quinqueden-

244 2483 112 75 tated;
382 2483 27 75 it
421 2483 59 75 has
496 2483 61 75 five
574 2483 112 75 petals,
712 2483 62 75 and
790 2483 66 75 two
870 2483 88 75 feeds
975 2483 31 75 in
1022 2483 57 75 the
1095 2483 126 75 bottom

244 2530 41 75 of
302 2530 56 75 the
381 2530 99 75 calix.
527 2530 34 75 It
576 2530 27 75 is
620 2530 66 75 faid
701 2530 35 75 to
752 2530 40 75 be
809 2530 86 75 good
915 2530 34 75 in
965 2530 205 75 obftru&ions
1186 2530 41 75 of

246 2577 54 75 the
316 2577 93 75 liver,
435 2577 64 75 &c.

199 2623 394 75 AGRIMONOIDES,
618 2623 32 75 in
666 2623 133 75 botany,
822 2623 56 75 the
901 2623 106 75 trivial
1032 2623 91 75 name
1144 2623 41 75 of
1203 2623 19 75 a

248 2669 114 75 fpecies
379 2669 39 75 of
437 2669 54 75 the
508 2669 185 75 agrimonia.

201 2715 277 75 AGRIMONY.
528 2715 61 75 See
605 2715 252 75 Agrimonia.

201 2760 105 75 iAw/i
322 2760 236 75 Agrimony.
607 2760 64 75 See
685 2760 281 75 Eupatorium.

201 2806 461 75 Water-hemp-Agrimony.
712 2806 62 75 See
790 2806 161 75 Bidens.

201 2853 354 75 AGRIOCINARA,
579 2853 32 75 in
626 2853 134 75 botany.
810 2853 61 75 See
888 2853 167 75 Cinara.

200 2901 224 75 AGRIPPA,
448 2901 32 75 in
505 2901 189 75 midwifery,
720 2901 18 75 a
762 2901 79 75 term
866 2901 126 75 applied
1016 2901 34 75 to
1075 2901 144 75 children

249 2946 138 75 brought
408 2946 90 75 forth
521 2946 78 75 with
622 2946 84 75 their
730 2946 66 75 feet
817 2946 162 75 foremoft.
1030 2946 61 75 See
1115 2946 104 75 Mid-

250 2995 163 75 wifery.

1238 136 7 49 r
1323 154 35 75 L
1433 154 38 75 T
1550 154 44 75 U
1673 154 35 75 R
1786 154 47 75 E.

1314 217 54 75 18.
1395 217 98 75 Some
1517 217 77 75 time
1619 217 33 75 in
1676 217 95 75 May,
1802 217 57 75 the
1884 217 84 75 rows
1994 217 79 75 muft
2095 217 41 75 be
2161 217 134 75 evened,

1263 261 118 75 which,
1405 261 127 75 though
1556 261 211 75 troublefome
1792 261 34 75 at
1849 261 77 75 firft,
1951 261 77 75 foon
2045 261 149 75 becomes
2209 261 86 75 eafy,

1266 308 33 75 as
1316 308 56 75 the
1388 308 106 75 weeds
1512 308 53 75 are
1580 308 77 75 foon
1674 308 76 75 kept
1766 308 102 75 under
1883 308 46 75 by
1945 308 123 75 tillage.

1319 354 52 75 19.
1397 354 38 75 In
1454 354 95 75 June,
1570 354 64 75 juft
1650 354 111 75 before
1781 354 56 75 the
1856 354 108 75 wheat
1980 354 26 75 is
2023 354 32 75 in
2072 354 122 75 bloom,
2219 354 76 75 ano-

1267 400 73 75 ther
1364 400 124 75 ftirring
1511 400 80 75 muft
1614 400 41 75 be
1678 400 94 75 given
1794 400 81 75 with
1899 400 55 75 the
1978 400 132 75 plough.
2158 400 34 75 A
2215 400 81 75 deep

1266 447 121 75 furrow
1399 447 80 75 muft
1494 447 41 75 be
1551 447 93 75 made
1660 447 32 75 in
1708 447 55 75 the
1779 447 119 75 middle
1915 447 40 75 of
1973 447 55 75 the
2044 447 164 75 intervals,
2234 447 64 75 and

1266 493 55 75 the
1338 493 91 75 earth
1442 493 127 75 thrown
1583 493 84 75 upon
1683 493 56 75 the
1755 493 137 75 fides.of
1911 493 55 75 the
1983 493 96 75 rows.

1314 540 56 75 20.
1395 540 111 75 When
1518 540 55 75 the
1585 540 105 75 wheat
1701 540 26 75 is
1741 540 79 75 ripe,
1836 540 172 75 particular
2020 540 72 75 care
2104 540 79 75 moft
2195 540 39 75 be
2247 540 48 75 ta-

1265 585 62 75 ken
1350 585 35 75 in
1399 585 130 75 reaping
1544 585 39 75 it,
1608 585 35 75 to
1661 585 134 75 trample
1812 585 34 75 as
1861 585 86 75 little
1964 585 33 75 as
2015 585 126 75 poflible
2168 585 43 75 on
2238 585 55 75 the

1267 631 161 75 ploughed
1443 631 89 75 land.

1315 680 56 75 21.
1398 680 88 75 Soon
1503 680 82 75 after
1603 680 55 75 the
1675 680 106 75 wheat
1797 680 27 75 is
1841 680 125 75 carried
1982 680 51 75 off
2052 680 55 75 the
2123 680 87 75 field,
2240 680 55 75 the

1247 725 5 75 .
1265 725 151 75 intervals
1440 725 80 75 muft
1543 725 45 75 be
1600 725 114 75 turned
1730 725 42 75 up
1788 725 80 75 with
1884 725 55 75 the
1956 725 132 75 plough,
2114 725 34 75 to
2164 725 131 75 prepare

1267 770 87 75 them
1377 770 52 75 for
1450 770 57 75 the
1534 770 85 75 feed.
1674 770 78 75 The
1778 770 89 75 great
1892 770 122 75 furrow
2038 770 32 75 in
2095 770 56 75 the
2174 770 121 75 middle

1252 816 94 75 ..muft
1369 816 57 75 not
1442 816 77 75 only
1535 816 39 75 be
1592 816 99 75 filled,
1716 816 59 75 but
1791 816 55 75 the
1862 816 92 75 earth
1975 816 102 75 raifed
2092 816 33 75 as
2149 816 95 75 much
2261 816 34 75 as

1267 862 126 75 poflible
1409 862 32 75 in
1458 862 55 75 the
1530 862 119 75 middle
1665 862 41 75 of
1724 862 55 75 the
1790 862 165 75 intervals.

1316 911 56 75 22.
1398 911 38 75 In
1455 911 200 75 September,
1681 911 56 75 the
1752 911 76 75 land
1842 911 82 75 muft
1941 911 38 75 be
1992 911 91 75 again
2095 911 106 75 fowed
2215 911 80 75 with

1269 955 18 75 a
1302 955 87 75 drill,
1410 955 34 75 as
1462 955 99 75 above
1577 955 152 75 directed.

1315 1003 56 75 23.
1398 1003 37 75 In
1461 1003 154 75 Odober,
1649 1003 55 75 the
1728 1003 121 75 ftubble
1877 1003 79 75 muft
1983 1003 41 75 be
2047 1003 116 75 turned
2187 1003 32 75 in
2243 1003 52 75 for

1267 1046 139 75 forming
1431 1046 55 75 the
1508 1046 71 75 new
1601 1046 172 75 intervals;
1806 1046 63 75 and
1889 1046 57 75 the
1969 1046 83 75 fame
2076 1046 219 75 management

1269 1093 79 75 muft
1364 1093 40 75 be
1420 1093 153 75 obferved
1589 1093 33 75 as
1639 1093 141 75 direded
1795 1093 32 75 in
1839 1093 55 75 the
1910 1093 64 75 firft
1990 1093 88 75 year.

1315 1140 67 75 We
1399 1140 132 75 pretend
1546 1140 57 75 not
1619 1140 35 75 to
1668 1140 177 75 determine
1867 1140 146 75 whether
2029 1140 55 75 the
2098 1140 59 75 old
2172 1140 37 75 or
2225 1140 70 75 new

1268 1186 181 75 hufbandry
1464 1186 40 75 be
1521 1186 174 75 preferable
1711 1186 30 75 in
1759 1186 96 75 every
1871 1186 148 75 country.

1317 1231 95 75 With
1428 1231 116 75 regard
1565 1231 36 75 to
1623 1231 64 75 this
1712 1231 101 75 point,
1841 1231 57 75 the
1914 1231 138 75 climate,
2077 1231 55 75 the
2148 1231 145 75 fituatibn

1268 1278 39 75 of
1325 1278 171 75 particular
1510 1278 88 75 land,
1624 1278 67 75 fltill
1717 1278 63 75 and
1799 1278 167 75 dexterity
1988 1278 33 75 in
2046 1278 166 75 managing
2237 1278 56 75 the

1267 1325 194 75 machinery,
1486 1325 56 75 the
1555 1325 212 75 comparative
1779 1325 139 75 expeuce
1930 1325 32 75 in
1974 1325 111 75 raifing
2102 1325 105 75 crops,
2232 1325 63 75 and

1267 1370 93 75 many
1384 1370 93 75 other
1500 1370 250 75 circumftances,
1775 1370 79 75 muft
1878 1370 40 75 be
1941 1370 180 75 accurately
2144 1370 151 75 attended

1267 1417 33 75 to
1316 1417 110 75 before
1442 1417 18 75 a
1484 1417 245 75 determination
1753 1417 58 75 can
1834 1417 40 75 be
1896 1417 105 75 given.
2050 1417 74 75 One
2146 1417 147 75 obferva-

1266 1464 82 75 tion,
1373 1464 161 75 however,
1560 1464 74 75 may
1648 1464 40 75 be
1704 1464 92 75 made
1812 1464 32 75 in
1861 1464 115 75 favour
1990 1464 40 75 of
2048 1464 56 75 the
2126 1464 69 75 new
2220 1464 72 75 huf-

1266 1510 122 75 bandry
1399 1510 204 75 :Though
1627 1510 56 75 the
1706 1510 171 75 particular
1904 1510 110 75 modes
2043 1510 40 75 of
2105 1510 187 75 cultivating

1264 1557 75 75 land
1355 1557 43 75 by
1412 1557 27 75 it
1456 1557 53 75 are
1525 1557 134 75 perhaps
1679 1557 56 75 too
1751 1557 127 75 limited
1899 1557 36 75 to
1959 1557 40 75 be
2023 1557 191 75 univerfally
2236 1557 56 75 ad-

1264 1603 97 75 opted
1372 1603 9 75 ;
1408 1603 56 75 yet
1478 1603 26 75 it
1520 1603 58 75 has
1595 1603 78 75 been
1690 1603 40 75 of
1749 1603 89 75 great
1861 1603 53 75 ufe
1938 1603 32 75 in
1995 1603 111 75 raifing
2121 1603 171 75 fufpicions

1265 1649 189 75 concerning
1477 1649 54 75 the
1547 1649 56 75 old
1618 1649 145 75 method,
1789 1649 62 75 and
1866 1649 32 75 in
1914 1649 130 75 turning
2065 1649 57 75 the
2142 1649 97 75 views
2257 1649 40 75 of

1265 1695 216 75 philofophers
1506 1695 61 75 and
1589 1695 132 75 farmers
1745 1695 139 75 towards
1901 1695 178 75 improving
2101 1695 33 75 in
2150 1695 141 75 general.

1266 1741 104 75 Many
1394 1741 66 75 real
1488 1741 245 75 improvements
1757 1741 33 75 in
1815 1741 191 75 agriculture
2030 1741 81 75 have
2134 1741 78 75 been
2236 1741 56 75 the

1265 1787 229 75 confequences
1520 1787 39 75 of
1579 1787 87 75 thefe
1690 1787 191 75 fufpicions;
1909 1787 62 75 and
1995 1787 33 75 as
2052 1787 65 75 this
2141 1787 89 75 fpirit
2257 1787 41 75 of

1264 1832 127 75 inquiry
1414 1832 134 75 remains
1566 1832 31 75 in
1621 1832 60 75 full
1705 1832 125 75 vigour,
1855 1832 207 75 particularly
2084 1832 31 75 in
2139 1832 58 75 our
2220 1832 71 75 own

1264 1878 147 75 country,
1437 1878 19 75 a
1470 1878 81 75 folid
1567 1878 187 75 foundation
1771 1878 26 75 is
1810 1878 66 75 laid
1895 1878 51 75 for
1963 1878 167 75 expedting
2147 1878 60 75 ftill
2222 1878 68 75 fur-

1265 1927 71 75 ther
1351 1927 245 75 improvements
1620 1927 33 75 in
1680 1927 63 75 this
1761 1927 99 75 ufeful
1877 1927 62 75 art.

1678 2108 33 75 A
1758 2108 34 75 G
1841 2108 33 75 R

1267 2204 213 75 AGRIUM,
1504 2204 32 75 in
1552 2204 67 75 nat.
1636 2204 74 75 hift.
1761 2204 62 75 See
1838 2204 190 75 Natrum.

1267 2251 193 75 AGROM,
1485 2251 56 75 the
1558 2251 90 75 name
1664 2251 40 75 of
1723 2251 19 75 a
1757 2251 116 75 difeafe
1888 2251 141 75 incident
2047 2251 35 75 to
2098 2251 55 75 the
2169 2251 122 75 inhabi-

1317 2296 84 75 tants
1414 2296 40 75 of
1471 2296 55 75 the
1542 2296 213 75 Eaft-Indies,
1781 2296 43 75 by
1839 2296 105 75 which
1962 2296 84 75 their
2062 2296 134 75 tongues
2213 2296 80 75 chap

1317 2342 61 75 and
1391 2342 106 75 cleave
1508 2342 33 75 in
1557 2342 151 75 different
1723 2342 119 75 places.

1267 2388 265 75 AGROPOLI,
1557 2388 19 75 a
1591 2388 88 75 fmall
1696 2388 86 75 town
1798 2388 34 75 in
1848 2388 55 75 the
1922 2388 153 75 kingdom
2098 2388 41 75 of
2156 2388 136 75 Naples,

1315 2434 62 75 and
1392 2434 150 75 province
1558 2434 40 75 of
1617 2434 55 75 the
1689 2434 118 75 Hither
1824 2434 197 75 Principato.

1269 2479 362 75 AGROSTEMMA,
1657 2479 37 75 or
1710 2479 172 75 Cockle,
1908 2479 31 75 in
1956 2479 132 75 botany,
2114 2479 18 75 a
2144 2479 97 75 genus
2258 2479 41 75 of

1315 2527 55 75 the
1394 2527 170 75 decandria
1585 2527 191 75 pentagynia
1799 2527 90 75 clafs.
1936 2527 77 75 The
2038 2527 84 75 calix
2138 2527 26 75 is
2181 2527 111 75 mono-

1315 2572 149 75 phyllous
1479 2572 10 75 ;
1523 2572 54 75 the
1602 2572 100 75 petals
1732 2572 52 75 are
1808 2572 73 75 five,
1912 2572 62 75 and
1996 2572 194 75 ungulated;
2231 2572 63 75 and

1316 2620 54 75 the
1398 2620 123 75 capfule
1548 2620 203 75 one-valved.
1798 2620 112 75 There
1934 2620 53 75 are
2012 2620 74 75 four
2112 2620 117 75 fpecies
2257 2620 40 75 of

1316 2666 54 75 the
1394 2666 217 75 agroftemma,
1642 2666 70 75 viz.
1737 2666 55 75 the
1817 2666 142 75 githago,
1991 2666 19 75 a
2032 2666 105 75 native
2160 2666 40 75 of
2218 2666 74 75 Bri-

1316 2711 86 75 tain;
1428 2711 55 75 the
1500 2711 154 75 coolirofa,
1679 2711 19 75 a
1713 2711 106 75 native
1836 2711 40 75 of
1895 2711 122 75 Sicily;
2043 2711 55 75 the
2115 2711 175 75 coronaiia,

1316 2758 17 75 a
1350 2758 104 75 native
1470 2758 40 75 of
1520 2758 105 75 Italy;
1651 2758 62 75 and
1725 2758 54 75 the
1796 2758 58 75 flos
1866 2758 104 75 Jovis,
1989 2758 20 75 a
2018 2758 105 75 native
2139 2758 40 75 of
2192 2758 97 75 Swit-

1316 2802 142 75 zerland.

1268 2849 256 75 AGROSTIS,
1557 2849 191 75 bent-grofs,
1778 2849 31 75 in
1838 2849 131 75 botany,
2002 2849 19 75 a
2047 2849 98 75 genus
2173 2849 39 75 of
2234 2849 55 75 the

1315 2894 152 75 triandria
1491 2894 130 75 digynia
1645 2894 89 75 clafs.
1790 2894 76 75 The
1886 2894 85 75 calix
1997 2894 58 75 has
2079 2894 67 75 two
2171 2894 117 75 valves,

1315 2940 188 75 terminated
1514 2940 43 75 by
1570 2940 19 75 a
1599 2940 98 75 beard
1709 2940 37 75 or
1758 2940 72 75 aun.
1863 2940 112 75 There
1988 2940 52 75 are
2052 2940 109 75 fifteen
2173 2940 116 75 fpecies

1315 2989 40 75 of
1371 2989 54 75 the
1438 2989 141 75 anroftis,
1605 2989 87 75 eight
1711 2989 40 75 of
1764 2989 105 75 which
1886 2989 52 75 are
1963 2989 120 75 natives
2101 2989 39 75 of
2150 2989 137 75 Britain.

2111 3026 177 75 AGROS-
