2477 3395
531 160 34 75 B
623 160 38 75 R
721 160 39 75 O

1093 160 20 75 (
1173 160 77 75 681

206 235 60 75 dry
290 235 100 75 them*
417 235 62 75 and
505 235 109 75 pound
640 235 87 75 them
744 235 35 75 to
796 235 141 75 powder,
965 235 61 75 and
1043 235 72 75 give
1130 235 56 75 the

206 281 91 75 horfe
314 281 65 75 two
395 281 37 75 or
448 281 90 75 three
555 281 162 75 fpoonfuls
734 281 39 75 of
785 281 23 75 it
826 281 32 75 in
875 281 18 75 a
915 281 68 75 pint
999 281 40 75 of
1051 281 80 75 wine
1148 281 39 75 or

204 326 105 75 ftrong
326 326 48 75 ale
388 326 9 75 ;
424 326 77 75 then
531 326 67 75 mix
627 326 55 75 the
700 326 59 75 reft
775 326 78 75 with
871 326 184 75 anife-feed,
1080 326 105 75 liquo-

205 373 76 75 rice,
308 373 62 75 and
397 373 96 75 fweet
520 373 119 75 butter,
665 373 39 75 of
719 373 105 75 which
847 373 92 75 make
963 373 104 75 round
1091 373 92 75 balls,

205 419 37 75 or
264 419 84 75 pills,
374 419 61 75 and
463 419 70 75 give
557 419 67 75 him
651 419 66 75 two
744 419 36 75 or
808 419 90 75 there
925 419 40 75 of
987 419 88 75 them
1102 419 83 75 after

204 465 106 75 drink,
335 465 62 75 and
412 465 45 75 let
473 465 64 75 him
556 465 57 75 fall;
630 465 65 75 two
717 465 37 75 or
774 465 90 75 three
883 465 112 75 hours.

157 512 210 75 BROKER,
392 512 19 75 a
427 512 89 75 name
534 512 91 75 given
642 512 34 75 to
693 512 126 75 perfons
836 512 40 75 of
886 512 119 75 feveral
1028 512 62 75 and
1106 512 79 75 very

203 557 149 75 different
368 557 194 75 profeflions,
587 557 55 75 the
661 557 90 75 chief
762 557 39 75 of
813 557 104 75 which
935 557 53 75 are
1004 557 180 75 exchange-

203 603 144 75 brokers,
381 603 248 75 Itock-brokers,
662 603 252 75 pawn-brokers,
947 603 62 75 and
1039 603 145 75 brokers,

204 651 108 75 {imply
329 651 33 75 fo
378 651 115 75 called,
518 651 73 75 who
610 651 56 75 fell
682 651 362 75 houfehold-furniture,
1062 651 61 75 and
1138 651 46 75 fe-

205 696 183 75 cond-hand
404 696 139 75 apparel.

841 696 21 75 v

156 743 267 75 Exchange-^ro
431 743 44 75 ke
483 743 41 75 as
549 743 52 75 are
614 743 18 75 a
648 743 77 75 kind
736 743 40 75 of
788 743 121 75 agents,
926 743 38 75 or
975 743 208 75 negotiators,

203 788 73 75 who
292 788 155 75 contrive,
471 788 146 75 propofe,
635 788 62 75 and
712 788 153 75 conclude
877 788 146 75 bargains
1041 788 144 75 between

204 834 192 75 merchants,
421 834 60 75 and
500 834 142 75 between
660 834 178 75 merchants
857 834 60 75 and
935 834 188 75 tradefmen,
1153 834 32 75 in

203 880 131 75 matters
365 880 40 75 of
426 880 73 75 bills
530 880 40 75 of
597 880 177 75 exchange,
814 880 39 75 or
880 880 229 75 merchandife,
1134 880 53 75 for

201 901 5 104 ■
206 927 100 75 which
323 927 76 75 they
415 927 80 75 have
511 927 34 75 fo
561 927 94 75 much
672 927 204 75 commiflion.
925 927 120 75 Thefe,
1072 927 42 75 by
1130 927 57 75 the

201 973 113 75 ftatute
331 973 39 75 of
385 973 20 75 8
423 973 63 75 and
503 973 21 75 9
539 973 151 75 William
707 973 66 75 III.
799 973 53 75 are
876 973 35 75 to
937 973 38 75 be
999 973 138 75 licenfed
1153 973 32 75 in

201 1019 140 75 London
353 1019 43 75 by
411 1019 55 75 the
483 1019 93 75 Lord
591 1019 133 75 Mayor,
749 1019 73 75 who
836 1019 87 75 gives
939 1019 87 75 them
1045 1019 37 75 an
1095 1019 89 75 oath,

202 1066 63 75 and
280 1066 89 75 takes
385 1066 88 75 bond
488 1066 51 75 for
555 1066 56 75 the
627 1066 130 75 faithful
773 1066 171 75 execution
961 1066 40 75 of
1016 1066 81 75 their
1113 1066 70 75 offi-

202 1112 65 75 ces.
316 1112 37 75 If
365 1112 62 75 any
442 1112 110 75 perfon
573 1112 76 75 ftall
667 1112 48 75 a<ft
735 1112 34 75 as
786 1112 127 75 broker,
940 1112 134 75 without
1091 1112 94 75 being

202 1158 74 75 thus
294 1158 135 75 licenfed
447 1158 61 75 and
525 1158 168 75 admitted,
718 1158 41 75 he
775 1158 76 75 ffiall
868 1158 110 75 forfeit
995 1158 54 75 the
1066 1158 67 75 fum
1149 1158 42 75 of

206 1206 102 75 5001.
333 1206 63 75 and
411 1206 127 75 perfons
554 1206 183 75 employing
748 1206 66 75 him
834 1206 50 75 51.
910 1206 61 75 and
988 1206 131 75 brokers
1132 1206 54 75 are

206 1250 34 75 to
259 1250 128 75 regifter
403 1250 169 75 contracts,
592 1250 64 75 fee.
682 1250 100 75 under
797 1250 55 75 the
868 1250 65 75 like
950 1250 146 75 penalty:
1124 1250 61 75 Al-

201 1297 35 75 fo
252 1297 131 75 brokers
400 1297 75 75 ffiall
493 1297 56 75 not
564 1297 71 75 deal
644 1297 55 75 for
713 1297 199 75 themfelves,
930 1297 41 75 on
988 1297 71 75 pain
1072 1297 39 75 of
1118 1297 65 75 for-

202 1343 113 75 feiting
333 1343 66 75 200
412 1343 23 75 1.
484 1343 99 75 They
600 1343 52 75 are
669 1343 35 75 to
722 1343 92 75 carry
831 1343 97 75 about
952 1343 80 75 with
1055 1343 88 75 them
1168 1343 17 75 a

207 1388 89 75 filver
312 1388 118 75 medal,
455 1388 118 75 having
589 1388 56 75 the
663 1388 105 75 king’s
785 1388 95 75 arms,
906 1388 62 75 and
984 1388 55 75 the
1056 1388 82 75 arms
1152 1388 39 75 of

209 1434 56 75 the
277 1434 79 75 city,
369 1434 62 75 and
443 1434 60 75 pay
512 1434 74 75 40s.
599 1434 19 75 a
628 1434 76 75 year
716 1434 35 75 to
763 1434 55 75 the
830 1434 150 75 chamber
992 1434 39 75 of
1037 1434 56 75 the
1106 1434 77 75 city.

249 1480 77 75 The
358 1480 162 75 exchange
536 1480 134 75 brokers
702 1480 93 75 make
822 1480 27 75 it
876 1480 84 75 their
988 1480 134 75 bufinefs
1151 1480 35 75 to

204 1526 96 75 know
315 1526 55 75 the
388 1526 169 75 alteration
582 1526 39 75 of
639 1526 55 75 the
710 1526 109 75 courfe
835 1526 39 75 of
885 1526 176 75 exchange,
1086 1526 35 75 to
1137 1526 47 75 in-

203 1572 84 75 form
305 1572 179 75 merchants
511 1572 75 75 how
606 1572 26 75 it
659 1572 89 75 goes,
774 1572 60 75 and
862 1572 35 75 to
925 1572 71 75 give
1024 1572 106 75 notice
1149 1572 37 75 to

203 1620 91 75 thofe
314 1620 73 75 who
403 1620 81 75 have
501 1620 114 75 money
630 1620 35 75 to
681 1620 123 75 receive
831 1620 37 75 or
892 1620 60 75 pay
969 1620 126 75 beyond
1111 1620 50 75 fea
1173 1620 10 75 ;

204 1665 77 75 they
301 1665 58 75 -are
383 1665 55 75 the
462 1665 114 75 proper
600 1665 127 75 perfons
749 1665 50 75 for
821 1665 197 75 negotiating
1040 1665 56 75 the
1127 1665 56 75 ex-

207 1711 132 75 change,
365 1711 62 75 and
443 1711 91 75 when
552 1711 55 75 the
624 1711 116 75 matter
754 1711 28 75 is
798 1711 240 75 accompliffied,
1064 1711 70 75 that
1146 1711 39 75 is,

210 1756 91 75 when
318 1756 54 75 the
389 1756 116 75 money
521 1756 52 75 for
591 1756 56 75 the
663 1756 57 75 bill
746 1756 27 75 is
797 1756 86 75 paid,
908 1756 63 75 and
987 1756 54 75 the
1058 1756 56 75 bill
1131 1756 56 75 de-

207 1803 133 75 livered,
359 1803 77 75 they
451 1803 81 75 have
544 1803 52 75 for
612 1803 175 75 brokerage
799 1803 19 75 2
829 1803 28 75 s.
875 1803 51 75 for
936 1803 97 75 100I.
1047 1803 139 75 fterling.

252 1849 98 75 They
366 1849 117 75 reckon
497 1849 33 75 at
545 1849 105 75 Paris,
668 1849 116 75 among
804 1849 56 75 the
877 1849 219 75 city-officers,
1115 1849 73 75 who

206 1895 53 75 are
275 1895 167 75 employed
459 1895 101 75 under
587 1895 56 75 the
655 1895 197 75 jurifdidlion
868 1895 39 75 of
928 1895 54 75 the
999 1895 126 75 provoft
1152 1895 41 75 of

205 1941 55 75 the
279 1941 192 75 merchants,
498 1941 62 75 and
576 1941 145 75 echevins
738 1941 37 75 or
793 1941 173 75 aldermen,
992 1941 91 75 three
1107 1941 80 75 forts

204 1988 40 75 of
260 1988 146 75 brokers.

255 2035 30 75 1.
309 2035 77 75 The
403 2035 130 75 brokers
550 2035 40 75 of
601 2035 108 75 horfes
728 2035 51 75 for
795 2035 55 75 the
875 2035 142 75 carriage
1042 2035 40 75 of
1103 2035 83 75 mer-

208 2080 147 75 chandife
378 2080 45 75 by
446 2080 99 75 water
592 2080 78 75 they
694 2080 54 75 are
764 2080 183 75 eftabliffied
961 2080 53 75 for
1029 2080 56 75 the
1101 2080 87 75 navi-

205 2124 121 75 gation,
353 2124 61 75 and
430 2124 74 75 take
521 2124 71 75 care
620 2124 36 75 to
683 2124 146 75 examine
856 2124 55 75 the
935 2124 108 75 horfes
1060 2124 76 75 ufed
1152 2124 35 75 to

200 2170 92 75 draw
307 2170 55 75 the
379 2170 91 75 boats
486 2170 43 75 up
546 2170 54 75 the
617 2170 104 75 river;
749 2170 35 75 to
813 2170 47 75 fet
893 2170 55 75 the
972 2170 107 75 horfes
1096 2170 90 75 toge-

204 2215 84 75 ther,
313 2215 35 75 to
364 2215 106 75 oblige
486 2215 56 75 the
558 2215 134 75 carriers
707 2215 37 75 to
760 2215 103 75 repair
878 2215 83 75 their
976 2215 106 75 boats,
1099 2215 37 75 or
1153 2215 35 75 to

205 2263 98 75 break
318 2263 76 75 fuch
412 2263 33 75 as
461 2263 53 75 are
531 2263 41 75 no
587 2263 113 75 longer
716 2263 37 75 fit
769 2263 34 75 to
820 2263 101 75 ferve.

255 2310 30 75 2.
313 2310 114 75 Sworn
455 2310 233 75 wine-brokers
706 2310 42 75 on
770 2310 57 75 the
854 2310 92 75 keys,
979 2310 36 75 to
1041 2310 147 75 examine

204 2354 62 75 and
283 2354 76 75 tafte
375 2354 41 75 all
434 2354 55 75 the
514 2354 80 75 wine
618 2354 69 75 that
712 2354 117 75 arrives
846 2354 104 75 there.

254 2402 32 75 3.
310 2402 142 75 Brokers
468 2402 40 75 of
518 2402 101 75 bacon
637 2402 62 75 and
710 2402 82 75 lard.
840 2402 109 75 Thefe
961 2402 54 75 are
1026 2402 157 75 eftabliffi-

205 2446 38 75 ed
262 2446 34 75 to
313 2446 145 75 examine
475 2446 91 75 thofe
582 2446 81 75 forts
680 2446 40 75 of
731 2446 244 75 merchandifes,
993 2446 33 75 as
1043 2446 78 75 they
1134 2446 53 75 are

202 2493 116 75 landed
333 2493 38 75 or
388 2493 169 75 unloaded,
582 2493 61 75 and
663 2493 35 75 to
721 2493 119 75 anfwer
863 2493 51 75 for
929 2493 85 75 their
1029 2493 155 75 goodnefs

203 2538 34 75 to
266 2538 56 75 the
337 2538 112 75 buyer,
474 2538 63 75 and
563 2538 36 75 to
624 2538 56 75 the
706 2538 105 75 feller,
835 2538 52 75 for
903 2538 56 75 the
975 2538 85 75 price
1077 2538 40 75 of
1134 2538 49 75 his

204 2585 113 75 wares.

156 2632 307 75 5/ecf-BROKERS,
489 2632 53 75 are
569 2632 90 75 thofe
683 2632 74 75 who
782 2632 53 75 are
862 2632 168 75 employed
1056 2632 36 75 to
1119 2632 66 75 buy

202 2676 62 75 and
280 2676 55 75 fell
351 2676 102 75 ffiares
469 2676 33 75 in
518 2676 55 75 the
580 2676 85 75 joint
680 2676 139 75 ftockof
831 2676 19 75 a
865 2676 166 75 company,
1057 2676 37 75 or
1112 2676 70 75 cor-

202 2724 157 75 poration.

249 2770 47 75 As
314 2770 56 75 the
385 2770 135 75 pradlice
531 2770 40 75 of
582 2770 235 75 ftock-jobbing
832 2770 57 75 has
905 2770 80 75 been
1001 2770 123 75 carried
1140 2770 42 75 on

201 2816 34 75 to
251 2816 75 75 fuch
343 2816 38 75 an
398 2816 107 75 excefs
521 2816 33 75 as
571 2816 128 75 became
711 2816 57 75 not
785 2816 76 75 only
874 2816 128 75 ruinous
1014 2816 35 75 to
1062 2816 19 75 a
1092 2816 90 75 great

200 2862 132 75 number
351 2862 41 75 of
405 2862 122 75 private
551 2862 145 75 families,
722 2862 59 75 but
806 2862 78 75 even
913 2862 146 75 affedfed,
1084 2862 37 75 or
1148 2862 34 75 at

200 2908 75 75 leaft
291 2908 102 75 might
409 2908 75 75 foon
501 2908 105 75 afFedt,
633 2908 54 75 the
700 2908 106 75 public
819 2908 158 75 credit.of
988 2908 55 75 the
1059 2908 122 75 nation,

200 2954 54 75 the
270 2954 177 75 legiftature
467 2954 137 75 thought
621 2954 36 75 fit
681 2954 35 75 to
744 2954 56 75 put
828 2954 21 75 a
871 2954 68 75 flop
964 2954 34 75 to
1025 2954 38 75 it,
1089 2954 37 75 or
1148 2954 34 75 at

251 3003 95 75 Von.
372 3003 30 75 I.
451 3003 124 75 Numb.
595 3003 57 75 29.

1112 3003 19 75 3

1315 151 18 75 )

1660 151 37 75 B
1757 151 36 75 R
1854 151 39 75 O

1279 219 76 75 leaft
1378 219 35 75 to
1437 219 94 75 bring
1554 219 26 75 it
1604 219 135 75 withing
1765 219 121 75 certain
1917 219 139 75 bounds,
2081 219 63 75 and
2166 219 99 75 under

1281 266 84 75 fome
1382 266 190 75 regulation,
1591 266 44 75 by
1650 266 116 75 ftatute
1777 266 18 75 7
1810 266 132 75 George
1951 266 48 75 II.
2018 266 30 75 c.
2061 266 66 75 viii.
2141 266 74 75 fedt.
2233 266 31 75 1.

1233 312 324 75 T^ww-Brokers.
1607 312 135 75 Perfons
1770 312 73 75 who
1870 312 81 75 keep
1979 312 105 75 ffiops,.
2106 312 62 75 and
2189 312 76 75 lend

1279 359 116 75 money
1411 359 84 75 upon
1513 359 129 75 pledges
1671 359 35 75 to
1735 359 183 75 neceffitous
1941 359 139 75 perfons,
2106 359 62 75 and
2185 359 79 75 moft

1279 405 182 75 commonly
1476 405 33 75 at
1526 405 38 75 an
1582 405 184 75 exorbitant
1783 405 139 75 intereft.
1987 405 100 75 They
2103 405 53 75 are
2173 405 89 75 more

1275 451 150 75 properly
1441 451 102 75 ftyled
1558 451 229 75 pawn-takers,
1812 451 37 75 or
1874 451 80 75 tally
1972 451 84 75 men,
2081 451 180 75 fometimes

1278 498 127 75 fripers,
1424 498 212 75 orfriperers.
1669 498 110 75 Thefe
1795 498 53 75 are
1860 498 105 75 meant
1983 498 33 75 in
2037 498 13 75 1
2067 498 104 75 Jac.I.
2190 498 70 75 cap.

1277 544 74 75 xxi.
1376 544 73 75 fedt.
1470 544 32 75 5.
1529 544 107 75 where
1662 544 25 75 it
1714 544 27 75 is
1768 544 163 75 declared,
1956 544 72 75 that
2055 544 56 75 the
2138 544 64 75 fale
2228 544 41 75 of

1279 590 99 75 goods
1397 590 194 75 wrongfully
1606 590 94 75 taken
1718 590 35 75 to
1778 590 62 75 any
1862 590 130 75 broker,
2016 590 37 75 or
2080 590 183 75 pawn-bro-

1278 637 59 75 ker
1364 637 32 75 in
1425 637 152 75 London,
1602 637 232 75 Weftminfter,
1860 637 209 75 Southwark,
2093 637 37 75 or
2154 637 111 75 within

1281 684 66 75 two
1371 684 89 75 miles
1477 684 41 75 of
1530 684 154 75 London,
1709 684 78 75 does
1804 684 57 75 not
1878 684 79 75 alter
1974 684 54 75 the
2046 684 164 75 property.

1328 730 76 75 And
1430 730 73 75 fedt.
1527 730 32 75 7.
1601 730 37 75 If
1661 730 19 75 a
1704 730 129 75 broker,
1870 730 117 75 having
2015 730 146 75 received
2187 730 77 75 fuch

1280 777 115 75 goods,
1421 777 76 75 ffiall
1514 777 69 75 not,
1608 777 85 75 upon
1711 777 124 75 requeft
1852 777 37 75 of
1903 777 54 75 the
1974 777 121 75 owner,
2120 777 144 75 difeover

1279 822 99 75 them,
1404 822 74 75 how
1495 822 62 75 and
1574 822 92 75 when
1682 822 41 75 he
1740 822 87 75 came
1843 822 44 75 by
1903 822 101 75 them,
2029 822 63 75 and
2111 822 35 75 to
2158 822 107 75 whom

1280 870 77 75 they
1374 870 52 75 are
1450 870 176 75 conveyed,
1650 870 41 75 he
1712 870 74 75 ffialj
1815 870 111 75 forfeit
1955 870 56 75 the
2029 870 119 75 double
2172 870 94 75 value

1279 917 138 75 thereof,
1443 917 34 75 to
1495 917 39 75 be
1551 917 171 75 recovered
1742 917 44 75 by
1810 917 102 75 adtion
1932 917 41 75 of
1983 917 90 75 debt,
2102 917 66 75 ere.

1326 963 37 75 In
1380 963 56 75 the
1455 963 90 75 cities
1561 963 41 75 of
1613 963 97 75 Italy,
1735 963 91 75 there
1843 963 55 75 are
1916 963 178 75 companies
2106 963 157 75 eftabliffi-

1278 1009 41 75 ed
1334 1009 45 75 by
1393 1009 165 75 authority
1574 1009 51 75 for
1650 1009 54 75 the
1725 1009 114 75 letting
1855 1009 57 75 out
1936 1009 116 75 money
2079 1009 40 75 on
2140 1009 121 75 pawns,

1279 1056 103 75 called
1398 1056 126 75 mounts
1540 1056 44 75 of
1586 1056 87 75 piety
1685 1056 10 75 ;
1723 1056 18 75 a
1757 1056 71 75 title
1840 1056 84 75 little
1941 1056 167 75 becoming
2124 1056 74 75 fuch
2216 1056 47 75 io-

1280 1103 171 75 ftitutions,
1477 1103 33 75 as
1526 1103 55 75 the
1597 1103 73 75 loan
1686 1103 27 75 is
1731 1103 56 75 not
1803 1103 112 75 gratis.
1964 1103 39 75 In
2020 1103 84 75 fome
2124 1103 87 75 parts
2229 1103 40 75 of

1278 1148 97 75 Italy,
1400 1148 78 75 they
1494 1148 80 75 have
1591 1148 65 75 alfo
1674 1148 124 75 mounts
1816 1148 40 75 of
1867 1148 89 75 piety
1971 1148 41 75 of
2023 1148 134 75 another
2171 1148 90 75 kind,

1279 1195 138 75 wherein
1433 1195 79 75 they
1528 1195 78 75 only
1622 1195 121 75 receive
1764 1195 98 75 ready
1878 1195 127 75 money,
2032 1195 62 75 and
2110 1195 109 75 return
2235 1195 27 75 it

1279 1242 90 75 again
1390 1242 79 75 with
1485 1242 141 75 intereft,
1652 1242 32 75 at
1702 1242 18 75 a
1736 1242 119 75 certain
1872 1242 67 75 fum
1955 1242 60 75 per
2031 1242 136 75 annum.

1327 1288 48 75 At
1392 1288 160 75 Bologna,
1570 1288 78 75 they
1667 1288 82 75 have
1766 1288 116 75 feVeral
1899 1288 75 75 fuch
1992 1288 139 75 mounts,
2157 1288 106 75 which

1279 1335 51 75 are
1347 1335 221 75 diftinguilhed
1584 1335 68 75 into
1668 1335 95 75 frank
1779 1335 60 75 and
1855 1335 183 75 perpetual;
2065 1335 55 75 the
2132 1335 128 75 intereft

1278 1381 38 75 of
1330 1381 54 75 the
1402 1381 121 75 former
1546 1381 27 75 is
1598 1381 75 75 only
1690 1381 75 75 four
1775 1381 61 75 per
1850 1381 88 75 cent,
1964 1381 72 75 that
2062 1381 38 75 of
2122 1381 58 75 the
2195 1381 61 75 lat-

1278 1426 60 75 ter,
1363 1426 105 75 feven.

1231 1475 179 75 Brokers
1429 1475 53 75 are
1498 1475 65 75 alfo
1575 1475 90 75 thofe
1677 1475 73 75 who
1762 1475 54 75 fell
1830 1475 55 75 old
1894 1475 368 75 houfehold-furniture,

1280 1520 62 75 and
1359 1520 139 75 wearing
1516 1520 139 75 apparel,
1681 1520 65 75 ebc.

1232 1568 270 75 BROMELIA,
1527 1568 39 75 or
1581 1568 72 75 pine
1671 1568 104 75 apple,
1800 1568 31 75 in
1849 1568 130 75 botany,
2005 1568 19 75 a
2042 1568 98 75 genus
2158 1568 40 75 of
2209 1568 56 75 the

1278 1614 178 75 hexandria
1471 1614 192 75 monogynia
1679 1614 92 75 clafs.
1818 1614 78 75 The
1918 1614 86 75 calix
2022 1614 27 75 is
2070 1614 130 75 divided
2216 1614 48 75 in-

1278 1660 34 75 to
1328 1660 90 75 three
1434 1660 179 75 fegments;
1639 1660 26 75 it
1692 1660 56 75 has
1771 1660 91 75 three
1878 1660 114 75 petals,
2018 1660 62 75 and
2096 1660 89 75 there
2201 1660 26 75 is
2244 1660 19 75 a

1278 1708 86 75 fcaly
1389 1708 172 75 nedlarium
1590 1708 33 75 at
1651 1708 55 75 the
1734 1708 71 75 bafe
1822 1708 40 75 of
1871 1708 78 75 each
1966 1708 105 75 petal;
2097 1708 56 75 the
2170 1708 95 75 berry

1279 1755 58 75 has
1354 1755 91 75 three
1462 1755 90 75 cells.
1599 1755 112 75 There
1731 1755 53 75 are
1808 1755 60 75 five
1890 1755 117 75 fpecies
2033 1755 42 75 of
2095 1755 167 75 bromelia,

1282 1801 68 75 viz.
1377 1801 55 75 the
1445 1801 115 75 ananas
1577 1801 38 75 or
1631 1801 147 75 common
1794 1801 192 75 pine-apple,
2013 1801 106 75 which
2136 1801 25 75 is
2179 1801 17 75 a
2208 1801 56 75 na-

1283 1847 64 75 tive
1364 1847 41 75 of
1417 1847 146 75 Surinam
1577 1847 62 75 and
1659 1847 85 75 New
1757 1847 96 75 Spain
1865 1847 10 75 ;
1896 1847 55 75 the
1962 1847 143 75 pinguin,
2123 1847 18 75 a
2158 1847 106 75 native

1281 1893 39 75 of
1327 1893 141 75 Jamaica
1485 1893 62 75 and
1563 1893 208 75 Barbadoes;
1790 1893 55 75 the
1861 1893 140 75 karatos,
2017 1893 166 75 lingulata,
2201 1893 63 75 and

1281 1941 187 75 nudicaulis,
1487 1941 42 75 all
1543 1941 120 75 natives
1675 1941 41 75 of
1726 1941 55 75 the
1793 1941 148 75 fouthern
1954 1941 86 75 parts
2053 1941 39 75 of
2099 1941 164 75 America.

1233 1988 351 75 BROMSGROVE,
1611 1988 17 75 a
1646 1988 226 75 market-town
1890 1988 32 75 in
1933 1988 277 75 Worcefterffiire,
2229 1988 33 75 a-

1282 2034 80 75 bout
1378 2034 53 75 ten
1448 2034 91 75 miles
1555 2034 95 75 north
1668 2034 40 75 of
1719 2034 185 75 Worcefter
1912 2034 7 75 .
1919 2034 8 75 :
1953 2034 62 75 W.
2033 2034 87 75 long.
2147 2034 19 75 2
2166 2016 24 49 0
2217 2034 44 75 f,

1282 2080 47 75 N.
1348 2080 57 75 lat.
1426 2080 40 75 52
1466 2062 24 49 0
1506 2080 69 75 26'.

1235 2127 249 75 BROMLEY,
1510 2127 18 75 a
1544 2127 227 75 market-town
1794 2127 39 75 of
1851 2127 100 75 Kent,
1978 2127 53 75 ten
2048 2127 89 75 miles
2155 2127 107 75 fouth-

1282 2171 62 75 eaft
1361 2171 39 75 of
1412 2171 160 75 London:
1601 2171 43 75 E.
1663 2171 89 75 long,
1774 2171 41 75 f
1841 2171 46 75 N.
1905 2171 58 75 lat.
1984 2171 39 75 51
2023 2153 25 49 0
2069 2171 68 75 25'.

1235 2218 194 75 Bromley
1448 2218 26 75 is
1492 2218 65 75 alfo
1580 2218 55 75 the
1660 2218 91 75 name
1776 2218 40 75 of
1835 2218 18 75 a
1877 2218 227 75 market-town
2120 2218 40 75 of
2173 2218 88 75 Staf-

1281 2264 166 75 fordffiire,
1473 2264 96 75 about
1587 2264 53 75 ten
1656 2264 91 75 miles
1764 2264 63 75 eafi
1843 2264 40 75 of
1898 2264 145 75 Stafford
2056 2264 8 75 :
2091 2264 62 75 W.
2171 2264 89 75 long.

1287 2312 32 75 i°
1341 2312 54 75 50'
1395 2312 11 75 ,
1432 2312 47 75 N.
1493 2312 58 75 lat.
1572 2312 40 75 52
1612 2294 22 49 0
1652 2312 69 75 45'.

1234 2359 301 75 BROMOIDES,
1560 2359 32 75 in
1609 2359 132 75 botany.
1792 2359 61 75 See
1870 2359 194 75 Festuca.

1233 2405 215 75 BROMUS,
1473 2405 32 75 in
1522 2405 131 75 botany,
1679 2405 19 75 a
1713 2405 97 75 genus
1829 2405 38 75 of
1879 2405 55 75 the
1961 2405 154 75 triandria
2130 2405 130 75 digynia

1280 2450 90 75 clafs.
1419 2450 76 75 The
1523 2450 85 75 calix
1632 2450 25 75 is
1682 2450 248 75 double-valved
1944 2450 10 75 ;
1985 2450 56 75 the
2056 2450 85 75 fpica
2156 2450 26 75 is
2200 2450 58 75 ob-

1279 2497 76 75 long
1363 2497 61 75 and
1435 2497 207 75 cylindrical;
1657 2497 54 75 the
1724 2497 68 75 awn
1805 2497 26 75 is
1844 2497 104 75 below
1959 2497 54 75 the
2021 2497 100 75 apex.
2146 2497 112 75 There

1281 2543 52 75 are
1355 2543 39 75 17
1411 2543 130 75 fpecies,
1566 2543 88 75 eight
1674 2543 41 75 of
1729 2543 105 75 which
1859 2543 54 75 are
1929 2543 121 75 natives
2067 2543 40 75 of
2118 2543 138 75 Britain,

1280 2590 68 75 viz.
1373 2590 55 75 the
1440 2590 149 75 fecalinus
1607 2590 36 75 or
1659 2590 74 75 field
1750 2590 225 75 brome-grafs,
1999 2590 56 75 the
2071 2590 133 75 arvenfis
2222 2590 38 75 or

1280 2636 76 75 corn
1384 2636 109 75 brome
1510 2636 99 75 grafs,
1635 2636 55 75 the
1718 2636 124 75 ciliatus
1868 2636 37 75 or
1933 2636 72 75 wall
2033 2636 226 75 brome-grafs,

1280 2683 54 75 the
1358 2683 112 75 fterilis
1498 2683 37 75 or
1558 2683 114 75 barren
1696 2683 224 75 brome-grafs,
1951 2683 57 75 the
2033 2683 165 75 giganteus
2221 2683 38 75 or

1280 2729 56 75 tall
1353 2729 225 75 brome-grafs,
1603 2729 55 75 the
1687 2729 139 75 ramofus
1855 2729 38 75 or
1918 2729 96 75 wood
2032 2729 109 75 brome
2159 2729 99 75 grafs,

1278 2776 62 75 and
1356 2776 54 75 the
1432 2776 145 75 pinnatus
1593 2776 38 75 or
1653 2776 111 75 fpiked
1778 2776 227 75 brome-grafs.

1230 2824 265 75 BRONCHIA,
1518 2824 31 75 in
1567 2824 161 75 anatomy,
1751 2824 57 75 the
1826 2824 277 75 ramifications-of
2120 2824 56 75 the
2191 2824 65 75 tra-

1279 2869 88 75 chea.
1419 2869 60 75 See
1495 2869 32 75 p.
1549 2869 80 75 280.
1648 2869 81 75 (col.
1749 2869 50 75 2.)
1817 2869 30 75 &
1863 2869 33 75 p.
1916 2869 79 75 28J.

1231 2917 376 75 BR.ONCHOCELE,
1633 2917 33 75 in
1681 2917 142 75 forgery,
1849 2917 18 75 a
1883 2917 130 75 tumour
2031 2917 110 75 arifing
2156 2917 35 75 in
2204 2917 54 75 the

1281 2963 138 75 anterior
1441 2963 71 75 part
1529 2963 41 75 of
1589 2963 55 75 the
1668 2963 94 75 neck.
1812 2963 61 75 See
1891 2963 199 75 Surgery.

1678 3014 19 75 8
1721 3014 33 75 K

2106 3014 149 75 BRON-
