2428 3377
136 179 82 75 194

695 179 360 75 ANA

178 234 86 75 This
287 234 108 75 whole
419 234 118 75 raufcle
559 234 28 75 is
612 234 138 75 covered
772 234 46 75 by
833 234 57 75 the
905 234 177 75 trapezius,
1107 234 63 75 and

133 281 111 75 covers
267 281 217 75 immediately
500 281 57 75 the
572 281 137 75 ferratus
734 281 137 75 pofticus
894 281 156 75 fuperior,
1074 281 96 75 being

129 327 115 75 joined
259 327 35 75 to
310 327 79 75 each
406 327 40 75 of
466 327 85 75 thefe
563 327 134 75 mufcles
713 327 44 75 by
769 327 18 75 a
802 327 203 75 filamentary
1020 327 37 75 or
1073 327 98 75 cellu-

132 375 73 75 lous
221 375 176 75 fubftance.

134 478 244 75 Angularis,
397 478 133 75 vulgo
544 478 190 75 LEVAraa
750 478 188 75 Scapula
957 478 211 75 Proprius.

180 559 101 75 This
300 559 26 75 is
347 559 17 75 a
381 559 88 75 long,
494 559 63 75 and
582 559 108 75 pretty
711 559 91 75 thick
826 559 130 75 mufcle,
981 559 99 75 about
1102 559 68 75 two

132 605 118 75 fingers
265 605 33 75 in
316 605 147 75 breadth,
488 605 91 75 lying
596 605 98 75 above
712 605 55 75 the
789 605 142 75 fuperior
948 605 92 75 angle
1056 605 40 75 of
1115 605 54 75 the

134 652 138 75 fcapula,
298 652 96 75 along
416 652 56 75 the
496 652 153 75 poflerior
673 652 113 75 lateral
811 652 72 75 part
898 652 41 75 of
957 652 56 75 the
1031 652 81 75 neck
1135 652 41 75 of

133 698 73 75 that
223 698 95 75 bone.

182 745 35 75 It
230 745 26 75 is
273 745 139 75 inferred
429 745 100 75 above
540 745 33 75 in
590 745 57 75 the
663 745 199 75 extremities
874 745 39 75 of
924 745 57 75 the
996 745 175 75 tranfverfe

132 792 180 75 apophyfes
326 792 40 75 of
384 792 56 75 the
456 792 74 75 four
547 792 70 75 firlf
627 792 156 75 vertebrae
800 792 40 75 of
857 792 56 75 the
926 792 92 75 neck,
1036 792 43 75 by
1096 792 74 75 four

132 838 98 75 flefliy
247 838 167 75 branches,
440 838 118 75 ending
574 838 32 75 in
629 838 86 75 Ihort
731 838 157 75 tendons;
914 838 181 75 fometimes
1113 838 55 75 the

132 885 130 75 fecond,
287 885 180 75 fometimes
483 885 55 75 the
555 885 101 75 third,
681 885 38 75 or
735 885 93 75 both,
847 885 63 75 and
925 885 180 75 fometimes
1113 885 57 75 the

132 933 112 75 fourth
260 933 41 75 of
314 933 87 75 thefe
417 933 168 75 branches,
609 933 27 75 is
649 933 161 75 wanting;
837 933 89 75 thefe
940 933 121 75 defedls
1074 933 96 75 being

132 980 95 75 made
243 980 42 75 up
298 980 43 75 by
358 980 55 75 the
430 980 158 75 largenefs
605 980 40 75 of
664 980 55 75 the
731 980 74 75 rett.

182 1027 98 75 From
296 1027 115 75 thence
428 1027 87 75 thefe
532 1027 155 75 branches
705 1027 58 75 run
780 1027 95 75 down
889 1027 18 75 a
922 1027 85 75 little
1023 1027 145 75 oblique-

133 1072 48 75 ly,
207 1072 63 75 and
286 1072 76 75 then
379 1072 125 75 uniting
528 1072 161 75 together,
714 1072 79 75 they
817 1072 54 75 are
895 1072 140 75 inferred
1057 1072 32 75 in
1113 1072 56 75 the

132 1119 145 75 fuperior
292 1119 94 75 angle
402 1119 41 75 of
461 1119 56 75 the
533 1119 138 75 fcapula,
697 1119 63 75 and
772 1119 31 75 in
820 1119 56 75 the
894 1119 82 75 edge
996 1119 39 75 of
1053 1119 43 75 its
1112 1119 57 75 ba-

133 1167 52 75 fis,
203 1167 85 75 from
302 1167 115 75 thence
433 1167 36 75 to
481 1167 56 75 the
552 1167 91 75 finall
661 1167 175 75 triangular
847 1167 103 75 fpace,
968 1167 95 75 being
1078 1167 91 75 there

134 1212 140 75 covered
289 1212 19 75 a
324 1212 85 75 little
420 1212 44 75 by
476 1212 55 75 the
547 1212 219 75 rhomboides.

181 1259 87 75 This
296 1259 118 75 mufcle
441 1259 27 75 is
497 1259 95 75 eafily
618 1259 132 75 divided
774 1259 68 75 into
867 1259 66 75 two
961 1259 141 75 through
1126 1259 42 75 its

132 1307 107 75 whole
260 1307 127 75 length.
434 1307 33 75 It
483 1307 28 75 is
535 1307 138 75 covered
696 1307 44 75 by
762 1307 55 75 the
842 1307 174 75 trapezius,
1043 1307 61 75 and
1127 1307 41 75 its

132 1352 168 75 infertions
317 1352 32 75 in
366 1352 56 75 the
439 1352 80 75 neck
536 1352 53 75 are
605 1352 181 75 fometimes
803 1352 111 75 mixed
929 1352 81 75 with
1028 1352 91 75 thofe
1135 1352 41 75 of

133 1400 56 75 the
206 1400 234 75 neighbouring
456 1400 147 75 mufcles.

284 1506 449 75 PECTORALIS
781 1506 240 75 MINOR.

181 1586 102 75 This
301 1586 27 75 is
346 1586 18 75 a
376 1586 90 75 fmall
481 1586 97 75 flelhy
594 1586 129 75 mufcle,
749 1586 180 75 fomething
941 1586 40 75 of
992 1586 18 75 a
1025 1586 143 75 triangu-

133 1632 49 75 lar
199 1632 105 75 fhape,
329 1632 136 75 fituated
480 1632 33 75 at
536 1632 55 75 the
615 1632 155 75 fuperior,
795 1632 126 75 lateral,
946 1632 62 75 and
1030 1632 141 75 anterior

136 1678 71 75 part
225 1678 39 75 of
283 1678 56 75 the
356 1678 135 75 thorax.

182 1726 53 75 By
251 1726 42 75 its
309 1726 78 75 bafis
403 1726 27 75 it
445 1726 26 75 is
489 1726 138 75 inferred
637 1726 33 75 in
687 1726 55 75 the
759 1726 146 75 external
920 1726 120 75 labium
1053 1726 41 75 of
1113 1726 55 75 the

135 1771 101 75 upper
252 1771 81 75 edge
350 1771 40 75 of
409 1771 55 75 the
488 1771 129 75 fecond,
641 1771 102 75 third,
768 1771 123 75 fourth,
917 1771 62 75 and
1001 1771 73 75 fifth
1098 1771 71 75 true

135 1818 65 75 ribs
214 1818 9 75 ;
250 1818 75 75 near
341 1818 85 75 their
443 1818 96 75 union
563 1818 80 75 with
667 1818 56 75 the
746 1818 181 75 cartilages,
953 1818 44 75 by
1013 1818 55 75 the
1084 1818 84 75 fame

133 1865 137 75 number
286 1865 40 75 of
338 1865 185 75 digitations
541 1865 36 75 or
593 1865 141 75 feparate
750 1865 97 75 flefhy
862 1865 157 75 portions,
1036 1865 133 75 becaufe

135 1913 40 75 of
194 1913 54 75 the
264 1913 153 75 intervals
436 1913 145 75 between
596 1913 57 75 the
670 1913 64 75 ribs
746 1913 10 75 ;
783 1913 63 75 and
857 1913 51 75 for
925 1913 70 75 that
1011 1913 111 75 reafon
1142 1913 26 75 it

133 1960 58 75 has
209 1960 79 75 been
302 1960 104 75 called
420 1960 156 75 ferratus
593 1960 106 75 minor
709 1960 146 75 anticus.

183 2005 97 75 From
296 2005 115 75 thence
428 2005 88 75 thefe
531 2005 146 75 portions
694 2005 60 75 run
772 2005 57 75 up,
853 2005 89 75 more
958 2005 37 75 or
1010 2005 73 75 lefs,
1109 2005 59 75 ob-

133 2052 124 75 liquely
283 2052 126 75 toward
435 2052 57 75 the
516 2052 161 75 Ihoulder,
710 2052 62 75 and
798 2052 84 75 form
906 2052 19 75 a
947 2052 97 75 flefhy
1068 2052 100 75 belly,

135 2099 106 75 which
259 2099 157 75 contrails
434 2099 34 75 as
485 2099 26 75 it
526 2099 98 75 paffes
636 2099 111 75 before
765 2099 55 75 the
833 2099 66 75 two
922 2099 64 75 firft
1003 2099 78 75 ribs,
1107 2099 63 75 and

134 2145 77 75 then
227 2145 171 75 becoming
414 2145 18 75 a
447 2145 100 75 fhort,
572 2145 71 75 flat,
666 2145 62 75 and
743 2145 102 75 broad
860 2145 134 75 tendon,
1016 2145 27 75 is
1055 2145 115 75 infert-

136 2192 11 75 t
155 2192 21 75 d
200 2192 32 75 in
257 2192 56 75 the
338 2192 99 75 upper
457 2192 71 75 part
545 2192 41 75 of
603 2192 55 75 the
675 2192 164 75 apophyfis
856 2192 184 75 coracoides
1056 2192 40 75 of
1114 2192 57 75 the

134 2238 140 75 fcapula,
311 2238 152 75 reaching
496 2238 43 75 all
572 2238 58 75 the
660 2238 72 75 way
756 2238 36 75 to
823 2238 58 75 the
910 2238 91 75 point
1033 2238 41 75 of
1099 2238 73 75 that

133 2285 140 75 procefs.

183 2332 85 75 This
285 2332 117 75 mufcle
417 2332 26 75 is
470 2332 136 75 covered
628 2332 47 75 by
696 2332 56 75 the
776 2332 166 75 pefloralis
966 2332 116 75 major,
1108 2332 64 75 and

135 2379 134 75 adheres
282 2379 77 75 very
376 2379 119 75 clofely
512 2379 36 75 to
564 2379 55 75 the
636 2379 146 75 external
798 2379 180 75 interccflal
995 2379 147 75 mufcles.

323 2482 364 75 SERRATUS
737 2482 241 75 MAJOR.

182 2563 103 75 This
303 2563 29 75 is
350 2563 20 75 a
384 2563 115 75 broad,
522 2563 109 75 flefhy,
656 2563 62 75 and
734 2563 109 75 pretty
858 2563 91 75 thick
964 2563 130 75 mufcle,
1119 2563 50 75 ly-

135 2613 56 75 ing
214 2613 41 75 on
278 2613 56 75 the
358 2613 113 75 lateral
495 2613 72 75 part
583 2613 40 75 of
641 2613 55 75 the
713 2613 133 75 thorax,
870 2613 144 75 between
1032 2613 55 75 the
1104 2613 65 75 ribs

136 2659 64 75 and
214 2659 137 75 fcapula,
369 2659 44 75 hy
424 2659 107 75 which
547 2659 26 75 it
584 2659 28 75 is
629 2659 150 75 covered.
827 2659 46 75 Its
886 2659 102 75 figure
1004 2659 27 75 is
1048 2659 70 75 that
1134 2659 40 75 of

136 2709 40 75 an
200 2709 157 75 irregular
383 2709 126 75 fquare,
541 2709 42 75 its
608 2709 134 75 greateft
766 2709 136 75 breadth
930 2709 95 75 being
1052 2709 32 75 in
1112 2709 56 75 the

134 2749 185 75 hack-part,
345 2749 107 75 where
467 2749 26 75 it
517 2749 186 75 terminates
717 2749 44 75 by
773 2749 189 75 digitations
977 2749 40 75 of
1030 2749 139 75 unequal

135 2797 141 75 lengths,
301 2797 37 75 in
351 2797 18 75 a
394 2797 144 75 radiated
561 2797 196 75 difpofition,
781 2797 85 75 their
887 2797 199 75 extremities
1112 2797 54 75 de-

134 2842 140 75 scribing
289 2842 38 75 an
345 2842 80 75 arch
439 2842 37 75 or
492 2842 117 75 curve;
637 2842 62 75 and
714 2842 84 75 from
815 2842 88 75 thefe
925 2842 86 75 digif'
1011 2842 99 75 ations
1127 2842 41 75 its

136 2891 90 75 name
241 2891 28 75 is
285 2891 109 75 taken.

183 2936 33 75 It
231 2936 29 75 is
270 2936 139 75 inferred
424 2936 170 75 backward
610 2936 33 75 in
655 2936 55 75 the
721 2936 136 75 internal
874 2936 117 75 labium
1004 2936 42 75 of
1057 2936 42 75 all
1112 2936 56 75 the

135 2983 78 75 bafis
239 2983 40 75 of
297 2983 55 75 the
376 2983 138 75 fcapula,
540 2983 85 75 from
649 2983 55 75 the
728 2983 142 75 fuperior
893 2983 35 75 to
952 2983 55 75 the
1034 2983 134 75 inferior

134 3031 105 75 angle.
286 3031 106 75 Front
410 3031 116 75 thence
548 3031 136 75 running
708 3031 145 75 forward
869 3031 121 75 wholly
1006 3031 113 75 flefhy,
1139 3031 27 75 it

1174 167 41 75 T
1331 167 41 75 O
1490 167 49 75 M
1654 167 54 75 Y.

2086 167 99 75 Part
2203 167 51 75 II.

1220 233 156 75 increafes
1390 233 169 75 gradually
1581 233 33 75 in
1629 233 152 75 breadth,
1810 233 63 75 and
1889 233 26 75 is
1933 233 138 75 inserted
2094 233 33 75 in
2145 233 41 75 all
2203 233 55 75 the

1221 279 72 75 true
1310 279 80 75 ribs,
1407 279 64 75 and
1481 279 92 75 often
1589 279 33 75 in
1634 279 61 75 one
1711 279 36 75 or
1765 279 66 75 two
1843 279 41 75 of
1895 279 56 75 the
1960 279 78 75 falfe
2051 279 81 75 ribs,
2147 279 44 75 by
2202 279 56 75 the

1222 327 84 75 fame
1324 327 134 75 number
1475 327 39 75 of
1525 327 200 75 digitations.

1508 433 23 75 S
1549 433 34 75 U
1600 433 77 75 B*C
1695 433 31 75 L
1742 433 35 75 A
1793 433 33 75 V
1843 433 15 75 I
1877 433 33 75 U
1929 433 36 75 S.

1268 511 59 75 Th
1336 511 9 75 i
1354 511 15 75 s
1386 511 27 75 is
1432 511 18 75 a
1461 511 90 75 fmall
1568 511 120 75 oblong
1704 511 131 75 mufcle,
1858 511 91 75 lying
1964 511 143 75 between
2120 511 55 75 the
2192 511 66 75 cla-

1221 558 82 75 vicle
1320 558 63 75 and
1398 558 64 75 firft
1475 558 62 75 rib.
1587 558 32 75 It
1635 558 26 75 is
1679 558 90 75 fixed
1784 558 44 75 by
1844 558 60 75 one
1920 558 62 75 end
1998 558 32 75 in
2048 558 42 75 all
2103 558 56 75 the
2175 558 81 75 mid-

1221 604 52 75 dle
1288 604 101 75 lower
1401 604 132 75 portion
1545 604 41 75 of
1605 604 55 75 the
1677 604 143 75 clavicle,
1846 604 32 75 at
1890 604 56 75 the
1958 604 137 75 diftance
2107 604 41 75 of
2158 604 100 75 about

1222 651 39 75 an
1277 651 74 75 inch
1367 651 86 75 from
1469 651 79 75 each
1572 651 196 75 extremity;
1796 651 62 75 and
1883 651 43 75 by
1951 651 56 75 the
2025 651 96 75 other
2144 651 32 75 in
2200 651 58 75 the

1222 698 152 75 cartilage
1391 698 63 75 and
1470 698 19 75 a
1510 698 90 75 fmall
1625 698 71 75 part
1720 698 41 75 of
1780 698 56 75 the
1859 698 84 75 bone
1966 698 40 75 of
2025 698 56 75 the
2105 698 64 75 firft
2193 698 62 75 rib.

1221 744 33 75 It
1269 744 100 75 feems
1385 744 140 75 likewife
1542 744 35 75 to
1594 744 118 75 adhere
1729 744 34 75 to
1780 744 56 75 the
1857 744 176 75 extremity
2054 744 41 75 of
2113 744 55 75 the
2191 744 66 75 cla-

1220 792 83 75 vicle
1319 792 79 75 next
1415 792 55 75 the
1482 792 149 75 fternum,
1657 792 43 75 by
1717 792 19 75 a
1751 792 77 75 kind
1841 792 40 75 of
1891 792 102 75 broad
2005 792 69 75 thin
2090 792 166 75 ligament.

1221 896 100 75 Uses
1347 896 43 75 of
1404 896 53 75 the
1480 896 186 75 Muscles
1692 896 7 75 '
1699 896 100 75 which
1816 896 88 75 move
1995 896 131 75 Bones
2144 896 45 75 of
2202 896 53 75 the

1484 944 210 75 Shoulder
1712 944 39 75 on
1768 944 52 75 the
1834 944 158 75 Trunk.

1267 1022 86 75 The
1372 1022 194 75 mechanifm
1582 1022 40 75 of
1641 1022 54 75 the
1708 1022 137 75 fcapula,
1870 1022 33 75 in
1919 1022 135 75 relation
2070 1022 36 75 to
2121 1022 42 75 its
2184 1022 70 75 mo-

1221 1069 84 75 tions
1324 1069 62 75 and
1401 1069 138 75 changes
1557 1069 40 75 of
1614 1069 159 75 fituation,
1798 1069 27 75 is
1837 1069 78 75 very
1927 1069 150 75 different
2084 1069 90 75 from
2184 1069 70 75 that

1221 1116 40 75 of
1279 1116 42 75 all
1337 1116 57 75 the
1419 1116 94 75 other
1529 1116 99 75 bones
1653 1116 41 75 of
1712 1116 56 75 the
1792 1116 99 75 body,
1917 1116 118 75 except
2055 1116 56 75 the
2135 1116 35 75 os
2193 1116 61 75 hy-

1220 1162 101 75 oides.
1370 1162 59 75 AH
1452 1162 57 75 the
1535 1162 97 75 other
1652 1162 98 75 bones
1773 1162 85 75 have
1878 1162 82 75 fohd
1984 1162 105 75 fulcra
2112 1162 38 75 or
2164 1162 91 75 fixed

1220 1209 118 75 points,
1365 1209 40 75 on
1428 1209 106 75 which
1559 1209 78 75 they
1654 1209 53 75 are
1732 1209 103 75 either
1851 1209 116 75 moved
1983 1209 37 75 or
2036 1209 89 75 fixed
2141 1209 44 75 by
2197 1209 56 75 the

1221 1256 154 75 mufcles;
1401 1256 57 75 but
1474 1256 55 75 the
1546 1256 139 75 motions
1710 1256 40 75 of
1768 1256 55 75 the
1839 1256 138 75 fcapula,
2001 1256 43 75 its
2065 1256 137 75 changes
2219 1256 41 75 of

1219 1302 160 75 fituation,
1404 1302 64 75 and
1482 1302 42 75 its
1541 1302 207 75 continuance
1775 1302 32 75 in
1831 1302 62 75 any
1909 1302 60 75 one
1985 1302 93 75 given
2101 1302 151 75 attitude,

1221 1349 53 75 are
1290 1349 139 75 brought
1445 1349 99 75 about
1560 1349 136 75 without
1714 1349 53 75 the
1783 1349 76 75 help
1875 1349 40 75 of
1926 1349 62 75 any
2002 1349 84 75 folid
2100 1349 151 75 fulcrum.

1219 1396 77 75 The
1312 1396 133 75 mufcles
1458 1396 92 75 alone
1566 1396 112 75 fuflain
1695 1396 26 75 it
1738 1396 63 75 and
1816 1396 95 75 brace
1926 1396 27 75 it
1964 1396 109 75 down,
2096 1396 34 75 in
2153 1396 41 75 all
2210 1396 45 75 its

1222 1443 149 75 different
1387 1443 142 75 motions
1539 1443 62 75 and
1617 1443 176 75 fituations.

1266 1490 77 75 The
1358 1490 126 75 fcapula
1499 1490 57 75 has
1574 1490 64 75 this
1661 1490 189 75 peculiarity
1865 1490 139 75 likewife
2026 1490 172 75 belonging
2217 1490 36 75 to

1220 1536 37 75 it,
1283 1536 71 75 that
1377 1536 26 75 it
1419 1536 27 75 is
1463 1536 55 75 the
1534 1536 138 75 fulcrum
1690 1536 63 75 and
1768 1536 79 75 bafis
1871 1536 40 75 of
1930 1536 42 75 all
1991 1536 55 75 the
2062 1536 138 75 motions
2217 1536 42 75 of

1221 1584 55 75 the
1299 1584 36 75 os
1360 1584 137 75 humeri,
1522 1584 40 75 of
1579 1584 87 75 fome
1690 1584 137 75 motions
1852 1584 40 75 of
1911 1584 55 75 the
1988 1584 167 75 fore-arm,
2189 1584 63 75 and

1220 1630 77 75 even
1321 1630 41 75 of
1386 1630 42 75 all
1455 1630 56 75 the
1539 1630 80 75 moft
1641 1630 122 75 violent
1791 1630 113 75 efforts
1931 1630 93 75 made
2051 1630 79 75 with
2162 1630 89 75 thefe

1219 1677 111 75 bones,
1355 1677 139 75 without
1508 1677 95 75 being
1619 1677 90 75 itfelf
1726 1677 104 75 either
1846 1677 116 75 moved
1978 1677 37 75 or
2031 1677 88 75 fixed
2130 1677 42 75 on
2189 1677 63 75 any

1218 1724 81 75 folid
1315 1724 93 75 bafis.

1266 1770 75 75 The
1357 1770 54 75 ufe
1427 1770 41 75 of
1486 1770 56 75 the
1555 1770 164 75 trapezius
1736 1770 27 75 is
1787 1770 35 75 to
1839 1770 77 75 raife
1933 1770 55 75 the
2003 1770 160 75 fhoulder,
2189 1770 63 75 and

1219 1817 35 75 to
1270 1817 81 75 keep
1367 1817 26 75 it
1408 1817 84 75 from
1510 1817 135 75 finking.

1265 1864 77 75 The
1357 1864 138 75 ferratus
1518 1864 104 75 major
1647 1864 93 75 raifes
1765 1864 55 75 the
1845 1864 148 75 fhoulder
2009 1864 39 75 or
2062 1864 56 75 top
2135 1864 41 75 of
2195 1864 55 75 the

1217 1910 137 75 fcapula,
1379 1910 111 75 brings
1505 1910 27 75 it
1547 1910 153 75 forward,
1725 1910 63 75 and
1803 1910 130 75 hinders
1957 1910 28 75 it
2007 1910 85 75 from
2116 1910 133 75 finking.

1218 1956 38 75 In
1269 1956 42 75 all
1328 1956 101 75 thefe,
1453 1956 27 75 it
1492 1956 27 75 is
1531 1956 56 75 the
1604 1956 152 75 principal
1775 1956 107 75 adlor;
1910 1956 62 75 and
1988 1956 27 75 it
2031 1956 26 75 is
2079 1956 172 75 impoffible

1218 2003 36 75 to
1281 2003 150 75 conceive
1457 2003 75 75 how
1558 2003 165 75 labourers
1750 2003 80 75 raife
1858 2003 62 75 and
1942 2003 144 75 fupport,
2122 2003 45 75 by
2193 2003 57 75 the

1218 2049 147 75 fhoulder
1380 2049 105 75 alone,
1510 2049 55 75 the
1586 2049 104 75 heavy
1711 2049 140 75 burdens
1874 2049 80 75 with
1974 2049 106 75 which
2102 2049 79 75 they
2196 2049 54 75 are

1219 2096 128 75 loaded,
1373 2096 137 75 without
1526 2096 55 75 the
1598 2096 154 75 affiftance
1768 2096 40 75 of
1826 2096 64 75 this
1908 2096 129 75 mufcle.

1266 2143 188 75 According
1469 2143 36 75 to
1520 2143 57 75 the
1587 2143 168 75 infertions
1772 2143 62 75 and
1849 2143 154 75 dire&ion
2020 2143 40 75 of
2070 2143 56 75 the
2143 2143 109 75 rhom-

1219 2190 125 75 boides,
1368 2190 43 75 its
1430 2190 129 75 general
1575 2190 56 75 ufe
1644 2190 80 75 muft
1746 2190 53 75 be,
1825 2190 33 75 to
1882 2190 89 75 draw
1994 2190 173 75 backward
2188 2190 64 75 and

1220 2237 131 75 upward
1368 2237 56 75 the
1440 2237 171 75 fub-fpinal
1623 2237 127 75 portion
1766 2237 42 75 of
1826 2237 55 75 the
1896 2237 80 75 bafis
1992 2237 146 75 fcapuias.

1268 2283 32 75 It
1311 2283 29 75 is
1354 2283 139 75 likewife
1510 2283 18 75 a
1544 2283 183 75 moderator
1743 2283 35 75 to
1794 2283 56 75 the
1864 2283 162 75 trapezius
2038 2283 61 75 and
2115 2283 136 75 ferratus

1221 2329 114 75 major,
1360 2329 93 75 when
1470 2329 79 75 they
1564 2329 77 75 raife
1657 2329 56 75 the
1728 2329 159 75 fhoulder,
1914 2329 37 75 or
1973 2329 93 75 carry
2081 2329 56 75 the
2161 2329 89 75 aero-

1221 2377 96 75 mium
1335 2377 152 75 upward;
1514 2377 63 75 and
1587 2377 27 75 it
1631 2377 108 75 brings
1756 2377 56 75 the
1834 2377 126 75 fcapula
1982 2377 83 75 back
2086 2377 35 75 to
2137 2377 41 75 its
2194 2377 58 75 na-

1221 2424 84 75 tural
1322 2424 158 75 fituation,
1504 2424 93 75 when
1610 2424 55 75 the
1682 2424 101 75 aftion
1800 2424 40 75 of
1858 2424 87 75 thefe
1962 2424 132 75 mufcles
2111 2424 115 75 ceafes.

1268 2470 77 75 The
1361 2470 171 75 angularis,
1550 2470 45 75 by
1609 2470 41 75 its
1667 2470 150 75 infertion
1834 2470 32 75 in
1883 2470 55 75 the
1954 2470 142 75 fuperior
2108 2470 92 75 angle
2216 2470 40 75 of

1221 2517 55 75 the
1292 2517 141 75 fcapula,
1456 2517 179 75 moderates
1652 2517 56 75 the
1722 2517 128 75 defeent
1874 2517 40 75 of
1932 2517 70 75 that
2026 2517 104 75 angle,
2155 2517 97 75 while

1221 2563 54 75 the
1303 2563 160 75 trapezius
1495 2563 62 75 and
1584 2563 138 75 ferratus
1749 2563 104 75 major
1880 2563 78 75 raife
1984 2563 55 75 the
2062 2563 187 75 acromium.

1220 2609 215 75 Afterwards,
1460 2609 93 75 when
1576 2609 89 75 thefe
1690 2609 67 75 two
1781 2609 134 75 mufcles
1940 2609 88 75 ceafe
2052 2609 35 75 to
2109 2609 60 75 ail,
2194 2609 57 75 the

1219 2657 161 75 angularis
1394 2657 94 75 raifes
1505 2657 56 75 the
1576 2657 143 75 fuperior
1734 2657 105 75 angle,
1857 2657 62 75 and
1934 2657 44 75 by
1990 2657 70 75 that
2077 2657 105 75 means
2195 2657 55 75 de-

1218 2703 114 75 prefies
1349 2703 55 75 the
1420 2703 188 75 acromium.

1265 2749 76 75 The
1357 2749 166 75 pe&oralis
1540 2749 104 75 minor
1660 2749 90 75 aflifts
1769 2749 55 75 the
1840 2749 204 75 rhomboides
2069 2749 62 75 and
2150 2749 98 75 angu-

1218 2796 90 75 laris,
1332 2796 33 75 as
1382 2796 199 75 moderators
1597 2796 41 75 of
1656 2796 56 75 the
1734 2796 104 75 aflion
1862 2796 40 75 of
1921 2796 54 75 the
1999 2796 160 75 trapezius
2188 2796 62 75 and

1217 2842 137 75 ferratus
1371 2842 115 75 major,
1512 2842 32 75 in
1561 2842 129 75 turning
1701 2842 56 75 the
1773 2842 90 75 point
1874 2842 43 75 of
1933 2842 60 75 the
2005 2842 172 75 acromium
2190 2842 58 75 up-

1218 2890 101 75 ward,
1344 2890 55 75 the
1425 2890 144 75 fuperior
1595 2890 92 75 angle
1712 2890 198 75 downward,
1943 2890 64 75 and
2033 2890 55 75 the
2115 2890 133 75 inferior

1218 2936 92 75 angle
1325 2936 156 75 forward.

1265 2982 30 75 It
1317 2982 28 75 is
1360 2982 140 75 likewife
1517 2982 39 75 an
1577 2982 16 75 a
1597 2982 56 75 flirt
1655 2982 54 75 ant
1724 2982 35 75 to
1776 2982 56 75 the
1848 2982 204 75 rhomboides
2070 2982 63 75 arid
2148 2982 98 75 angu-

1215 3028 87 75 laris,
1334 3028 33 75 in
1394 3028 154 75 rertoring
1574 3028 55 75 the
1652 3028 127 75 fcapula
1804 3028 34 75 to
1862 3028 42 75 its
1931 3028 126 75 natural
2085 3028 160 75 fituation,

2154 3080 92 75 when
