2428 3377
119 173 102 75 Fart
249 173 32 75 I.

685 173 479 75 AHA'

117 240 57 75 ean
190 240 137 75 fquceze
344 240 57 75 oat
421 240 41 75 of
477 240 87 75 their
586 240 196 75 excretories
811 240 19 75 a
855 240 230 75 mucilaginous
1111 240 40 75 li-

115 287 96 75 quor,
236 287 105 75 which
358 287 174 75 fomewhat
559 287 169 75 refembles
757 287 56 75 the
838 287 98 75 white
960 287 40 75 of
1017 287 39 75 an
1073 287 74 75 egg,

114 332 37 75 or
169 332 103 75 ferum
290 332 40 75 of
349 332 56 75 the
425 332 122 75 bloocl;
574 332 57 75 but
655 332 27 75 it
707 332 27 75 is
759 332 178 75 manifeftly
951 332 60 75 fait
1033 332 35 75 to
1093 332 55 75 the

115 379 89 75 tafte.
253 379 32 75 It
301 379 77 75 does
396 379 57 75 not
470 379 166 75 coagulate
653 379 43 75 by
711 379 87 75 acids
817 379 38 75 or
870 379 43 75 by
928 379 87 75 heat,
1040 379 33 75 as
1091 379 56 75 the

114 427 103 75 ierum
239 427 91 75 does,
356 427 57 75 but
442 427 44 75 by
502 427 55 75 the
579 427 98 75 latter
698 427 89 75 turns
812 427 64 75 firft
905 427 139 75 thinner,
1070 427 74 75 and,

112 472 93 75 when
229 472 205 75 evaporated,
460 472 104 75 leaves
581 472 76 75 only
673 472 19 75 a
707 472 70 75 thin
794 472 59 75 fait
864 472 82 75 £kn.

160 519 76 75 The
262 519 111 75 veffels
397 519 107 75 which
530 519 112 75 fupply
658 519 123 75 liquors
806 519 52 75 for
873 519 130 75 making
1025 519 55 75 the
1096 519 47 75 fe-

113 564 122 75 eretion
266 564 41 75 of
333 564 64 75 this
430 564 167 75 mucilage,
623 564 62 75 and
714 564 57 75 the
803 564 87 75 veins
914 564 105 75 which
1051 564 93 75 bring

114 611 79 75 back,
210 611 55 75 the
281 611 99 75 blood
395 611 176 75 remaining
588 611 83 75 after
692 611 57 75 the
775 611 165 75 fecretion,
966 611 54 75 are
1044 611 35 75 to
1102 611 41 75 be

111 660 75 75 feen
215 660 136 75 without
382 660 63 75 any
476 660 222 75 preparation;
726 660 75 75 and,
826 660 84 75 after
937 660 19 75 a
986 660 156 75 tolerable

112 703 149 75 rnjedlion
284 703 41 75 of
352 703 54 75 the
431 703 144 75 arteries,
600 703 55 75 the
679 703 114 75 glands
821 703 54 75 are
901 703 137 75 covered
1063 703 79 75 with

111 751 101 75 them.

159 796 37 75 In
213 796 19 75 a
247 796 101 75 found
363 796 89 75 Hate,
478 796 47 75 we
543 796 52 75 are
612 796 55 75 not
684 796 162 75 confcious
864 796 41 75 of
915 796 62 75 any
992 796 147 75 fenfibili-

111 843 36 75 ty
162 843 33 75 in
215 843 90 75 thofe
321 843 112 75 glands
448 843 10 75 ;
485 843 70 75 but,
579 843 33 75 in
638 843 86 75 fome
748 843 97 75 cafes,
874 843 93 75 when
991 843 78 75 they
1091 843 50 75 in-

110 888 92 75 fiame
229 888 64 75 and
317 888 180 75 fuppurate,
526 888 56 75 the
609 888 79 75 moft
715 888 130 75 racking
868 888 72 75 pain
964 888 26 75 is
1022 888 60 75 felt
1108 888 33 75 in

110 936 87 75 them
212 936 9 75 :
248 936 20 75 a
282 936 212 75 melancholy,
512 936 124 75 though
653 936 18 75 a
686 936 70 75 fure
773 936 97 75 proof
880 936 71 75 that
967 936 77 75 they
1059 936 82 75 have

108 982 126 75 nerves.

154 1028 109 75 Thefe
280 1028 226 75 mucilaginous
523 1028 112 75 glands
660 1028 53 75 are
739 1028 182 75 commonly
935 1028 119 75 lodged
1074 1028 32 75 in
1122 1028 20 75 a

110 1074 133 75 cellular
257 1074 160 75 fubftaace
429 1074 9 75 ;
464 1074 106 75 which
585 1074 27 75 is
629 1074 64 75 alfo
709 1074 35 75 to
760 1074 40 75 be
824 1074 153 75 obferved
992 1074 33 75 in
1048 1074 93 75 other

108 1122 87 75 parts
212 1122 39 75 of
270 1122 54 75 the
337 1122 65 75 bag
412 1122 130 75 formed
559 1122 43 75 by
619 1122 54 75 the
695 1122 167 75 ligaments
879 1122 41 75 of
937 1122 56 75 the
1020 1122 119 75 articu-

107 1168 101 75 lation
218 1168 11 75 ;
255 1168 60 75 and
334 1168 143 75 contains
494 1168 19 75 a
528 1168 88 75 fatty
632 1168 128 75 matter,
786 1168 71 75 that
879 1168 79 75 mull
975 1168 164 75 neceflari-

107 1215 35 75 iy
158 1215 39 75 be
213 1215 197 75 attenuated,
428 1215 62 75 and
504 1215 112 75 forced
631 1215 141 75 through
789 1215 54 75 the
859 1215 163 75 including
1040 1215 98 75 mem-

109 1261 111 75 branes
237 1261 69 75 into
330 1261 54 75 the
401 1261 106 75 cavity
523 1261 40 75 of
575 1261 54 75 the
642 1261 97 75 joint,
749 1261 43 75 by
808 1261 55 75 the
880 1261 137 75 preflure
1032 1261 107 75 which

108 1307 25 75 it
154 1307 113 75 fuffers
285 1307 84 75 from
385 1307 55 75 the
457 1307 129 75 moving
602 1307 111 75 bones.

157 1353 96 75 After
268 1353 56 75 the
339 1353 108 75 liquor
462 1353 40 75 of
520 1353 54 75 the
592 1353 217 75 articulations
825 1353 148 75 becomes
996 1353 56 75 too
1069 1353 69 75 thin

108 1400 62 75 and
186 1400 245 75 unferviceable,
455 1400 45 75 by
514 1400 95 75 being
625 1400 177 75 conftantly
818 1400 148 75 pounded
982 1400 62 75 and
1063 1400 73 75 rub-

108 1446 63 75 bed
186 1446 141 75 between
340 1446 61 75 the
416 1446 130 75 moving
569 1446 111 75 bones,
705 1446 26 75 it
753 1446 27 75 is
800 1446 173 75 realfumed
992 1446 68 75 into
1082 1446 56 75 the

107 1492 81 75 mafs
204 1492 149 75 of:blood
369 1492 43 75 by
424 1492 59 75 the
502 1492 172 75 abforbent
689 1492 123 75 veflels.

176 1616 27 75 S
220 1616 24 75 e
261 1616 23 75 c
299 1616 46 75 t.
364 1616 52 75 II.
475 1616 66 75 Of
560 1616 66 75 the
669 1616 398 75 Skeleton.

154 1713 142 75 Among
315 1713 195 75 anatomifts,
536 1713 146 75 Skdeton
698 1713 27 75 is
742 1713 188 75 univerfally
945 1713 193 75 underfood

107 1759 35 75 to
154 1759 113 75 fignify
281 1759 56 75 the
360 1759 99 75 bones
475 1759 40 75 of
532 1759 133 75 animals
682 1759 172 75 connedcd
868 1759 160 75 together,
1053 1759 84 75 after

107 1804 55 75 the
177 1804 192 75 teguments,
393 1804 146 75 mufcles,
555 1804 133 75 bowels,
706 1804 125 75 glands,
848 1804 123 75 nerves,
988 1804 64 75 and
1066 1804 67 75 vef-

106 1851 59 75 lels
183 1851 52 75 are
251 1851 94 75 taken
363 1851 103 75 away.

154 1898 32 75 A
202 1898 139 75 fkeleton
359 1898 26 75 is
402 1898 66 75 laid
484 1898 37 75 to
536 1898 39 75 be
592 1898 18 75 a
627 1898 125 75 natural
769 1898 72 75 one,
857 1898 94 75 when
968 1898 54 75 the
1038 1898 98 75 bones

106 1944 53 75 are
174 1944 76 75 kept
270 1944 148 75 together
432 1944 46 75 by
494 1944 83 75 their
599 1944 72 75 own
687 1944 189 75 ligaments;
892 1944 74 75 .and
985 1944 26 75 it
1026 1944 28 75 is
1071 1944 63 75 cal-

105 1990 54 75 led
174 1990 171 75 artificial,
370 1990 93 75 when
491 1990 55 75 the
567 1990 99 75 bones
684 1990 52 75 are
757 1990 110 75 joined
885 1990 77 75 with
981 1990 88 75 wire,
1097 1990 38 75 or

105 2036 62 75 any
182 2036 94 75 other
291 2036 159 75 fubilance
466 2036 105 75 which
594 2036 27 75 is
638 2036 57 75 not
719 2036 71 75 part
806 2036 40 75 of
869 2036 55 75 the
939 2036 145 75 creature
1100 2036 35 75 to

106 2081 104 75 which
226 2081 79 75 they
323 2081 169 75 belonged.

151 2128 77 75 The
258 2128 116 75 human
405 2128 142 75 fkeleton
578 2128 27 75 is
633 2128 165 75 generally
817 2128 129 75 divided
977 2128 70 75 into
1079 2128 55 75 the

106 2173 126 75 Head,
250 2173 54 75 the
320 2173 157 75 Trunk,
494 2173 56 75 the
564 2173 197 75 Superior
787 2173 62 75 and
871 2173 56 75 the
943 2173 187 75 Inferior

106 2220 292 75 Extremities.

363 2335 76 75 OF
488 2335 134 75 THE
670 2335 198 75 HEAD.

153 2416 53 75 By
226 2416 55 75 the
300 2416 136 75 HeaJis
454 2416 104 75 meant
574 2416 43 75 all
645 2416 72 75 that
738 2416 178 75 fpheroidal
941 2416 71 75 part
1028 2416 105 75 which

104 2464 27 75 is
147 2464 111 75 placed
274 2464 100 75 above
389 2464 56 75 the
461 2464 64 75 fiiit
548 2464 82 75 bone
653 2464 41 75 of
711 2464 55 75 the
783 2464 92 75 neck.
924 2464 32 75 It
971 2464 162 75 therefore

104 2507 229 75 comprehends
349 2507 56 75 the
422 2507 140 75 cranium
578 2507 64 75 and
657 2507 97 75 bones
772 2507 40 75 of
830 2507 55 75 the
902 2507 80 75 face.

149 2555 77 75 The
241 2555 153 75 cranium,
412 2555 131 75 helmet,
565 2555 36 75 or
617 2555 186 75 brain-cafe,
823 2555 123 75 conGfs
964 2555 39 75 of
1013 2555 119 75 feveral

103 2601 116 75 pieces,
244 2601 105 75 which
368 2601 83 75 form
467 2601 17 75 a
502 2601 128 75 vaulted
646 2601 117 75 cavity,
782 2601 51 75 for
848 2601 131 75 lodging
994 2601 66 75 and
1075 2601 56 75 de-

103 2645 131 75 fending
245 2645 55 75 the
316 2645 90 75 brain
422 2645 62 75 and
508 2645 201 75 cerebellum,
727 2645 78 75 with
821 2645 84 75 their
921 2645 210 75 membranes,

102 2692 68 75 vefi'
170 2692 54 75 els,
250 2692 61 75 and
337 2692 123 75 nerves.

149 2740 77 75 The
241 2740 108 75 cavity
363 2740 41 75 of
414 2740 54 75 the
487 2740 139 75 cranium
651 2740 26 75 is
694 2740 228 75 proportioned
938 2740 34 75 to
989 2740 39 75 its
1057 2740 76 75 con-

102 2786 98 75 tents.
249 2786 112 75 Hence
379 2786 78 75 fuch
489 2786 18 75 a
535 2786 121 75 variety
682 2786 40 75 of
740 2786 40 75 its
809 2786 62 75 fize
888 2786 26 75 is
932 2786 152 75 obferved
1100 2786 31 75 in

103 2830 149 75 different
275 2830 135 75 fnbjeifls
425 2830 10 75 ;
462 2830 62 75 and
539 2830 99 75 hence
665 2830 25 75 it
722 2830 27 75 is
766 2830 125 75 neither
907 2830 35 75 fo
957 2830 101 75 broad
1069 2830 64 75 -nor

102 2878 33 75 fo
148 2878 83 75 deep
249 2878 31 75 at
311 2878 42 75 its
381 2878 168 75 fore-part,
575 2878 31 75 in
622 2878 107 75 which
752 2878 56 75 the
825 2878 141 75 anteriar
991 2878 89 75 lobes
1098 2878 41 75 of

102 2923 54 75 the
172 2923 90 75 brain
289 2923 53 75 are
368 2923 130 75 lodged,
524 2923 32 75 as
579 2923 26 75 it
631 2923 27 75 is
685 2923 133 75 behind,
843 2923 108 75 where
973 2923 55 75 the
1044 2923 87 75 large

102 2968 152 75 poflerior
283 2968 88 75 lobes
388 2968 40 75 of
439 2968 55 75 the
510 2968 101 75 brain,
635 2968 64 75 and
715 2968 55 75 the
791 2968 105 75 whole
924 2968 204 75 cerebellum,

104 3013 62 75 arc'
166 3013 182 75 contained.

1168 177 25 75 r
1308 177 40 75 O
1464 177 50 75 M
1627 177 52 75 Y.

2143 177 82 75 T5I

1246 237 76 75 The
1333 237 145 75 external
1494 237 123 75 furface
1632 237 42 75 of
1684 237 55 75 the
1756 237 98 75 upper
1869 237 72 75 part
1963 237 40 75 of
2020 237 54 75 the
2086 237 142 75 cranium

1197 283 27 75 is
1243 283 77 75 very
1335 283 139 75 fmooth,
1498 283 63 75 and
1587 283 108 75 equal,
1721 283 93 75 being
1830 283 77 75 only
1923 283 136 75 covered
2075 283 79 75 with
2170 283 56 75 the

1198 330 201 75 perioileum,
1426 330 163 75 (common
1602 330 35 75 to
1653 330 42 75 all
1712 330 56 75 the
1791 330 119 75 bones;
1937 330 58 75 but
2013 330 32 75 in
2058 330 56 75 the
2130 330 94 75 fkull,

1197 377 219 75 diflinguiflred
1432 377 43 75 by
1486 377 54 75 the
1557 377 91 75 name
1663 377 41 75 of
1713 377 241 75 pericranium),
1972 377 55 75 the
2039 377 68 75 thin
2119 377 105 75 front-

1197 421 42 75 tal
1265 421 61 75 and
1353 421 147 75 occipital
1532 421 146 75 mufcles,
1703 421 85 75 their
1819 421 171 75 tendinous
2010 421 213 75 aponeurofis,

1194 468 63 75 and
1272 468 79 75 with
1367 468 55 75 the
1439 468 146 75 common
1605 468 178 75 teguments
1800 468 41 75 of
1851 468 55 75 the
1922 468 108 75 body;
2056 468 96 75 while
2168 468 57 75 the

1191 515 148 75 external
1356 515 123 75 furface
1501 515 40 75 of
1566 515 40 75 its
1629 515 100 75 lower
1751 515 71 75 part
1840 515 59 75 has
1916 515 168 75 numerous
2101 515 122 75 rifrngs,

1192 561 202 75 depreffions,
1417 561 62 75 and
1505 561 103 75 holes,
1639 561 104 75 which
1769 561 105 75 afford
1905 561 188 75 convenient
2120 561 104 75 origin

1193 607 62 75 and
1270 607 148 75 infertion
1433 607 36 75 to
1486 607 54 75 the
1557 607 132 75 mufcles
1702 607 70 75 that
1789 607 53 75 are
1858 607 173 75 conne&ed
2042 607 35 75 to
2096 607 38 75 it,
2161 607 62 75 and

1192 653 94 75 allow
1301 653 65 75 fafe
1397 653 121 75 pafiage
1542 653 51 75 for
1619 653 56 75 the
1702 653 109 75 velfels
1838 653 64 75 and
1921 653 112 75 nerves
2058 653 71 75 that
2161 653 60 75 run

1189 701 141 75 through
1348 701 62 75 and
1426 701 75 75 near
1523 701 40 75 it.

1238 747 76 75 The
1330 747 136 75 internal
1482 747 123 75 furface
1620 747 41 75 of
1678 747 55 75 the
1749 747 100 75 upper
1865 747 71 75 part
1959 747 41 75 of
2016 747 55 75 the
2095 747 79 75 fkull
2194 747 27 75 is

1191 794 182 75 commonly
1387 794 140 75 fmooth,
1551 794 115 75 except
1682 794 107 75 where
1805 794 54 75 the
1876 794 109 75 veflels
2011 794 41 75 of
2070 794 56 75 the
2141 794 81 75 dura

1191 840 101 75 mater
1314 840 81 75 have
1420 840 92 75 made
1536 840 137 75 furrows
1698 840 33 75 in
1753 840 38 75 it,
1817 840 96 75 while
1937 840 56 75 the
2015 840 98 75 bones
2136 840 86 75 were

1191 885 75 75 foft.
1362 885 162 75 Surgeons
1547 885 112 75 fhould
1681 885 41 75 be
1739 885 143 75 cautious
1898 885 94 75 when
2008 885 79 75 they
2108 885 112 75 trepan

1190 932 89 75 here,
1304 932 68 75 left,
1398 932 32 75 in
1446 932 118 75 fawing
1580 932 37 75 or
1633 932 112 75 raifmg
1760 932 56 75 the
1833 932 82 75 bone
1930 932 107 75 where
2059 932 77 75 fuch
2150 932 70 75 fur-

1191 979 82 75 rows
1291 979 66 75 are,
1374 979 78 75 they
1464 979 117 75 wound
1592 979 86 75 thefe
1690 979 121 75 veffels.
1907 979 39 75 In
1963 979 54 75 the
2033 979 100 75 upper
2149 979 73 75 part

1191 1024 40 75 of
1252 1024 55 75 the
1323 1024 137 75 internal
1475 1024 123 75 furface
1621 1024 41 75 of
1678 1024 120 75 feveral
1821 1024 110 75 fkulls,
1957 1024 88 75 there
2069 1024 54 75 are
2139 1024 80 75 like-

1191 1072 150 75 wife,pits
1359 1072 40 75 of
1409 1072 151 75 different
1575 1072 198 75 magnitudes
1786 1072 63 75 and
1860 1072 129 75 figures,
2014 1072 104 75 which
2135 1072 84 75 feem

1190 1117 34 75 to
1240 1117 40 75 be
1296 1117 128 75 formed
1440 1117 43 75 by
1495 1117 84 75 fome
1596 1117 86 75 parts
1695 1117 40 75 of
1744 1117 56 75 the
1811 1117 91 75 brain
1914 1117 94 75 being
2020 1117 87 75 more
2119 1117 100 75 luxu-

1189 1165 83 75 riant
1296 1165 62 75 and
1382 1165 179 75 prominent
1584 1165 77 75 than
1695 1165 123 75 others.
1882 1165 128 75 Where
2041 1165 88 75 thefe
2154 1165 64 75 pits

1189 1212 65 75 are,
1279 1212 56 75 the
1358 1212 81 75 Ikull
1463 1212 26 75 is
1517 1212 35 75 fo
1574 1212 95 75 much
1693 1212 128 75 thinner
1843 1212 78 75 than
1937 1212 63 75 any
2013 1212 108 75 where
2143 1212 75 75 elfe,

1189 1257 69 75 that
1274 1257 26 75 it
1315 1257 27 75 is
1358 1257 89 75 often
1465 1257 156 75 rendered
1635 1257 210 75 diaphanous,
1870 1257 55 75 the
1949 1257 66 75 two
2037 1257 101 75 tables
2163 1257 55 75 be-*

1187 1303 55 75 ing
1264 1303 117 75 clofely
1403 1303 185 75 compacted
1614 1303 136 75 without
1779 1303 19 75 a
1823 1303 129 75 diploe;
1991 1303 55 75 the
2073 1303 86 75 want
2183 1303 42 75 of

1187 1350 105 75 which
1309 1350 25 75 is
1351 1350 143 75 fupplied
1511 1350 43 75 by
1577 1350 109 75 veffels
1714 1350 98 75 going
1834 1350 85 75 from
1943 1350 54 75 the
2014 1350 81 75 dura
2117 1350 102 75 mater

1188 1397 67 75 into
1272 1397 19 75 a
1306 1397 91 75 great
1413 1397 95 75 many
1523 1397 90 75 fmall
1628 1397 89 75 holes
1731 1397 182 75 obfervable
1928 1397 32 75 in
1976 1397 56 75 the
2049 1397 74 75 pits.
2213 1397 7 75 *

1186 1443 76 75 The
1278 1443 189 75 knowledge
1483 1443 41 75 of
1535 1443 85 75 thefe
1633 1443 62 75 pits
1707 1443 113 75 ftiould
1834 1443 94 75 teach
1939 1443 151 75 furgeons
2106 1443 35 75 to
2156 1443 63 75 faw

1187 1490 174 75 cautioufly
1383 1490 63 75 and
1467 1490 111 75 flowly
1601 1490 140 75 through
1766 1490 55 75 the
1837 1490 145 75 external
2000 1490 86 75 table
2102 1490 41 75 of
2161 1490 57 75 the

1186 1535 92 75 fkull,
1297 1535 91 75 when
1405 1535 79 75 they
1500 1535 53 75 are
1570 1535 195 75 performing
1776 1535 56 75 the
1848 1535 165 75 operation
2029 1535 40 75 of
2081 1535 55 75 the
2152 1535 65 75 tre-

1186 1582 81 75 pan;
1293 1582 93 75 fince,
1412 1582 32 75 in
1469 1582 19 75 a
1511 1582 121 75 patient
1655 1582 106 75 whole
1787 1582 140 75 cranium
1950 1582 57 75 has
2033 1582 86 75 thefe
2140 1582 78 75 pits,

1188 1628 56 75 the
1260 1628 80 75 dura
1355 1628 101 75 mater
1472 1628 62 75 and
1550 1628 89 75 brain
1660 1628 74 75 may
1749 1628 41 75 be
1805 1628 139 75 injured,
1968 1628 111 75 before
2098 1628 55 75 the
2169 1628 49 75 in-

1186 1675 150 75 ftrument
1359 1675 56 75 has
1439 1675 128 75 pierced
1590 1675 75 75 near
1689 1675 57 75 the
1769 1675 152 75 ordinary
1945 1675 158 75 thicknefs
2130 1675 42 75 of
2199 1675 21 75 a

1186 1721 84 75 table
1287 1721 40 75 of
1345 1721 55 75 the
1416 1721 93 75 Ikull.
1606 1721 75 75 The
1697 1721 136 75 internal
1855 1721 73 75 bafe
1951 1721 40 75 of
2009 1721 56 75 the
2086 1721 80 75 fkull
2187 1721 28 75 is

1185 1768 180 75 extremely
1380 1768 137 75 unequal
1542 1768 52 75 for
1614 1768 132 75 lodging
1766 1768 56 75 the
1844 1768 119 75 feveral
1979 1768 86 75 parts
2083 1768 61 75 and
2161 1768 55 75 ap-

1183 1814 148 75 pendices
1348 1814 41 75 of
1406 1814 54 75 the
1478 1814 89 75 brain
1590 1814 63 75 and
1667 1814 205 75 cerebellum,
1897 1814 62 75 and
1982 1814 149 75 allowing
2147 1814 72 75 paA

1184 1860 72 75 fage
1271 1860 63 75 and
1349 1860 132 75 defence
1505 1860 35 75 to
1563 1860 56 75 the
1641 1860 108 75 veffels
1775 1860 63 75 and
1861 1860 111 75 nerves
1988 1860 70 75 that
2075 1860 42 75 go
2133 1860 81 75 into,

1184 1906 38 75 or
1237 1906 91 75 come
1345 1906 57 75 out
1418 1906 188 75 from.thefe
1622 1906 99 75 parts.

1230 1953 76 75 The
1322 1953 98 75 bones
1437 1953 40 75 of
1488 1953 55 75 the
1559 1953 141 75 cranium
1717 1953 52 75 are
1781 1953 167 75 compofed
1965 1953 40 75 of
2016 1953 65 75 two
2098 1953 121 75 tables,-

1186 1999 61 75 and
1271 1999 219 75 intermediate
1514 1999 143 75 cancelli,
1682 1999 182 75 commonly
1880 1999 103 75 called
2000 1999 83 75 their
2100 1999 113 75 diploe.

1184 2045 76 75 The
1277 2045 145 75 external
1439 2045 87 75 table
1543 2045 27 75 is
1587 2045 156 75 thickeft;
1770 2045 56 75 the
1841 2045 103 75 inner,
1970 2045 84 75 from
2069 2045 42 75 its
2129 2045 85 75 thin-

1184 2092 68 75 nefs
1265 2092 63 75 and
1344 2092 191 75 confequent
1554 2092 194 75 brittlenefs,
1772 2092 57 75 has
1846 2092 57 75 got
1919 2092 55 75 the
1993 2092 92 75 name
2105 2092 40 75 of
2163 2092 51 75 tv-

1184 2139 87 75 trea.

1230 2185 77 75 The
1322 2185 107 75 diploe
1445 2185 57 75 has
1519 2185 94 75 much
1630 2185 56 75 the
1701 2185 84 75 fame
1800 2185 130 75 texture
1943 2185 63 75 and
2023 2185 66 75 ufes
2107 2185 33 75 in
2156 2185 62 75 the:

1183 2232 92 75 fkull,
1300 2232 35 75 as
1347 2232 55 75 the
1417 2232 131 75 cancelli
1565 2232 78 75 have
1654 2232 32 75 in
1703 2232 93 75 other
1811 2232 110 75 bones.

1231 2277 77 75 The
1331 2277 106 75 diploe
1455 2277 40 75 of
1514 2277 117 75 feveral
1659 2277 56 75 old
1737 2277 136 75 fubjefts
1898 2277 27 75 is
1949 2277 35 75 fo
2008 2277 203 75 obliterated,

1184 2323 70 75 that
1265 2323 104 75 fcarce
1382 2323 61 75 any
1457 2323 116 75 veftige
1590 2323 40 75 of
1649 2323 25 75 it
1691 2323 57 75 can
1765 2323 38 75 be
1820 2323 71 75 feen
1902 2323 10 75 ;
1940 2323 123 75 neither
2075 2323 25 75 is
2117 2323 26 75 it
2154 2323 56 75 ob-

1183 2369 140 75 fervable
1338 2369 33 75 in
1387 2369 85 75 fame
1490 2369 38 75 of
1547 2369 55 75 the
1618 2369 78 75 hard
1703 2369 129 75 "craggy
1847 2369 97 75 bones
1961 2369 33 75 at
2018 2369 55 75 the
2089 2369 71 75 hafe
2177 2369 43 75 of

1183 2415 54 75 the
1249 2415 93 75 Ikull.
1391 2415 111 75 Hence
1520 2415 37 75 an
1570 2415 100 75 ufeful
1687 2415 127 75 caution
1827 2415 35 75 to
1878 2415 147 75 furgeons
2043 2415 73 75 who
2133 2415 79 75 truft

1182 2461 35 75 to
1229 2461 55 75 the
1299 2461 162 75 bleeding,
1486 2461 87 75 want
1583 2461 41 75 of
1643 2461 171 75 refiftance,
1838 2461 62 75 and
1915 2461 120 75 change
2048 2461 39 75 of
2098 2461 112 75 found,

1183 2507 33 75 as
1244 2507 120 75 certain
1391 2507 119 75 marks,
1535 2507 33 75 in
1594 2507 56 75 the
1673 2507 164 75 operation
1864 2507 40 75 cf
1930 2507 56 75 the
2012 2507 124 75 trepan,
2160 2507 57 75 fun

1182 2553 149 75 knowing
1354 2553 93 75 when
1472 2553 84 75 their
1578 2553 184 75 inftrument
1786 2553 56 75 has
1865 2553 106 75 fawed
1991 2553 142 75 through
2154 2553 56 75 the

1183 2598 63 75 firft
1262 2598 97 75 table,
1385 2598 62 75 and
1463 2598 136 75 reached
1616 2598 55 75 the
1685 2598 120 75 diploe.

1226 2644 75 75 The
1319 2644 141 75 cranium
1473 2644 122 75 confifts
1612 2644 40 75 of
1670 2644 88 75 eight
1775 2644 109 75 bones,
1909 2644 47 75 fix
1973 2644 41 75 of
2032 2644 105 75 which
2155 2644 53 75 are

1182 2691 65 75 faid
1271 2691 35 75 to
1322 2691 40 75 be
1379 2691 128 75 proper,
1533 2691 62 75 and
1611 2691 56 75 the
1683 2691 94 75 other
1797 2691 66 75 two
1879 2691 54 75 are
1949 2691 158 75 reckoned
2123 2691 86 75 com-

1182 2737 72 75 mon
1272 2737 35 75 to
1329 2737 26 75 it
1372 2737 61 75 and
1449 2737 35 75 to
1499 2737 56 75 the
1576 2737 208 75 face.—The
1805 2737 47 75 fix
1868 2737 116 75 proper
2001 2737 66 75 are,
2093 2737 55 75 the
2173 2737 35 75 os

1181 2783 127 75 frontis,
1334 2783 66 75 two
1417 2783 62 75 effa
1494 2783 173 75 pnrietaiia,
1690 2783 68 75 two
1773 2783 65 75 offa
1857 2783 194 75 temporum,
2076 2783 63 75 and
2155 2783 55 75 the

1182 2828 34 75 os
1234 2828 155 75 occipitis.
1484 2828 75 75 The
1577 2828 144 75 common
1738 2828 64 75 are,
1819 2828 56 75 the
1887 2828 36 75 cs
1939 2828 191 75 ethmoides,
2148 2828 70 75 and-

1180 2877 199 75 fphenoides.

1227 2922 75 75 The
1318 2922 35 75 os
1371 2922 113 75 frontis
1502 2922 99 75 forms
1619 2922 54 75 the
1689 2922 104 75 whole
1805 2922 157 75 fore-part
1974 2922 41 75 of
2025 2922 54 75 the
2096 2922 109 75 vault;

1181 2968 54 75 the
1247 2968 64 75 two
1323 2968 62 75 offa
1401 2968 163 75 parietalia
1581 2968 82 75 form
1680 2968 55 75 the
1751 2968 100 75 upper
1867 2968 62 75 and
1948 2968 119 75 middle
2084 2968 71 75 part
2172 2968 41 75 of

1179 3014 46 75 it;
1259 3014 54 75 the
1339 3014 63 75 offa
1425 3014 180 75 iemporum
1622 3014 147 75 compofe
1792 3014 55 75 the
1873 3014 99 75 lower
1997 3014 72 75 cart
2092 3014 40 75 of
2151 3014 55 75 the

2106 3066 99 75 fides;
