2397 3387
154 168 82 75 588

652 168 37 75 B
761 168 40 75 O
875 168 40 75 O
986 168 40 75 K
1054 168 16 75 -
1102 168 38 75 K

152 241 100 75 Now,
276 241 35 75 to
327 241 93 75 make
437 241 55 75 the
514 241 135 75 method
665 241 38 75 of
715 241 98 75 doing
829 241 65 75 this
911 241 86 75 plain
1014 241 62 75 and
1091 241 94 75 intel-

151 288 110 75 ligible
290 288 34 75 to
352 288 19 75 a
398 288 136 75 learner,
559 288 25 75 it
610 288 80 75 muft
716 288 40 75 be
771 288 167 75 obferved,
963 288 84 75 that,
1072 288 43 75 by
1132 288 56 75 the

154 335 92 75 word
264 335 157 75 Balance,
447 335 181 75 merchants
644 335 190 75 underftand
861 335 55 75 the
944 335 171 75 difference
1131 335 55 75 be-

154 381 95 75 twixt
267 381 55 75 the
337 381 83 75 fums
444 381 42 75 on
511 381 56 75 the
584 381 53 75 Dr
652 381 62 75 and
732 381 47 75 Cr
801 381 80 75 fides
896 381 40 75 of
948 381 63 75 any
1027 381 157 75 accompt.

154 428 123 75 Which
296 428 173 75 difference
485 428 95 75 being
592 428 131 75 entered
738 428 40 75 on
797 428 55 75 the
869 428 154 75 defedive
1041 428 75 75 fide,
1134 428 60 75 the^

155 475 147 75 accompt
314 475 26 75 is
357 475 67 75 faid
440 475 34 75 to
491 475 39 75 be
542 475 152 75 balanced
706 475 10 75 ;
743 475 71 75 that
826 475 40 75 is,
884 475 34 75 to
936 475 79 75 have
1032 475 54 75 the
1104 475 83 75 fums

155 522 41 75 of
207 522 54 75 the
280 522 52 75 Dr
349 522 62 75 and
438 522 48 75 Cr
513 522 79 75 Tides
614 522 132 75 evened,
772 522 38 75 or
837 522 93 75 made
954 522 108 75 equal.
1110 522 80 75 And

154 569 56 75 the
226 569 79 75 fides
322 569 40 75 of
377 569 55 75 the
448 569 118 75 feveral
584 569 161 75 accompts
762 569 200 75 throughout
985 569 56 75 the
1058 569 131 75 Ledger

155 616 95 75 being
267 616 73 75 thus
358 616 132 75 evened,
516 616 63 75 and
594 616 56 75 the
667 616 81 75 total
765 616 82 75 fums
865 616 150 75 formally
1031 616 47 75 fet
1094 616 96 75 down

156 664 40 75 on
213 664 56 75 the
285 664 72 75 foot
372 664 40 75 of
424 664 54 75 the
495 664 174 75 accompts,
693 664 56 75 the
762 664 130 75 Ledger
903 664 26 75 is
946 664 67 75 faid
1028 664 34 75 to
1078 664 40 75 be
1135 664 54 75 ba-

154 710 125 75 lanced,
304 710 118 75 clofed,
448 710 37 75 or
501 710 141 75 finifhed.
692 710 119 75 Again,
837 710 31 75 in
896 710 96 75 order
1020 710 35 75 to
1072 710 116 75 under-

154 756 89 75 fland
259 756 74 75 how
357 756 55 75 the
436 756 70 75 new
530 756 175 75 Inventory
732 756 27 75 is
787 756 126 75 formed
940 756 85 75 from
1053 756 56 75 the
1136 756 57 75 old

156 803 141 75 Ledger,
316 803 26 75 it
353 803 80 75 muft
448 803 40 75 be
500 803 165 75 obferved,
684 803 71 75 that
772 803 87 75 thefe
872 803 146 75 balances
1030 803 38 75 or
1080 803 110 75 differ-

156 850 93 75 ences
278 850 40 75 of
341 850 55 75 the
424 850 79 75 fides
531 850 40 75 of
594 850 175 75 accompts,
795 850 53 75 are
865 850 40 75 of
915 850 151 75 different
1081 850 109 75 kinds.

154 897 39 75 In
209 897 87 75 fome
312 897 166 75 accounts,
504 897 55 75 the
584 897 131 75 balance
740 897 40 75 is,
805 897 56 75 the
877 897 72 75 gain
966 897 36 75 or
1018 897 63 75 lofs
1098 897 93 75 made

154 944 85 75 upon
268 944 55 75 the
345 944 63 75 fale
433 944 40 75 of
494 944 102 75 goods
610 944 10 75 ;
647 944 32 75 in
704 944 97 75 fome,
827 944 56 75 the
910 944 131 75 balance
1068 944 40 75 is,
1134 944 56 75 the

155 991 86 75 price
257 991 39 75 of
307 991 103 75 goods
438 991 175 75 remaining
637 991 131 75 unfold;
795 991 64 75 and
881 991 33 75 in
938 991 121 75 others,
1085 991 26 75 it
1127 991 26 75 is
1172 991 18 75 a

155 1037 78 75 debt
248 1037 62 75 due
327 1037 47 75 to,
400 1037 38 75 or
454 1037 43 75 by
513 1037 56 75 the
585 1037 177 75 merchant,
777 1037 76 75 -fyc.
917 1037 100 75 Now,
1043 1037 147 75 balances

155 1085 41 75 of
213 1085 56 75 the
291 1085 64 75 firft
379 1085 91 75 kind,
495 1085 69 75 viz.
591 1085 39 75 of
648 1085 71 75 gain
745 1085 37 75 or
805 1085 76 75 lofs,
906 1085 81 75 muft
1014 1085 39 75 be
1080 1085 109 75 diftin-

155 1131 129 75 guifhed
301 1131 84 75 from
402 1131 55 75 the
479 1131 71 75 reft,
569 1131 62 75 and
647 1131 123 75 carried
789 1131 34 75 to
839 1131 57 75 the
911 1131 102 75 Profit
1031 1131 62 75 and
1105 1131 84 75 Lofs

155 1177 165 75 accompt;
346 1177 106 75 which
469 1177 94 75 being
579 1177 95 75 done,
699 1177 55 75 the
772 1177 129 75 balance
918 1177 37 75 or
971 1177 173 75 difference
1156 1177 40 75 of

154 1226 41 75 its
213 1226 90 75 fides,
329 1226 66 75 will
410 1226 40 75 be
467 1226 55 75 the
540 1226 72 75 gain
639 1226 37 75 or
698 1226 62 75 lofs
785 1226 92 75 made
900 1226 85 75 upon
1009 1226 61 75 one
1086 1226 104 75 year’s

155 1271 104 75 trade,
284 1271 63 75 and
374 1271 76 75 goes
477 1271 35 75 to
540 1271 56 75 the
623 1271 276 75 Stock-accompt.
949 1271 57 75 All
1022 1271 56 75 the
1094 1271 96 75 other

154 1318 94 75 kinds
266 1318 40 75 of
317 1318 145 75 balances
478 1318 80 75 muft
571 1318 38 75 be
626 1318 140 75 brought
777 1318 148 75 together
939 1318 69 75 into
1024 1318 61 75 one
1098 1318 91 75 fpace

155 1365 37 75 or
209 1365 92 75 folio,
321 1365 99 75 under
437 1365 54 75 the
509 1365 70 75 title
595 1365 40 75 of
649 1365 315 75 Balance-accompt,
983 1365 62 75 and
1063 1365 52 75 are
1133 1365 55 75 the

154 1411 79 75 very
259 1411 127 75 articles
410 1411 41 75 of
462 1411 105 75 which
583 1411 55 75 the
655 1411 175 75 Inventory
844 1411 27 75 is
889 1411 92 75 made
1007 1411 55 75 up.
1112 1411 77 75 The

154 1458 80 75 moit
250 1458 126 75 natural
393 1458 128 75 method
540 1458 40 75 of
592 1458 163 75 balancing
772 1458 55 75 the
844 1458 133 75 Ledger
1003 1458 39 75 is,
1067 1458 64 75 firft
1154 1458 35 75 to

154 1505 89 75 point
261 1505 57 75 out
334 1505 87 75 what
437 1505 26 75 is
480 1505 169 75 contained
665 1505 84 75 upon
770 1505 55 75 the
842 1505 52 75 Dr
911 1505 62 75 and
996 1505 47 75 Cr
1060 1505 78 75 fides
1154 1505 40 75 of

155 1552 77 75 each
250 1552 157 75 accompt,
434 1552 61 75 and
519 1552 228 75 confequently
763 1552 87 75 what
873 1552 55 75 the
946 1552 145 75 balances
1108 1552 53 75 are
1176 1552 11 75 ;

155 1598 62 75 and
233 1598 88 75 then,
347 1598 35 75 to
398 1598 83 75 fhew
497 1598 55 75 the
569 1598 185 75 mercantile
778 1598 63 75 and
869 1598 161 75 approved
1057 1598 71 75 way
1155 1598 40 75 of

156 1645 95 75 going
268 1645 35 75 to
318 1645 103 75 work,
446 1645 33 75 in
497 1645 117 75 doling
629 1645 56 75 the
709 1645 142 75 Ledger,
876 1645 168 75 colle&ing
1060 1645 56 75 the
1132 1645 57 75 ba-

155 1691 118 75 lances,
299 1691 62 75 and
377 1691 186 75 converting
579 1691 88 75 them
683 1691 69 75 into
764 1691 17 75 a
794 1691 69 75 new
879 1691 188 75 Inventory.
1102 1691 87 75 This

156 1740 48 75 we
224 1740 76 75 fhall
317 1740 43 75 do
376 1740 33 75 in
426 1740 55 75 the
498 1740 84 75 form
598 1740 40 75 of
651 1740 174 75 problems.

464 1843 35 75 P
548 1843 39 75 R
636 1843 38 75 O
723 1843 48 75 B.
848 1843 35 75 I.

160 1930 112 75 What
300 1930 61 75 the
394 1930 181 75 Balances
594 1930 50 75 'in
676 1930 60 75 the
764 1930 192 75 Accompts
985 1930 49 75 of
1056 1930 135 75 proper

565 1978 121 75 Tracle
712 1978 77 75 are,

208 2079 16 75 §
249 2079 33 75 i.
317 2079 114 75 JVhat
453 2079 63 75 the
541 2079 181 75 Balances
747 2079 39 75 in
805 2079 138 75 proper
972 2079 168 75 domejlic

567 2125 120 75 Trade
706 2125 76 75 are.

371 2198 29 75 i.
424 2198 255 75 Cafh-accompt,
704 2198 56 75 N°
784 2198 29 75 I.
842 2198 62 75 and
929 2198 58 75 61.

209 2246 218 75 Contains,
464 2246 84 75 upon
581 2246 55 75 the
664 2246 53 75 Dr
741 2246 74 75 fide,
852 2246 56 75 the
943 2246 99 75 ready
1077 2246 116 75 money

161 2295 106 75 which
299 2295 55 75 the
381 2295 165 75 merchant
573 2295 65 75 had
662 2295 33 75 at
722 2295 75 75 firft,
823 2295 38 75 or
887 2295 94 75 when
1008 2295 55 75 the
1091 2295 101 75 books

160 2342 85 75 were
262 2342 104 75 begun
380 2342 11 75 ;
417 2342 148 75 together
581 2342 79 75 with
678 2342 42 75 all
736 2342 41 75 he
793 2342 58 75 has
869 2342 146 75 received
1029 2342 81 75 fince
1122 2342 70 75 that

164 2388 90 75 time.
304 2388 76 75 The
408 2388 47 75 Cr
470 2388 63 75 fide
561 2388 142 75 contains
729 2388 42 75 all
798 2388 56 75 the
881 2388 164 75 payments
1068 2388 41 75 he
1136 2388 57 75 has

163 2436 105 75 made,
294 2436 37 75 or
346 2436 57 75 the
418 2436 116 75 money
546 2436 40 75 he
602 2436 58 75 has
676 2436 93 75 given
785 2436 70 75 out.
906 2436 46 75 So
968 2436 71 75 that
1061 2436 56 75 the
1131 2436 63 75 dif-

164 2481 126 75 ference
305 2481 40 75 of
360 2481 55 75 the
431 2481 66 75 two
513 2481 80 75 fides
617 2481 40 75 is,
682 2481 56 75 the
762 2481 98 75 ready
883 2481 115 75 money
1014 2481 40 75 he
1071 2481 58 75 has
1153 2481 43 75 by

165 2529 89 75 him;
281 2529 62 75 and
360 2529 160 75 therefore
537 2529 63 75 this
618 2529 145 75 accompt
778 2529 27 75 is
823 2529 117 75 clofed,
959 2529 43 75 by
1017 2529 94 75 being
1128 2529 68 75 cre-

165 2576 90 75 dited
271 2576 44 75 by
329 2576 153 75 Balance,
507 2576 51 75 for
575 2576 56 75 the
653 2576 67 75 faid
736 2576 186 75 difference.

168 2647 34 75 2.
227 2647 56 75 An
312 2647 152 75 Accompt
491 2647 44 75 of
548 2647 115 75 Goods,
688 2647 56 75 N°
770 2647 33 75 2.
833 2647 33 75 3.
891 2647 55 75 II.
976 2647 53 75 12.
1060 2647 54 75 14.
1142 2647 54 75 18.

522 2690 56 75 20.
605 2690 56 75 21.
689 2690 57 75 27.
781 2690 64 75 <bc.

215 2738 155 75 Contains
392 2738 85 75 upon
493 2738 56 75 the
567 2738 52 75 Dr
643 2738 75 75 fide,
743 2738 55 75 the
815 2738 99 75 prime
931 2738 65 75 coft
1021 2738 62 75 and
1105 2738 92 75 char-

168 2786 56 75 ges
236 2786 9 75 ;
273 2786 74 75 and,
373 2786 85 75 upon
470 2786 55 75 the
542 2786 48 75 Cr
602 2786 72 75 fide,
702 2786 55 75 the
774 2786 61 75 fale
847 2786 36 75 or
896 2786 132 75 difpofal
1046 2786 39 75 of
1096 2786 99 75 them.

169 2833 46 75 So
239 2833 70 75 that
329 2833 90 75 there
447 2833 53 75 are
527 2833 76 75 here
630 2833 91 75 three
747 2833 158 75 varieties.
959 2833 30 75 1.
1015 2833 111 75 When
1142 2833 56 75 the

168 2879 103 75 goods
288 2879 52 75 are
365 2879 42 75 all
429 2879 143 75 difpoftd
597 2879 47 75 of,
669 2879 103 75 which
790 2879 26 75 is
833 2879 117 75 known
967 2879 42 75 by
1025 2879 56 75 the
1107 2879 90 75 inner

168 2926 143 75 columns
327 2926 95 75 being
443 2926 107 75 equal,
575 2926 55 75 the
654 2926 171 75 difference
850 2926 39 75 of
908 2926 42 75 its
975 2926 78 75 fides
1075 2926 41 75 is,
1141 2926 55 75 the

169 2972 72 75 gain
264 2972 39 75 or
329 2972 61 75 lofs
408 2972 91 75 made
516 2972 83 75 upon
618 2972 54 75 the
695 2972 62 75 fale
768 2972 19 75 ^
805 2972 60 75 and
893 2972 34 75 fo
954 2972 27 75 is
1009 2972 118 75 clofed,
1152 2972 43 75 by

169 3018 153 75 charging
338 3018 25 75 it
389 3018 53 75 Dr
457 3018 35 75 to
517 3018 101 75 Profit
643 3018 62 75 and
730 3018 94 75 Lofs,
849 3018 50 75 for
916 3018 55 75 the
987 3018 86 75 gain,
1098 3018 31 75 if
1141 3018 54 75 the

168 3067 47 75 Cr
231 3067 63 75 fide
317 3067 39 75 be
379 3067 137 75 heavieft
529 3067 12 75 >
567 3067 38 75 or
631 3067 108 75 giving
759 3067 26 75 it
809 3067 101 75 credit
937 3067 42 75 by
1003 3067 103 75 Profit
1131 3067 63 75 and

1224 168 22 75 E
1317 168 36 75 E
1425 168 35 75 P
1532 168 19 75 I
1623 168 44 75 N
1740 168 54 75 G.

1236 242 95 75 Lofs,
1357 242 52 75 for
1433 242 56 75 the
1513 242 74 75 lofs,
1613 242 31 75 if
1659 242 55 75 the
1738 242 52 75 Dr
1814 242 62 75 fide
1899 242 39 75 be
1963 242 149 75 heavieft.
2161 242 53 75 N°
2233 242 33 75 2.

1240 289 52 75 11.
1317 289 53 75 14.
1397 289 52 75 18.
1476 289 64 75 <bc.
1591 289 33 75 2.
1649 289 113 75 When
1781 289 82 75 none
1880 289 40 75 of
1932 289 54 75 the
2010 289 101 75 goods
2131 289 54 75 are
2206 289 61 75 dif-

1236 334 98 75 pofed
1353 334 47 75 of,
1426 334 106 75 which
1550 334 64 75 will
1630 334 116 75 appear
1762 334 44 75 by
1822 334 55 75 the
1895 334 48 75 Cr
1959 334 63 75 fide
2038 334 95 75 being
2149 334 119 75 empty,

1237 381 76 75 then
1330 381 26 75 it
1373 381 26 75 is
1417 381 106 75 clofed
1539 381 42 75 by
1598 381 152 75 Balance,
1775 381 53 75 for
1850 381 56 75 the
1930 381 105 75 whole
2060 381 68 75 fum
2150 381 41 75 on
2215 381 55 75 the

1239 427 53 75 Dr
1307 427 75 75 fide.
1432 427 52 75 N°
1503 427 58 75 21.
1580 427 58 75 27.
1665 427 64 75 isc.
1781 427 32 75 3.
1839 427 110 75 When
1967 427 77 75 only
2061 427 71 75 part
2155 427 41 75 of
2214 427 56 75 the

1237 474 100 75 goods
1355 474 54 75 are
1425 474 143 75 difpofed
1593 474 48 75 of,
1667 474 104 75 which
1790 474 67 75 will
1875 474 113 75 appear
2005 474 44 75 by
2065 474 55 75 the
2137 474 132 75 inequa-

1239 520 60 75 lity
1315 520 40 75 of
1367 520 55 75 the
1439 520 327 75 quantity-columns;
1786 520 63 75 this
1867 520 68 75 cafe
1951 520 143 75 requires
2107 520 161 75 common-

1235 568 35 75 ly
1286 568 64 75 two
1367 568 116 75 clofing
1500 568 130 75 entries,
1656 568 69 75 viz.
1751 568 95 75 Firft,
1871 568 55 75 the
1946 568 145 75 accompt
2117 568 81 75 muft
2226 568 41 75 be

1237 616 143 75 credited
1395 616 44 75 by
1454 616 153 75 Balance,
1624 616 61 75 ibr
1701 616 56 75 the
1774 616 101 75 goods
1892 616 185 75 remaining,
2103 616 115 75 valued
2234 616 35 75 at

1238 661 55 75 the
1309 661 100 75 prime
1429 661 86 75 coft;
1542 661 106 75 which
1664 661 110 75 equals
1793 661 53 75 the
1862 661 90 75 inner
1972 661 141 75 columns
2126 661 9 75 :
2169 661 100 75 After

1238 708 75 75 this,
1339 708 31 75 if
1381 708 55 75 the
1454 708 274 75 money-columns
1746 708 39 75 be
1801 708 150 75 unequal,
1977 708 26 75 it
2021 708 80 75 muft
2118 708 39 75 be
2177 708 93 75 made

1241 754 52 75 Dr
1313 754 47 75 to,
1386 754 37 75 or
1440 754 47 75 Cr
1504 754 43 75 by
1562 754 104 75 Profit
1684 754 63 75 and
1762 754 96 75 Lofs,
1883 754 52 75 for
1962 754 55 75 the
2044 754 72 75 gain
2143 754 37 75 or
2208 754 64 75 lofs

1240 801 92 75 made
1348 801 84 75 upon
1450 801 86 75 what
1556 801 54 75 are
1637 801 91 75 fold;
1755 801 105 75 which
1888 801 95 75 evens
2012 801 56 75 the
2095 801 92 75 outer
2214 801 55 75 co-

1240 848 116 75 lumns,
1382 848 62 75 and
1460 848 98 75 clofes
1575 848 55 75 the
1647 848 176 75 accompts.
1872 848 53 75 N°
1949 848 32 75 3.
2010 848 53 75 12.

1288 897 86 75 Note
1396 897 30 75 1.
1475 897 37 75 If
1523 897 55 75 the
1590 897 100 75 goods
1708 897 53 75 are
1777 897 41 75 of
1829 897 150 75 different
1994 897 93 75 kinds
2100 897 38 75 or
2153 897 115 75 prices,
2293 897 6 75 •

1240 942 33 75 as
1305 942 79 75 they
1414 942 112 75 fhould
1557 942 38 75 be
1619 942 235 75 diftinguifhed,
1896 942 92 75 when
2016 942 110 75 pofted
2153 942 35 75 to
2215 942 55 75 the

1238 988 142 75 Ledger,
1397 988 45 75 by
1453 988 151 75 different
1619 988 163 75 numbers,
1800 988 38 75 or
1849 988 141 75 feparate
2002 988 88 75 inner
2102 988 165 75 columns;

1238 1036 34 75 fo
1300 1036 71 75 care
1399 1036 81 75 muft
1503 1036 40 75 be
1570 1036 109 75 taken,
1711 1036 31 75 in
1771 1036 168 75 balancing
1965 1036 55 75 the
2048 1036 160 75 accompt,
2233 1036 36 75 to

1239 1082 140 75 mention
1395 1082 56 75 the
1468 1082 78 75 kind
1567 1082 40 75 of
1625 1082 102 75 goods
1745 1082 174 75 remaining
1935 1082 124 75 unfold,
2085 1082 62 75 and
2162 1082 35 75 to
2213 1082 55 75 va-

1237 1129 52 75 lue
1307 1129 88 75 them
1419 1129 33 75 at
1476 1129 84 75 their
1575 1129 73 75 own
1665 1129 115 75 prices.

1286 1177 89 75 Note
1398 1177 35 75 2.
1481 1177 34 75 A
1532 1177 166 75 merchant
1714 1177 85 75 may,
1825 1177 33 75 at
1874 1177 62 75 any
1954 1177 89 75 time,
2067 1177 98 75 know
2183 1177 88 75 what

1239 1223 101 75 goods
1356 1223 42 75 he
1416 1223 58 75 has
1498 1223 41 75 on
1556 1223 97 75 hand,
1679 1223 44 75 by
1746 1223 183 75 comparing
1947 1223 55 75 the
2017 1223 91 75 inner
2125 1223 144 75 columns

1237 1268 40 75 of
1288 1268 55 75 the
1359 1268 177 75 Accompts
1564 1268 40 75 of
1623 1268 131 75 Goods,
1779 1268 137 75 without
1944 1268 95 75 being
2065 1268 57 75 put
2149 1268 36 75 to
2212 1268 57 75 the

1237 1314 127 75 trouble
1396 1314 40 75 of
1457 1314 171 75 infpefting
1654 1314 51 75 his
1733 1314 195 75 warehoufe,
1954 1314 63 75 and
2045 1314 159 75 weighing
2230 1314 39 75 or

1236 1360 178 75 meafuring
1436 1360 55 75 the
1508 1360 101 75 goods
1626 1360 202 75 themfelves.

1285 1408 87 75 Note
1398 1408 33 75 3.
1479 1408 38 75 If
1538 1408 91 75 there
1654 1408 42 75 be
1727 1408 105 75 inlack
1859 1408 39 75 or
1924 1408 148 75 outcome
2094 1408 40 75 of
2151 1408 116 75 goods,

1237 1453 70 75 that
1324 1453 40 75 is,
1389 1453 105 75 defeft
1518 1453 38 75 or
1578 1453 111 75 excefs
1708 1453 33 75 in
1761 1453 121 75 weight
1907 1453 38 75 or
1972 1453 153 75 meafure,
2148 1453 27 75 it
2201 1453 68 75 will

1236 1500 135 75 happen,
1397 1500 92 75 when
1506 1500 56 75 the
1578 1500 101 75 goods
1697 1500 54 75 are
1768 1500 41 75 all
1830 1500 144 75 difpofed
1989 1500 48 75 of,
2063 1500 70 75 that
2150 1500 54 75 the
2221 1500 48 75 in-

1238 1547 56 75 ner
1310 1547 144 75 columns
1472 1547 66 75 will
1563 1547 57 75 not
1639 1547 40 75 be
1707 1547 108 75 equal.
1863 1547 39 75 In
1930 1547 65 75 this
2023 1547 81 75 cafe,
2131 1547 54 75 the
2213 1547 56 75 ba-

1237 1594 90 75 lance
1343 1594 38 75 or
1396 1594 142 75 equality
1556 1594 80 75 muft
1660 1594 39 75 be
1716 1594 153 75 reftored,
1894 1594 43 75 by
1952 1594 153 75 inferting
2121 1594 34 75 as
2172 1594 97 75 much

1238 1641 31 75 in
1286 1641 55 75 the
1357 1641 148 75 deficient
1532 1641 128 75 column
1688 1641 33 75 as
1749 1641 67 75 will
1840 1641 92 75 make
1949 1641 25 75 it
1990 1641 94 75 equal
2109 1641 34 75 to
2162 1641 53 75 the
2231 1641 36 75 o-

1240 1687 85 75 ther,
1350 1687 128 75 writing
1502 1687 56 75 the
1574 1687 107 75 words
1702 1687 125 75 Inlack,
1854 1687 117 75 Broken
1992 1687 71 75 Loft
2080 1687 35 75 in
2131 1687 134 75 weight,

1242 1733 150 75 Ullaged,
1419 1733 162 75 Outcome,
1606 1733 38 75 or
1666 1733 55 75 the
1736 1733 78 75 like,
1839 1733 112 75 before
1971 1733 38 75 it,
2035 1733 33 75 as
2084 1733 57 75 the
2158 1733 110 75 reafon

1238 1780 76 75 why
1330 1780 26 75 it
1372 1780 26 75 is
1415 1780 125 75 added:
1560 1780 58 75 but
1631 1780 135 75 nothing
1778 1780 76 75 goes
1867 1780 34 75 to
1913 1780 55 75 the
1980 1780 287 75 money-columns.

1550 1859 33 75 3.
1610 1859 102 75 Plate
1735 1859 70 75 and
1822 1859 139 75 Jewels.

1286 1906 84 75 This
1388 1906 134 75 account
1540 1906 155 75 contains,
1721 1906 41 75 on
1787 1906 56 75 the
1862 1906 53 75 Dr
1932 1906 75 75 fide,
2031 1906 56 75 the
2111 1906 106 75 things
2234 1906 41 75 of

1237 1953 71 75 that
1324 1953 77 75 kind
1418 1953 62 75 you
1498 1953 52 75 are
1567 1953 150 75 poffeffed
1732 1953 59 75 of;
1817 1953 75 75 and,
1917 1953 64 75 like
2008 1953 40 75 an
2071 1953 147 75 accompt
2234 1953 39 75 of

1238 1999 100 75 goods
1361 1999 173 75 remaining
1557 1999 41 75 on
1614 1999 98 75 hand,
1737 1999 27 75 is
1789 1999 118 75 clofed,
1933 1999 43 75 by
2003 1999 95 75 being
2125 1999 144 75 credited

1241 2046 42 75 by
1299 2046 152 75 Balance.

1276 2134 33 75 4.
1330 2134 335 75 Perfonalaccompts,
1682 2134 53 75 N°
1752 2134 32 75 5.
1799 2134 33 75 6.
1850 2134 33 75 7.
1898 2134 34 75 9.
1952 2134 53 75 10.
2023 2134 54 75 13.
2095 2134 54 75 15.
2168 2134 65 75 fyc.

1290 2180 152 75 Contain,
1467 2180 86 75 upon
1569 2180 55 75 the
1642 2180 53 75 Dr
1711 2180 74 75 fide,
1810 2180 56 75 the
1883 2180 93 75 debts
1993 2180 62 75 due
2072 2180 44 75 by
2127 2180 55 75 the
2199 2180 71 75 per-

1241 2228 55 75 fon
1312 2228 35 75 to
1365 2228 55 75 the
1438 2228 175 75 merchant,
1639 2228 79 75 with
1735 2228 54 75 the
1812 2228 165 75 payments
2000 2228 92 75 made
2108 2228 84 75 upon
2209 2228 61 75 any

1241 2274 93 75 other
1350 2274 87 75 fcore
1456 2274 45 75 by
1515 2274 56 75 the
1587 2274 164 75 merchant
1774 2274 36 75 to
1825 2274 80 75 him.
1952 2274 145 75 The-Cr
2112 2274 62 75 fide
2195 2274 76 75 con-

1241 2320 80 75 tains
1338 2320 56 75 the
1411 2320 164 75 payments
1593 2320 91 75 made
1702 2320 43 75 by
1761 2320 56 75 the
1833 2320 112 75 perfon
1961 2320 36 75 to
2013 2320 56 75 the
2092 2320 178 75 merchant,

1241 2368 79 75 with
1337 2368 56 75 the
1408 2368 92 75 debts
1517 2368 62 75 due
1603 2368 41 75 by
1661 2368 55 75 the
1738 2368 165 75 merchant
1919 2368 35 75 to
1976 2368 56 75 the
2056 2368 68 75 faid
2145 2368 124 75 perfon,

1243 2414 83 75 upon
1353 2414 63 75 any
1433 2414 91 75 other
1541 2414 153 75 dealings.
1745 2414 46 75 So
1815 2414 71 75 that
1912 2414 91 75 there
2025 2414 53 75 are
2103 2414 75 75 here
2206 2414 66 75 two

1245 2461 96 75 cafes.
1396 2461 58 75 \ft.
1479 2461 37 75 If
1527 2461 54 75 the
1601 2461 54 75 Dr
1671 2461 61 75 fide
1748 2461 40 75 be
1811 2461 150 75 heavieft,
1986 2461 54 75 the
2057 2461 171 75 difference
2244 2461 29 75 is

1245 2510 19 75 a
1275 2510 77 75 debt
1364 2510 62 75 due
1439 2510 43 75 by
1494 2510 55 75 the
1562 2510 111 75 perfon
1684 2510 35 75 to
1734 2510 55 75 the
1801 2510 176 75 merchant.
2005 2510 53 75 N°
2072 2510 54 75 13.
2139 2510 55 75 24.
2206 2510 65 75 <bc.

1246 2555 86 75 idly.
1356 2555 38 75 If
1405 2555 54 75 the
1476 2555 47 75 Cr
1540 2555 64 75 fide
1620 2555 39 75 be
1675 2555 150 75 heavieft,
1849 2555 57 75 the
1930 2555 172 75 difference
2118 2555 26 75 is
2162 2555 17 75 a
2195 2555 79 75 debt

1245 2598 62 75 due
1323 2598 42 75 by
1379 2598 54 75 the
1450 2598 164 75 merchant
1629 2598 35 75 to
1680 2598 55 75 the
1752 2598 122 75 perfon.
1923 2598 57 75 N°
2005 2598 125 75 15.57.
2194 2580 85 49 J^n^-

1245 2648 33 75 in
1293 2648 80 75 both
1390 2648 84 75 cafes
1490 2648 55 75 the
1563 2648 144 75 accompt
1722 2648 27 75 is
1769 2648 118 75 clofed,
1909 2648 46 75 by
1970 2648 129 75 making
2115 2648 26 75 it
2156 2648 54 75 Dr
2224 2648 47 75 to,

1247 2694 36 75 or
1302 2694 45 75 Cr
1365 2694 44 75 by
1425 2694 151 75 Balance,
1602 2694 51 75 for
1669 2694 56 75 the
1740 2694 172 75 difference
1928 2694 40 75 of
1981 2694 43 75 its
2047 2694 93 75 fides.

1508 2773 32 75 5.
1566 2773 86 75 Bills
1670 2773 188 75 receivable,
1883 2773 57 75 N°
1958 2773 57 75 25.

1292 2820 85 75 This
1387 2820 25 75 is
1430 2820 18 75 a
1467 2820 126 75 general
1611 2820 143 75 perfonal
1772 2820 156 75 accompt,
1954 2820 62 75 and
2032 2820 142 75 contains
2191 2820 83 75 upon

1246 2870 54 75 the
1318 2870 53 75 Dr
1387 2870 75 75 fide,
1480 2870 72 75 bills
1570 2870 163 75 accepted,
1751 2870 62 75 and
1829 2870 132 75 payable
1978 2870 34 75 to
2029 2870 55 75 the
2097 2870 177 75 merchant.

1246 2915 75 75 The
1337 2915 47 75 Cr
1400 2915 63 75 fide
1480 2915 142 75 contains
1639 2915 56 75 the
1711 2915 164 75 payments
1890 2915 40 75 he
1946 2915 58 75 has
2021 2915 157 75 received.
2229 2915 46 75 So

1246 2962 70 75 that
1333 2962 54 75 the
1405 2962 171 75 difference
1593 2962 40 75 of
1644 2962 41 75 its
1702 2962 78 75 fides
1806 2962 46 75 (if
1865 2962 89 75 there
1971 2962 39 75 be
2028 2962 77 75 any)
2124 2962 39 75 is,
2188 2962 88 75 what

1246 3009 26 75 is
1289 3009 54 75 yet
1361 3009 115 75 unpaid
1490 3009 8 75 :
1535 3009 75 75 And
1627 3009 54 75 the
1700 3009 146 75 accompt
1868 3009 25 75 is
1912 3009 119 75 clofed,
2056 3009 44 75 by
2116 3009 108 75 giving
2251 3009 26 75 it

1244 3055 102 75 credit
1363 3055 42 75 by
1425 3055 152 75 Balance,
1607 3055 53 75 for
1676 3055 54 75 the
1746 3055 68 75 faid
1830 3055 186 75 difference.
2127 3096 35 75 6.
2186 3096 88 75 Bills
