2431 3327
491 142 41 75 A
591 142 41 75 G
675 142 7 75 .
691 142 41 75 O

1065 142 19 75 (
1144 142 14 75 s

165 211 37 75 of
212 211 109 75 father
337 211 18 75 a
369 211 71 75 part
451 211 40 75 of
502 211 37 75 it,
564 211 33 75 in
609 211 109 75 march
731 211 9 75 :
765 211 96 75 Thus
879 211 48 75 we
944 211 77 75 read
1035 211 41 75 of
1088 211 56 75 the

160 257 144 75 prinntm
326 257 127 75 agvicn,
477 257 39 75 or
539 257 180 75 van-guard
736 257 27 75 ;.
781 257 139 75 medium
945 257 128 75 agmen,
1107 257 37 75 or

164 303 83 75 main
264 303 108 75 body;
392 303 63 75 and
470 303 55 75 the
536 303 195 75 pojlremum
749 303 123 75 agmen,
890 303 38 75 or
940 303 201 75 rear-guard.

118 350 401 75 AGMONDESHAM,
537 350 32 75 in
581 350 196 75 geography.
828 350 61 75 See
907 350 236 75 Amersham.

117 396 252 75 AGNABAT,
396 396 18 75 a
441 396 87 75 town
555 396 40 75 of
612 396 246 75 Tranfylvania,
884 396 118 75 fubjeft
1025 396 35 75 to
1088 396 56 75 the

164 442 97 75 houfe
279 442 40 75 of
336 442 140 75 Auftria,
502 442 135 75 fituated
652 442 98 75 about
765 442 55 75 ten
848 442 91 75 miles
968 442 177 75 north-eaft

165 488 41 75 of
216 488 241 75 Hermanftadt.

117 535 223 75 AGNANO,
367 535 19 75 a
405 535 72 75 lake
501 535 41 75 of
563 535 55 75 the
643 535 154 75 kingdom
822 535 41 75 of
880 535 138 75 Naples,
1040 535 33 75 in
1090 535 55 75 the

165 580 150 75 province
338 580 41 75 of
390 580 145 75 Lavoro.

118 627 323 75 AGNANTHUS,
466 627 32 75 in
514 627 136 75 botany,
676 627 20 75 a
718 627 161 75 fynonime
896 627 40 75 of
955 627 56 75 the
1028 627 114 75 cornu-

167 673 57 75 tia.
275 673 62 75 See
354 673 224 75 Cornutia.

118 719 220 75 AGNATE,
364 719 32 75 in
414 719 93 75 Scots
532 719 73 75 law,
631 719 62 75 any
709 719 81 75 male
812 719 134 75 relation
962 719 44 75 by
1023 719 55 75 the
1095 719 49 75 fa-

165 765 100 75 ther’s
288 765 74 75 fide.
412 765 62 75 See
498 765 102 75 Law,
625 765 84 75 title,
735 765 146 75 Minors,
906 765 70 75 and
989 765 86 75 their
1090 765 55 75 tu-

167 811 68 75 tors
251 811 70 75 and
332 811 161 75 curators.

118 858 184 75 AGNEL,
320 858 39 75 an
377 858 123 75 ancient
516 858 125 75 French
658 858 85 75 coin,
761 858 169 75 otherwife
942 858 104 75 called
1057 858 85 75 mou-

167 904 53 75 ton
245 904 83 75 d'or.
379 904 61 75 See
456 904 125 75 Moot
590 904 47 75 on

117 951 251 75 AGNELET,
385 951 39 75 an
436 951 125 75 ancient
573 951 126 75 French
712 951 83 75 coin,
813 951 106 75 worth
932 951 97 75 about
1043 951 101 75 twen-

167 996 35 75 ty
218 996 77 75 fols.

119 1044 153 75 AGNO,
300 1044 19 75 a
338 1044 83 75 river
438 1044 40 75 of
489 1044 135 75 Naples,
649 1044 118 75 which,
792 1044 110 75 taking
917 1044 42 75 its
971 1044 59 75 rife
1042 1044 33 75 in
1087 1044 56 75 the

165 1090 222 75 mountainous
410 1090 87 75 parts
522 1090 41 75 of
582 1090 109 75 Terra
711 1090 34 75 di
769 1090 143 75 Lavoro,
943 1090 117 75 walhes
1086 1090 56 75 the

164 1136 88 75 town
269 1136 41 75 of
325 1136 136 75 Acerra,
486 1136 74 75 and,
582 1136 114 75 palling
720 1136 146 75 between
882 1136 113 75 Capua
1012 1136 62 75 and
1093 1136 49 75 A-

165 1182 99 75 verfa,
290 1182 72 75 falls
382 1182 67 75 into
462 1182 55 75 the
533 1182 274 75 Mediterranean,
833 1182 97 75 about
945 1182 94 75 feveri
1050 1182 91 75 miles

167 1229 47 75 N.
233 1229 40 75 of
284 1229 150 75 Puz^oli.

118 1276 265 75 AGNOETiE,
407 1276 32 75 in
460 1276 267 75 church-hiftory,
753 1276 19 75 a
798 1276 62 75 feA
875 1276 41 75 of
934 1276 149 75 heretics,
1109 1276 33 75 fo

166 1320 104 75 called
290 1320 41 75 on
354 1320 133 75 account
514 1320 39 75 of
576 1320 83 75 their
685 1320 217 75 maintaining,
928 1320 70 75 that
1021 1320 119 75 Chrill,

165 1366 79 75 with
272 1366 118 75 refpeft
413 1366 35 75 to
470 1366 49 75 his
546 1366 117 75 human
691 1366 123 75 nature,
840 1366 65 75 Was
933 1366 149 75 ignorant
1107 1366 41 75 of

164 1414 96 75 many
271 1414 119 75 things,
415 1414 63 75 and
492 1414 207 75 particularly
714 1414 40 75 of
760 1414 56 75 the
832 1414 65 75 day
912 1414 40 75 of
960 1414 181 75 judgment,

165 1459 39 75 an
231 1459 130 75 opinion
389 1459 211 75 which'they
627 1459 82 75 built
736 1459 84 75 upon
849 1459 55 75 the
932 1459 85 75 text,
1042 1459 102 75 Mark

165 1505 71 75 xiii.
258 1505 55 75 32.

120 1553 260 75 AGNOMEN,
405 1553 31 75 in
453 1553 126 75 Roman
597 1553 172 75 antiquity,
794 1553 19 75 a
832 1553 79 75 kind
927 1553 40 75 of
977 1553 111 75 fourth
1106 1553 38 75 or

165 1598 160 75 honorary
341 1598 102 75 name,
469 1598 93 75 given
578 1598 35 75 to
630 1598 18 75 a
665 1598 110 75 perfon
798 1598 42 75 on
857 1598 134 75 account
1008 1598 39 75 of
1060 1598 84 75 fome

167 1644 243 75 extraordinary
421 1644 113 75 addon,
559 1644 116 75 virtue,
694 1644 36 75 or
742 1644 93 75 other
851 1644 289 75 accomplilhment.

166 1689 108 75 Thus,
309 1689 56 75 the
394 1689 154 75 agnomen
575 1689 182 75 Africanus
784 1689 65 75 was
876 1689 159 75 bellowed
1059 1689 85 75 upon

170 1734 135 75 Publius
322 1734 169 75 Cornelius
509 1734 119 75 Scipio,
654 1734 41 75 on
722 1734 135 75 account
873 1734 40 75 of
923 1734 50 75 his
989 1734 91 75 great
1096 1734 47 75 at-

168 1781 213 75 chievements
396 1781 33 75 in
446 1781 126 75 Africa.

122 1828 192 75 AGNON,
340 1828 18 75 a
372 1828 89 75 fmall
477 1828 83 75 river
571 1828 43 75 of
625 1828 193 75 Bourgogne
829 1828 31 75 in
874 1828 134 75 France,
1033 1828 109 75 other-

168 1872 73 75 wife
258 1872 103 75 called
378 1872 112 75 Ignon.

116 1919 220 75 AGNONE,
354 1919 18 75 a
383 1919 68 75 city
462 1919 40 75 of
507 1919 55 75 the
573 1919 154 75 kingdom
747 1919 40 75 of
797 1919 135 75 Naples,
951 1919 33 75 in
997 1919 55 75 the
1064 1919 74 75 pro-

163 1965 90 75 vince
265 1965 40 75 of
316 1965 55 75 the
383 1965 119 75 Hithet
513 1965 171 75 Abruzzo,
702 1965 103 75 called
821 1965 42 75 by
882 1965 85 75 fome
982 1965 155 75 Anclone.

117 2012 178 75 AGNOS,
321 2012 32 75 in
370 2012 223 75 ichthyology,
618 2012 40 75 an
676 2012 141 75 obfolete
834 2012 91 75 name
944 2012 39 75 of
995 2012 55 75 the
1065 2012 74 75 ura-

162 2058 166 75 nofcopus.
377 2058 62 75 See
464 2058 302 75 Uranoscopus.

115 2105 182 75 AGNUS,
322 2105 38 75 or
376 2105 126 75 Lamb,
527 2105 32 75 in
577 2105 152 75 zoology^
755 2105 55 75 the
822 2105 108 75 young
947 2105 39 75 of
1000 2105 54 75 the
1071 2105 67 75 ovis

162 2149 37 75 or
217 2149 103 75 Iheep.
371 2149 62 75 See
450 2149 110 75 Ovis.

118 2197 136 75 Agnus
276 2197 116 75 cajltts,
417 2197 32 75 in
461 2197 135 75 botany,
618 2197 55 75 the
696 2197 108 75 trivial
814 2197 94 75 name
921 2197 40 75 of
979 2197 29 75 a'
1008 2197 129 75 fpecies

161 2243 40 75 of
216 2243 55 75 the
286 2243 102 75 vitex.
439 2243 61 75 See
517 2243 144 75 Vitex.

115 2290 135 75 Agnus
269 2290 79 75 Dei,
373 2290 33 75 in
431 2290 55 75 the
502 2290 121 75 church
649 2290 41 75 of
712 2290 118 75 Rome,
856 2290 20 75 a
899 2290 77 75 cake
1003 2290 42 75 of
1066 2290 75 75 wax

162 2335 138 75 llamped
322 2335 79 75 with
424 2335 55 75 the
496 2335 99 75 figure
611 2335 40 75 of
662 2335 19 75 a
696 2335 85 75 lamb
797 2335 184 75 fupporting
1005 2335 18 75 a
1039 2335 98 75 crofs.

206 2382 110 75 Thefe
328 2382 95 75 being
439 2382 205 75 confecrated
659 2382 43 75 by
718 2382 58 75 the
791 2382 81 75 pope
889 2382 78 75 with
985 2382 88 75 great
1089 2382 49 75 fo-

163 2427 145 75 lemnity,
334 2427 63 75 arid
412 2427 188 75 diftribated
623 2427 114 75 among
761 2427 56 75 the
840 2427 125 75 people,
992 2427 52 75 are
1068 2427 71 75 fup-

162 2473 96 75 pofed
268 2473 35 75 to
318 2473 80 75 have
416 2473 89 75 great
517 2473 119 75 virtues
651 2473 10 75 ;
686 2473 47 75 as,
750 2473 35 75 to
801 2473 144 75 preferve
957 2473 89 75 thofe
1063 2473 76 75 who

162 2518 92 75 carry
269 2518 89 75 them
377 2518 174 75 worthily,-
566 2518 62 75 and
644 2518 79 75 with
734 2518 95 75 faith,
854 2518 83 75 from
952 2518 40 75 all
1010 2518 129 75 manner

162 2565 40 75 of
213 2565 178 75 accidents;
417 2565 36 75 to
469 2565 95 75 expel
581 2565 62 75 evil
659 2565 117 75 fpirits,
803 2565 64 75 &c.
925 2565 31 75 It
981 2565 27 75 is
1032 2565 64 75 alfo
1121 2565 19 75 a

161 2612 134 75 popular
317 2612 91 75 name
435 2612 52 75 for
516 2612 70 75 that
603 2612 74 75 part
690 2612 41 75 of
750 2612 55 75 the
832 2612 93 75 mafs,
949 2612 106 75 where
1083 2612 55 75 the

161 2657 94 75 prieft
270 2657 110 75 ftrikes
392 2657 49 75 his
457 2657 100 75 bread
574 2657 113 75 thrice,
714 2657 61 75 and
790 2657 70 75 fays
884 2657 59 75 the.
955 2657 115 75 prayer
1084 2657 55 75 be-

162 2704 129 75 ginning
306 2704 79 75 with
401 2704 56 75 the
473 2704 109 75 words
604 2704 114 75 Agnus
739 2704 80 75 Dei.

118 2750 167 75 AGNUS
303 2750 180 75 Scythicur,
514 2750 32 75 in
563 2750 137 75 botany,
723 2750 56 75 the
795 2750 90 75 name
897 2750 41 75 of
957 2750 18 75 a
991 2750 148 75 fidlitious

163 2796 86 75 plant
266 2796 66 75 faid
348 2796 34 75 to
399 2796 87 75 grow
503 2796 32 75 in
546 2796 162 75 Tartary,
720 2796 187 75 refembling
924 2796 18 75 a
958 2796 97 75 lamb.

116 2842 212 75 AGOBEL,
358 2842 18 75 a
400 2842 88 75 fmall
513 2842 86 75 town
616 2842 40 75 of
676 2842 126 75 Africa,
830 2842 32 75 in
890 2842 55 75 the
969 2842 119 75 empire
1104 2842 40 75 of

164 2888 169 75 Morocco,
358 2888 61 75 and
435 2888 148 75 province
600 2888 40 75 of
651 2888 86 75 Hea.

116 2934 187 75 AGOGA,
322 2934 114 75 among
453 2934 123 75 ancient
586 2934 190 75 naturalifts,
787 2934 141 75 denoted
944 2934 18 75 a
979 2934 91 75 drain
1087 2934 52 75 for

165 2978 144 75 carrying
326 2978 46 75 eft
384 2978 99 75 water
498 2978 86 75 from
597 2978 18 75 a
630 2978 97 75 mine.

1174 140 21 75 9
1254 140 18 75 )

1603 140 242 75 AGO

1195 211 186 75 AGOGE,
1399 211 116 75 among
1534 211 124 75 ancient
1681 211 176 75 muficians,
1882 211 19 75 a
1917 211 116 75 fpecies
2050 211 41 75 of
2109 211 114 75 modu-

1242 256 111 75 lation,
1371 256 139 75 wherein
1526 256 56 75 the
1598 256 90 75 notes
1706 256 178 75 proceeded
1900 256 44 75 by
1956 256 188 75 contiguous
2165 256 57 75 de-

1244 303 104 75 grees.

1196 350 152 75 AGON,
1366 350 31 75 in
1414 350 54 75 the
1485 350 108 75 public
1609 350 107 75 games
1734 350 39 75 of
1780 350 55 75 the
1848 350 153 75 ancients,
2019 350 19 75 a
2052 350 83 75 term
2148 350 76 75 ufed

1243 394 216 75 indifferently
1484 394 52 75 for
1559 394 62 75 any
1637 394 119 75 conteft
1779 394 38 75 or
1841 394 136 75 difpute,
2002 394 146 75 whether
2173 394 50 75 re-

1243 440 136 75 fpedting
1400 440 112 75 bodily
1534 440 169 75 exercifes,
1728 440 39 75 or
1788 440 292 75 accomplilhments
2105 440 40 75 of
2168 440 56 75 the

1245 488 100 75 mind.
1393 488 97 75 Thus
1507 488 103 75 poets,
1628 488 177 75 muficians,
1823 488 65 75 fac.
1905 488 66 75 had
1990 488 83 75 their
2094 488 128 75 agones,

1244 533 32 75 as
1300 533 72 75 well
1398 533 33 75 as
1456 533 55 75 the
1533 533 143 75 athletse.
1724 533 33 75 It
1779 533 64 75 was
1861 533 65 75 alfo
1941 533 79 75 ufed
2042 533 52 75 for
2111 533 59 75 one
2188 533 40 75 of

1243 580 55 75 the
1310 580 153 75 minilters
1476 580 169 75 employed
1660 580 32 75 in
1710 580 55 75 the
1780 580 139 75 heathen
1935 580 167 75 facrifices,
2116 580 107 75 whofe

1244 626 132 75 bufinefs
1393 626 26 75 it
1435 626 65 75 was
1518 626 35 75 to
1570 626 94 75 ftrike
1680 626 56 75 the
1755 626 119 75 virilim.

1195 672 130 75 Agon,
1354 672 33 75 in
1414 672 127 75 Roman
1564 672 171 75 antiquity,
1760 672 19 75 a
1805 672 93 75 place
1921 672 77 75 near
2023 672 56 75 the
2103 672 117 75 Tiber,

1243 719 106 75 where
1372 719 55 75 the
1451 719 109 75 curule
1590 719 106 75 games
1721 719 84 75 were
1828 719 192 75 celebrated,
2054 719 175 75 otherwife.

1243 765 103 75 called
1361 765 105 75 circus
1483 765 231 75 Flammineus.

1195 811 130 75 Agon,
1343 811 115 75 among
1473 811 188 75 phyficians.
1711 811 62 75 See
1788 811 159 75 Agony.

1197 858 263 75 AGONALIS,
1479 858 32 75 in
1527 858 127 75 Roman
1671 858 174 75 antiquity.
1896 858 62 75 See
1975 858 127 75 Salii.

1194 904 272 75 AGONALIA,
1484 904 32 75 in
1540 904 127 75 Roman
1685 904 172 75 antiquity,
1884 904 137 75 feftivals
2038 904 184 75 celebrated

1242 948 33 75 in
1290 948 126 75 honour
1432 948 40 75 of
1483 948 115 75 Janus,
1614 948 37 75 or
1666 948 41 75 of
1717 948 56 75 the
1789 948 65 75 god
1868 948 161 75 Agonius,
2047 948 106 75 whom
2164 948 57 75 the

1241 996 143 75 Romans
1401 996 139 75 invoked
1556 996 111 75 before
1686 996 213 75 undertaking
1915 996 62 75 any
1993 996 92 75 affair
2108 996 41 75 of
2159 996 60 75 im-

1241 1043 162 75 portance.

1193 1090 306 75 AGONENSES.
1550 1090 62 75 See
1630 1090 126 75 Salit.

1192 1136 273 75 AGONISMA,
1491 1136 33 75 in
1544 1136 172 75 antiquity,
1739 1136 135 75 denotes
1888 1136 59 75 the
1968 1136 90 75 prize
2072 1136 94 75 given
2183 1136 48 75 to^

1241 1181 53 75 the
1317 1181 102 75 vidtor
1434 1181 32 75 in
1485 1181 61 75 any
1562 1181 126 75 combat
1705 1181 37 75 or
1757 1181 136 75 difpute.

1192 1228 461 75 AGONISTARCHA,-in
1678 1228 172 75 antiquity,
1873 1228 56 75 the
1945 1228 109 75 officer
2073 1228 74 75 who
2169 1228 51 75 di-

1240 1273 105 75 redted
1368 1273 55 75 the
1441 1273 207 75 preparatory
1664 1273 155 75 exercifes
1836 1273 40 75 of
1898 1273 55 75 the
1971 1273 126 75 athletse
2112 1273 11 75 ;
2150 1273 81 75 tho’’

1239 1321 84 75 fome
1345 1321 92 75 make
1459 1321 68 75 him
1544 1321 56 75 the
1622 1321 84 75 fame
1730 1321 79 75 with
1829 1321 55 75 the
1901 1321 206 75 agonotheta.
2158 1321 63 75 See

1239 1367 298 75 Agonotheta.

1194 1413 317 75 AGONISTICA,
1538 1413 17 75 a
1572 1413 81 75 term
1678 1413 76 75 ufed
1778 1413 35 75 to
1825 1413 116 75 denote
1961 1413 55 75 the
2039 1413 120 75 fcience
2184 1413 41 75 of

1241 1458 160 75 whatever
1416 1458 160 75 belonged
1591 1458 34 75 to
1642 1458 55 75 the
1717 1458 130 75 agones,
1873 1458 38 75 or
1935 1458 107 75 public
2062 1458 157 75 exercifes

1242 1503 39 75 of
1292 1503 55 75 the
1371 1503 153 75 ancients.

1192 1551 302 75 AGONISTIC!,
1529 1551 33 75 in
1590 1551 268 75 church-hiftory,
1892 1551 18 75 a
1937 1551 90 75 name
2054 1551 93 75 given
2175 1551 46 75 by

1241 1598 150 75 Donatus
1416 1598 35 75 to
1471 1598 76 75 fuch
1572 1598 44 75 of
1633 1598 49 75 his
1707 1598 145 75 difciples
1852 1580 6 49 1
1876 1598 34 75 as
1926 1598 42 75 he
1983 1598 69 75 fent
2069 1598 35 75 to
2126 1598 101 75 fairs,,

1239 1643 152 75 markets,
1416 1643 63 75 and
1510 1643 94 75 other
1630 1643 108 75 public
1762 1643 119 75 places,
1906 1643 35 75 to
1972 1643 172 75 propagate
2167 1643 51 75 his

1239 1690 155 75 dodtrine.

1191 1737 352 75 AGONISTICON,
1572 1737 18 75 a
1609 1737 82 75 term
1714 1737 77 75 ufed
1813 1737 44 75 by
1879 1737 177 75 phyficians
2075 1737 51 75 for
2144 1737 75 75 cold

1238 1782 110 75 water,
1366 1782 33 75 as
1416 1782 95 75 being
1526 1782 155 75 fuppofed
1696 1782 35 75 to
1750 1782 128 75 combat
1894 1782 55 75 the
1965 1782 114 75 febrile
2094 1782 110 75 heat..;

1189 1829 250 75 AGONIUM,
1457 1829 32 75 in
1506 1829 127 75 Roman
1650 1829 172 75 antiquity,
1840 1829 65 75 was
1922 1829 76 75 ufed
2014 1829 51 75 for
2082 1829 55 75 the
2154 1829 65 75 day

1238 1874 41 75 on
1295 1874 105 75 which
1417 1874 55 75 the
1486 1874 56 75 rex
1552 1874 171 75 facrorurn
1739 1874 163 75 facrificed
1918 1874 19 75 a
1952 1874 119 75 victim,
2091 1874 36 75 as
2144 1874 85 75 well;

1236 1920 33 75 as
1297 1920 53 75 for
1377 1920 54 75 the
1455 1920 88 75 place
1570 1920 108 75 where
1706 1920 56 75 the
1783 1920 106 75 games
1914 1920 84 75 were
2023 1920 193 75 celebrated,

1237 1967 167 75 otherwife
1421 1967 103 75 called
1542 1967 105 75 Agon.

1188 2015 360 75 AGONOTHETA,
1584 2015 37 75 or
1658 2015 318 75 Agonothbtes,
2009 2015 31 75 in
2074 2015 143 75 Grecian

1237 2060 177 75 antiquity,
1432 2060 66 75 was
1516 2060 55 75 the
1588 2060 162 75 prefidenu
1759 2060 37 75 or
1819 2060 257 75 fuperintendant
2100 2060 39 75 of
2162 2060 56 75 the

1236 2107 109 75 facred
1369 2107 129 75 games.;
1532 2107 75 75 who
1632 2107 56 75 not
1713 2107 75 75 only
1803 2107 156 75 defrayed
1980 2107 56 75 the
2059 2107 159 75 expences

1237 2152 164 75 attending
1425 2152 101 75 them,
1555 2152 58 75 but
1636 2152 158 75 infpedted
1820 2152 56 75 the
1896 2152 146 75 manners
2067 2152 63 75 and
2154 2152 63 75 dif-

1236 2200 114 75 ci-pline
1362 2200 40 75 of
1416 2200 57 75 the
1489 2200 142 75 athletse,
1657 2200 62 75 and
1740 2200 160 75 adjudged
1911 2200 56 75 the
1987 2200 109 75 prizes
2110 2200 35 75 to
2160 2200 57 75 tile

1235 2245 128 75 victors.

1187 2291 215 75 AGONUS,
1429 2291 31 75 in
1489 2291 225 75 ichthyology,
1734 2291 23 75 a.
1774 2291 178 75 fynonyme.
1971 2291 39 75 of
2033 2291 55 75 the
2106 2291 111 75 clupea

1236 2338 93 75 alofa.
1380 2338 62 75 See
1460 2338 182 75 Clupea.-

1187 2384 184 75 AGONY,
1391 2384 61 75 any
1463 2384 143 75 extreme
1615 2384 86 75 pain.
1731 2384 36 75 It
1779 2384 26 75 is
1819 2384 64 75 alfo
1896 2384 76 75 ufed
1988 2384 52 75 for
2049 2384 58 75 the
2116 2384 99 75 pangs

1235 2429 39 75 of
1285 2429 109 75 death.

1187 2476 350 75 AGONYCLITiE,
1568 2476 36 75 or
1626 2476 303 75 Agonyclites-,
1963 2476 32 75 in
2028 2476 186 75 church-ht-

1235 2521 96 75 ftory,
1351 2521 18 75 a
1385 2521 62 75 fedt
1464 2521 39 75 of
1516 2521 175 75 chriftians,
1709 2521 32 75 in
1754 2521 54 75 the
1825 2521 131 75 fevqnth
1972 2521 145 75 century,
2139 2521 75 75 who

1234 2569 119 75 prayed
1380 2569 119 75 always
1524 2569 167 75 Handing,,
1710 2569 32 75 as
1771 2569 151 75 thinking
1947 2569 25 75 it
2001 2569 153 75 unlawful
2179 2569 35 75 to

1235 2617 105 75 kneel.

1187 2661 259 75 AGGR/EUS,
1464 2661 31 75 in
1511 2661 138 75 heathen
1666 2661 176 75 antiquity,
1857 2661 37 75 an
1913 2661 191 75 appellation
2120 2661 94 75 given

1235 2707 34 75 to
1296 2707 75 75 fuch
1394 2707 111 75 deities
1524 2707 33 75 as
1578 2707 65 75 had
1658 2707 114 75 ftatues
1800 2707 35 75 in
1857 2707 55 75 the
1938 2707 246 75 market-places
2201 2707 10 75 ;

1234 2754 204 75 particularly
1454 2754 168 75 Mercury,
1648 2754 105 75 whofe
1777 2754 99 75 ftatue
1893 2754 115 75 was-to
2030 2754 39 75 be
2086 2754 71 75 feen
2180 2754 34 75 in

1235 2800 108 75 almoft
1360 2800 95 75 every
1472 2800 107 75 public
1596 2800 99 75 place.

1187 2846 358 75 AGORANOMUS,
1564 2846 31 75 in
1612 2846 144 75 Grecian
1767 2846 171 75 antiquitv,
1958 2846 17 75 a
1988 2846 177 75 magifirate
2178 2846 40 75 of

1233 2893 140 75 Athens,
1394 2893 74 75 who
1484 2893 63 75 had
1565 2893 55 75 the
1645 2893 177 75 regulation
1840 2893 38 75 of
1898 2893 133 75 weights
2049 2893 61 75 and
2125 2893 87 75 mea-

1234 2940 95 75 furesj
1348 2940 47 75 of
1399 2940 54 75 the
1472 2940 102 75 pnees
1591 2940 39 75 of
1641 2940 184 75 proviuons,

1962 2988 256 75 AGGUGE3,
