2477 3395
533 174 35 75 B
629 174 36 75 R
726 174 42 75 O

1147 174 158 75 (682

197 246 393 75 BRONCHOTOMY,
615 246 188 75 infurgery,
822 246 39 75 an
878 246 129 75 incifion
1024 246 91 75 made
1131 246 32 75 in
1175 246 55 75 the

240 294 106 75 afpera
359 294 128 75 arteria,
512 294 37 75 or
565 294 189 75 wind-pipe,
772 294 106 75 which
895 294 27 75 is
940 294 159 75 neceffary
1115 294 34 75 in
1159 294 68 75 ma-

237 341 44 75 ny
296 341 98 75 cafes,
420 341 63 75 and
499 341 169 75 efpecially
683 341 32 75 in
744 341 18 75 a
787 341 120 75 violent
931 341 145 75 quinfey,
1103 341 34 75 to
1154 341 72 75 pre-

237 387 75 75 vent
329 387 187 75 fuffocation
535 387 84 75 from
636 387 56 75 the
708 387 90 75 great
815 387 228 75 inflammation
1060 387 38 75 or
1122 387 109 75 tumor

240 434 40 75 of
298 434 55 75 the
370 434 100 75 parts.
520 434 32 75 It
569 434 26 75 is
613 434 64 75 alfo
702 434 104 75 called
827 434 229 75 laryngotomy
1078 434 62 75 and
1165 434 65 75 tra-

238 481 183 75 cheotomy.
473 481 62 75 See
553 481 200 75 Surgery.

191 527 279 75 BRONCHUS,
496 527 170 75 according
682 527 35 75 to
734 527 120 75 Galen,
879 527 26 75 is
933 527 57 75 the
1014 527 108 75 afpera
1147 527 84 75 arte-

239 574 47 75 ria
301 574 106 75 which
425 574 129 75 reaches
571 574 85 75 from
685 574 56 75 the
765 574 118 75 larynx
898 574 36 75 to
951 574 55 75 the
1024 574 105 75 lungs,
1155 574 75 75 con-

238 621 103 75 fifting
357 621 41 75 of
409 621 54 75 the
481 621 167 75 bronchia.

287 666 190 75 Sometimes
495 666 25 75 it
537 666 25 75 is
581 666 56 75 put
663 666 50 75 for
738 666 55 75 the
818 666 105 75 whole
952 666 108 75 afpera
1087 666 142 75 arteria;

239 716 62 75 and
317 716 216 75 Hippocrates
551 716 69 75 ufes
637 716 25 75 it
679 716 35 75 to
730 716 115 75 fignify
861 716 56 75 the
934 716 122 75 throat.

191 763 247 75 BRONTI^E,
464 763 37 75 or
516 763 383 75 Thunder-stones,
924 763 32 75 in
983 763 124 75 natural
1132 763 98 75 hifto-

240 810 49 75 ry.
340 810 61 75 See
417 810 270 75 Belemnites.

191 857 279 75 BRONTIUM,
505 857 33 75 in
567 857 143 75 Grecian
744 857 174 75 antiquity,
952 857 18 75 a
998 857 90 75 place
1116 857 116 75 under-

238 902 97 75 neath
352 902 55 75 the
424 902 82 75 floor
523 902 39 75 of
582 902 56 75 the
668 902 153 75 theatres,
848 902 33 75 in
906 902 106 75 which
1041 902 84 75 were
1153 902 79 75 kept

239 950 118 75 brazen
374 950 110 75 veflels
501 950 61 75 full
587 950 40 75 of
641 950 102 75 ftones
761 950 62 75 and
840 950 95 75 other
952 950 176 75 materials,
1154 950 80 75 with

240 996 106 75 which
364 996 78 75 they
457 996 147 75 imitated
621 996 56 75 the
694 996 84 75 noife
796 996 40 75 of
855 996 151 75 thunder.

192 1042 341 75 BRONTOLOGY
550 1042 132 75 denotes
700 1042 55 75 the
767 1042 143 75 do&rine
922 1042 41 75 of
973 1042 151 75 thunder,
1143 1042 37 75 or
1192 1042 40 75 an

241 1090 206 75 explanation
463 1090 45 75 -of
531 1090 42 75 its
599 1090 119 75 caufes,
744 1090 220 75 phsenomena,
991 1090 67 75 <&c.
1084 1090 150 75 together

241 1137 78 75 with
336 1137 55 75 the
408 1137 144 75 prefages
568 1137 111 75 drawn
691 1137 85 75 from
792 1137 38 75 it.
861 1137 62 75 See
941 1137 212 75 Thunder,
1170 1137 64 75 and

240 1183 296 75 Electricity.

193 1231 211 75 BRONZE,
430 1231 18 75 a
464 1231 181 75 compound
662 1231 110 75 metal,
797 1231 166 75 confiding
981 1231 40 75 of
1031 1231 61 75 one
1109 1231 71 75 part
1198 1231 42 75 of

243 1278 56 75 tin,
320 1278 52 75 ten
391 1278 40 75 of
442 1278 131 75 copper,
587 1278 62 75 and
662 1278 19 75 a
693 1278 83 75 little
789 1278 86 75 zinCi
902 1278 61 75 See
977 1278 130 75 Chemi
1118 1278 114 75 stry.

195 1324 239 75 BRONZES,
460 1324 19 75 a
496 1324 90 75 name
603 1324 93 75 given
713 1324 44 75 by
774 1324 216 75 antiquarians
1007 1324 36 75 to
1060 1324 115 75 figures
1188 1324 45 75 ei-

242 1372 74 75 ther
332 1372 41 75 of
386 1372 72 75 pien
476 1372 162 75 orbeafts,
663 1372 36 75 to
718 1372 88 75 urns,
833 1372 73 75 and,
933 1372 31 75 in
982 1372 139 75 general,
1148 1372 35 75 to
1200 1372 33 75 e-

242 1419 78 75 very
337 1419 87 75 piece
442 1419 40 75 of
494 1419 159 75 fculpture
670 1419 104 75 which
792 1419 54 75 the
858 1419 140 75 ancients
1013 1419 92 75 made
1117 1419 39 75 of
1163 1419 72 75 that

244 1466 110 75 metal.
402 1466 67 75 We
486 1466 139 75 likewife
642 1466 72 75 give
731 1466 55 75 the
803 1466 91 75 name
911 1466 41 75 of
962 1466 137 75 bronzes
1117 1466 35 75 to
1175 1466 59 75 fla-

244 1513 71 75 tues
331 1513 36 75 or
391 1513 84 75 bulls
493 1513 62 75 call
572 1513 39 75 of
634 1513 134 75 bronze,
789 1513 146 75 whether
956 1513 88 75 thefe
1061 1513 104 75 pieces
1194 1513 41 75 be

243 1560 105 75 copies
366 1560 40 75 of
418 1560 160 75 antiques,
603 1560 38 75 or
652 1560 134 75 original
803 1560 149 75 fubjefis.

291 1606 128 75 Among
435 1606 182 75 medallifts,
642 1606 43 75 all
703 1606 116 75 copper
836 1606 121 75 medals
973 1606 78 75 bear
1066 1606 56 75 the
1140 1606 91 75 name

246 1653 39 75 of
296 1653 134 75 bronze.

194 1700 270 75 BRONZING,
488 1700 57 75 the
562 1700 49 75 art
629 1700 39 75 of
680 1700 176 75 varnifliing
872 1700 110 75 wood,
1011 1700 126 75 plafter,
1163 1700 68 75 ivo-

244 1749 59 75 ry,,
401 1749 34 75 fo
452 1749 34 75 as
503 1749 35 75 to
558 1749 72 75 give
647 1749 88 75 them
752 1749 55 75 the
825 1749 111 75 colour
948 1749 40 75 of
1000 1749 132 75 bronze.
1169 1749 63 75 See

245 1793 267 75 Varnishing.

197 1842 183 75 BROOD,
407 1842 55 75 the
480 1842 108 75 young
603 1842 40 75 of
656 1842 67 75 fifli,
750 1842 108 75 fowls,
885 1842 64 75 die.

199 1887 278 75 BROODING,
504 1887 56 75 the
577 1887 47 75 ad
642 1887 40 75 of
693 1887 18 75 a
726 1887 64 75 hen
817 1887 32 75 in
876 1887 155 75 hatching
1058 1887 58 75 her
1144 1887 90 75 eggs.

249 1935 61 75 See
327 1935 234 75 Hatching.

200 1982 179 75 BROOK,
405 1982 18 75 a
439 1982 84 75 little
541 1982 82 75 river
640 1982 36 75 or
693 1982 88 75 fmall
804 1982 128 75 current
952 1982 41 75 of
1004 1982 113 75 water.

295 2030 32 75 A
352 2030 101 75 brook
481 2030 26 75 is
524 2030 222 75 diftinguilhed
764 2030 84 75 from
872 2030 18 75 a
907 2030 84 75 river
1014 2030 162 75 infomuch
1203 2030 34 75 as

247 2077 19 75 a
290 2077 83 75 river
400 2077 89 75 flows
508 2077 30 75 at
557 2077 40 75 all
616 2077 105 75 times,
747 2077 141 75 whereas
917 2077 19 75 a
960 2077 104 75 brook
1092 2077 89 75 flows
1205 2077 33 75 at

248 2123 86 75 fume
350 2123 170 75 particular
536 2123 127 75 feafons.
676 2123 89 75 only.

202 2171 242 75 Brook-/zw<?.
496 2171 61 75 See
574 2171 251 75 Anagallis.

203 2213 187 75 BROOM,
416 2213 31 75 in
464 2213 131 75 botany.
647 2213 60 75 See
725 2213 195 75 Genista.

205 2260 332 75 jSa/c^rr-BRooM,
562 2260 56 75 the
633 2260 132 75 Enghlh
783 2260 92 75 name
891 2260 40 75 of
942 2260 55 75 the
1014 2260 121 75 rufeus.
1178 2260 63 75 See

252 2309 220 75 Spartium.

206 2355 320 75 S/>atiiJh-BKOOM,
552 2355 31 75 in
599 2355 135 75 botajiy.
785 2355 62 75 See
865 2355 219 75 Spartium.

206 2403 339 75 Broom-flower,
570 2403 95 75 ordre
693 2403 38 75 de
758 2403 34 75 la
815 2403 137 75 genijh,
978 2403 39 75 an
1033 2403 95 75 order
1154 2403 86 75 infli-

253 2454 93 75 titfed
362 2454 43 75 by
423 2454 37 75 St
474 2454 115 75 Louis,
614 2454 77 75 king
704 2454 38 75 of
755 2454 133 75 France,
913 2454 35 75 to
959 2454 82 75 Ihew
1054 2454 56 75 the
1126 2454 118 75 efteem

252 2497 107 75 which
376 2497 40 75 he
432 2497 66 75 had
515 2497 52 75 for
583 2497 54 75 the
657 2497 104 75 queen
785 2497 50 75 his
851 2497 89 75 wife,
963 2497 86 75 who,
1075 2497 165 75 the.even-

253 2546 55 75 ing
324 2546 111 75 befbre
457 2546 50 75 his
525 2546 132 75 queens
673 2546 200 75 coronation,
898 2546 147 75 received
1066 2546 65 75 this
1147 2546 95 75 order

254 2591 138 75 himfelf.

208 2637 270 75 Broom-rape,
503 2637 32 75 in
552 2637 134 75 botany.
737 2637 62 75 See
817 2637 259 75 Orobanche.

209 2684 277 75 BROOMING,
512 2684 37 75 or
576 2684 226 75 Breaming,
829 2684 43 75 of
888 2684 21 75 a
917 2684 92 75 Jhip,
1035 2684 56 75 the
1107 2684 138 75 v/afliing

256 2733 62 75 and
334 2733 135 75 burning
486 2733 51 75 off
549 2733 41 75 all
607 2733 56 75 the
679 2733 71 75 filth
774 2733 70 75 that
861 2733 51 75 (he
928 2733 57 75 has
1002 2733 183 75 contracted
1201 2733 43 75 on

256 2780 59 75 her
331 2780 78 75 fides
421 2780 78 75 with
517 2780 118 75 weeds,
660 2780 104 75 draw,
789 2780 126 75 broom,
933 2780 38 75 or
982 2780 56 75 the
1049 2780 76 75 like,
1150 2780 94 75 when

256 2827 52 75 die
335 2827 27 75 is
391 2827 41 75 on
460 2827 55 75 the
543 2827 130 75 careen,
692 2827 38 75 or
756 2827 42 75 on
826 2827 56 75 the
906 2827 137 75 ground.
1094 2827 62 75 See
1172 2827 72 75 Ca-

261 2872 183 75 reening.

209 2919 248 75 BROTHEL.
508 2919 61 75 See
587 2919 146 75 Stews.

212 2966 248 75 BROTHER,
485 2966 19 75 a
519 2966 82 75 term
618 2966 41 75 of
675 2966 135 75 relation
826 2966 145 75 between
988 2966 82 75 male
1086 2966 156 75 children,

256 3013 116 75 fprung
398 3013 84 75 from
512 3013 55 75 the
593 3013 84 75 fame
702 3013 142 75 parents,
869 3013 37 75 or
922 3013 85 75 from
1023 3013 56 75 the
1095 3013 84 75 fame
1195 3013 48 75 fa-

258 3062 84 75 ther.,
368 3062 37 75 or
422 3062 55 75 the
493 3062 88 75 dune,
593 3062 139 75 mother.

1369 179 17 75 )

1736 179 37 75 B
1832 179 37 75 R
1930 179 40 75 O

1373 248 78 75 The
1468 248 144 75 ancients
1630 248 78 75 ufed
1726 248 56 75 the
1809 248 82 75 term
1918 248 146 75 brother,
2091 248 233 75 indifferently,

1329 294 34 75 to
1380 294 111 75 almod
1519 294 43 75 all
1578 294 74 75 who
1669 294 91 75 dood
1777 294 121 75 related
1926 294 31 75 in
1986 294 56 75 the
2065 294 164 75 collateral
2247 294 77 75 line,

1326 347 33 75 as
1377 347 108 75 uncles
1503 347 63 75 and
1589 347 167 75 nephews,
1782 347 281 75 coufms-german,
2091 347 66 75 6v.

1373 389 189 75 According
1578 389 36 75 to
1641 389 56 75 the
1720 389 78 75 laws
1816 389 40 75 of
1878 389 124 75 Mofes,
2028 389 55 75 the
2104 389 133 75 brother
2254 389 40 75 of
2307 389 20 75 a

1326 435 86 75 man,
1437 435 75 75 who
1529 435 76 75 died
1621 435 138 75 without
1772 435 157 75 children,
1955 435 64 75 was
2037 435 131 75 obliged
2188 435 36 75 to
2240 435 86 75 mar-

1326 481 37 75 ry
1392 481 55 75 the
1475 481 119 75 widow
1621 481 41 75 of
1685 481 56 75 the
1769 481 165 75 deceafed,
1960 481 33 75 in
2020 481 96 75 order
2134 481 35 75 to
2186 481 79 75 raife
2281 481 44 75 up

1325 529 144 75 children
1498 529 35 75 to
1559 529 81 75 him,
1665 529 72 75 that
1764 529 50 75 his
1840 529 92 75 name
1961 529 63 75 and
2058 529 146 75 memory
2220 529 105 75 might

1325 575 56 75 not
1399 575 38 75 be
1453 575 134 75 extindt.
1638 575 62 75 See
1714 575 56 75 the
1783 575 112 75 article
1912 575 171 75 Widow.

1373 623 131 75 Among
1522 623 48 75 us,
1596 623 25 75 it
1639 623 26 75 is
1683 623 179 75 cudomary
1891 623 53 75 for
1959 623 94 75 kings
2070 623 35 75 to
2122 623 71 75 give
2211 623 55 75 the
2283 623 40 75 ti-

1329 669 45 75 tle
1391 669 134 75 brother
1541 669 35 75 to
1594 669 78 75 each
1689 669 108 75 other.

1375 716 39 75 In
1444 716 56 75 the
1528 716 74 75 civil
1630 716 74 75 law,
1731 716 161 75 brothers,
1906 716 149 75 fratres,
2080 716 34 75 in
2143 716 56 75 the
2216 716 105 75 plural

1330 762 145 75 number,
1500 762 182 75 fometimes
1699 762 231 75 comprehends
1947 762 112 75 fiders.

1281 810 190 75 Brother
1502 810 26 75 is
1558 810 66 75 alfo
1652 810 19 75 a
1699 810 179 75 cudomary
1904 810 82 75 term
2012 810 51 75 for
2079 810 110 75 prieds
2207 810 40 75 of
2265 810 58 75 the

1328 856 82 75 fame
1427 856 174 75 perfuafion
1629 856 36 75 to
1694 856 126 75 addrefs
1837 856 62 75 one
1927 856 135 75 another
2084 856 65 75 by;
2177 856 58 75 but
2252 856 25 75 it
2294 856 28 75 is

1329 902 88 75 more
1441 902 207 75 particularly
1664 902 76 75 ufed
1757 902 35 75 to
1816 902 118 75 denote
1951 902 55 75 the
2025 902 134 75 relation
2177 902 145 75 between

1330 950 112 75 monks
1474 950 40 75 of
1535 950 56 75 the
1619 950 84 75 fame
1728 950 148 75 convent,
1901 950 34 75 as
1964 950 107 75 father
2089 950 166 75 Zachary:
2284 950 39 75 In

1330 997 145 75 Englifh,
1509 997 49 75 we
1586 997 89 75 more
1702 997 124 75 ufually
1851 997 66 75 fay,
1942 997 92 75 Friar
2052 997 160 75 Zachary,
2238 997 86 75 from

1329 1043 55 75 the
1401 1043 125 75 French
1555 1043 92 75 word
1664 1043 113 75 frere,
1802 1043 146 75 brother.
1981 1043 179 75 Preachers
2176 1043 67 75 alfo
2259 1043 62 75 call

1329 1090 80 75 their
1429 1090 141 75 hearers,
1595 1090 56 75 my
1662 1090 165 75 brethren,
1853 1090 38 75 or
1903 1090 55 75 my
1968 1090 77 75 dear
2056 1090 154 75 brethren
2222 1090 9 75 ;
2259 1090 64 75 and

1329 1138 181 75 fometimes
1527 1138 78 75 they
1621 1138 53 75 ufe
1691 1138 55 75 the
1774 1138 137 75 Angular
1927 1138 150 75 number,
2099 1138 62 75 and
2176 1138 67 75 fay,
2268 1138 55 75 my

1328 1183 147 75 brother.

1377 1230 84 75 This
1490 1230 192 75 appellation
1710 1230 27 75 is
1765 1230 184 75 borrowed,
1964 1230 86 75 from
2079 1230 57 75 the
2160 1230 162 75 primitive

1332 1277 187 75 Chridians,
1545 1277 74 75 who
1636 1277 41 75 all
1695 1277 103 75 called
1820 1277 77 75 each
1914 1277 95 75 other
2026 1277 147 75 brothers
2185 1277 9 75 :
2223 1277 57 75 but
2297 1277 25 75 it

1330 1322 27 75 is
1376 1322 72 75 now
1463 1322 191 75 principally
1670 1322 74 75 ufed
1762 1322 53 75 for
1830 1322 74 75 fuch
1924 1322 40 75 of
1975 1322 54 75 the
2046 1322 151 75 religious
2215 1322 34 75 as
2266 1322 54 75 are

1330 1369 55 75 not
1398 1369 107 75 prieds
1517 1369 9 75 ;
1547 1369 91 75 thofe
1650 1369 32 75 in
1694 1369 111 75 orders
1818 1369 54 75 are
1884 1369 165 75 generally
2061 1369 166 75 honoured
2242 1369 78 75 with

1330 1416 55 75 the
1409 1416 72 75 title
1505 1416 41 75 of
1567 1416 121 75 father,
1712 1416 141 75 whereas
1879 1416 56 75 the
1963 1416 60 75 red
2040 1416 53 75 are
2110 1416 77 75 only
2209 1416 112 75 Amply

1330 1463 161 75 brothers.

1283 1510 409 75 Brotkers-german.
1743 1510 62 75 See
1820 1510 185 75 German.

1284 1557 217 75 Brothers
1521 1557 42 75 of
1578 1557 53 75 the
1646 1557 179 75 rofy-crofs.
1875 1557 63 75 See
1953 1557 298 75 RosicruciAn.

1284 1604 212 75 BROUCK,
1523 1604 55 75 the
1606 1604 92 75 name
1726 1604 39 75 of
1785 1604 19 75 a
1830 1604 87 75 town
1945 1604 39 75 of
2007 1604 180 75 Germany,
2212 1604 31 75 in
2267 1604 57 75 the

1333 1650 94 75 circle
1455 1650 43 75 of
1512 1650 214 75 Wedphalia,
1750 1650 85 75 upon
1852 1650 56 75 the
1925 1650 83 75 river
2023 1650 113 75 Roer;
2163 1650 62 75 and
2240 1650 80 75 iike-

1332 1696 72 75 wife
1422 1696 40 75 of
1472 1696 20 75 a
1507 1696 87 75 town
1612 1696 39 75 of
1672 1696 228 75 Switzerland,
1925 1696 86 75 upon
2025 1696 57 75 the
2099 1696 99 75 banks
2215 1696 39 75 of
2266 1696 57 75 the

1331 1742 80 75 Aar.

1286 1791 414 75 BROUERSHAVEN,
1726 1791 19 75 a
1772 1791 178 75 port-town
1978 1791 41 75 of
2046 1791 134 75 Zeland,
2206 1791 33 75 in
2266 1791 57 75 the

1333 1837 112 75 united
1473 1837 231 75 Netherlands,
1730 1837 135 75 Atuated
1887 1837 41 75 on
1945 1837 56 75 the
2017 1837 95 75 north
2129 1837 63 75 Ade
2208 1837 40 75 of
2267 1837 56 75 the

1333 1883 99 75 iflabd
1463 1883 41 75 of
1528 1883 161 75 Schonen,
1716 1883 100 75 about
1846 1883 73 75 nine
1952 1883 91 75 miles
2075 1883 184 75 fouth-wed
2288 1883 41 75 of

1334 1930 244 75 Helvoetfluys:
1605 1930 45 75 E.
1666 1930 69 75 Ion.
1762 1930 17 75 3
1779 1912 21 49 0
1820 1930 54 75 55'
1874 1930 12 75 ,
1912 1930 63 75 and
1990 1930 48 75 N.
2056 1930 117 75 lat.-5i
2173 1912 26 49 0
2221 1930 67 75 50'.

1287 1977 160 75 BROW,
1475 1977 38 75 or
1540 1977 221 75 Eye-brow,
1787 1977 40 75 an
1854 1977 93 75 hairy
1973 1977 76 75 arch
2067 1977 163 75 extended
2246 1977 80 75 over

1335 2022 54 75 the
1407 2022 85 75 orbit
1508 2022 41 75 of
1558 2022 79 75 each
1654 2022 71 75 eye.
1777 2022 61 75 See
1853 2022 33 75 p,
1907 2022 79 75 291.
2005 2022 64 75 col.
2093 2022 31 75 1.

1288 2069 274 75 BROW-post,
1590 2069 115 75 among
1731 2069 157 75 builders,
1912 2069 134 75 denotes
2074 2069 19 75 a
2108 2069 92 75 beam
2216 2069 108 75 which

1336 2116 75 75 goes
1428 2116 104 75 acrofs
1549 2116 18 75 a
1583 2116 157 75 building.

1289 2163 307 75 Brow-antler,
1633 2163 116 75 among
1775 2163 186 75 fportfmen,
1994 2163 72 75 that
2092 2163 121 75 branch
2240 2163 40 75 of
2307 2163 19 75 a

1336 2210 103 75 deers
1456 2210 82 75 horn
1554 2210 80 75 next
1649 2210 56 75 the
1720 2210 71 75 tail.

1292 2257 313 75 BROWALLIA,
1630 2257 33 75 in
1690 2257 133 75 botany,
1848 2257 19 75 a
1895 2257 97 75 genus
2010 2257 40 75 of
2071 2257 54 75 the
2143 2257 184 75 didynamia

1339 2303 226 75 angiofpermia
1576 2303 91 75 clafs.
1715 2303 77 75 The
1805 2303 86 75 calix
1902 2303 57 75 has
1973 2303 61 75 Ave
2045 2303 89 75 teeth
2147 2303 13 75 ;
2184 2303 55 75 the
2253 2303 76 75 lim-

1341 2351 57 75 bus
1416 2351 41 75 of
1467 2351 56 75 the
1540 2351 123 75 corolla
1675 2351 26 75 is
1718 2351 131 75 divided
1864 2351 69 75 into
1961 2351 60 75 Bve
2037 2351 97 75 equal
2158 2351 64 75 and
2244 2351 81 75 open

1338 2397 158 75 fegments
1508 2397 10 75 ;
1545 2397 63 75 and
1624 2397 55 75 the
1696 2397 125 75 capfule
1837 2397 26 75 is
1879 2397 191 75 unilocular.

1292 2445 196 75 BROWN,
1514 2445 114 75 among
1644 2445 109 75 dyers,
1780 2445 151 75 painters,
2048 2445 19 75 a
2083 2445 100 75 dofley
2199 2445 126 75 colour*

1338 2490 154 75 inclining
1518 2490 141 75 towards
1687 2490 139 75 rednefs.
1875 2490 53 75 Of
1949 2490 65 75 this
2039 2490 111 75 colour
2166 2490 90 75 there
2272 2490 55 75 are

1339 2537 126 75 various
1493 2537 109 75 (hades
1630 2537 37 75 or
1694 2537 145 75 degrees,
1863 2537 222 75 didinguiflied
2113 2537 43 75 by
2177 2537 159 75 different;

1340 2584 229 75 appellations;
1613 2584 51 75 for
1704 2584 147 75 indance,
1878 2584 274 75 SpaniIRbrown,
2198 2584 19 75 a
2257 2584 69 75 fad-

1340 2631 123 75 brown,
1490 2631 17 75 a
1522 2631 268 75 tawney-brown,
1812 2631 55 75 the
1879 2631 140 75 London
2036 2631 123 75 brown,
2185 2631 20 75 a
2220 2631 109 75 clove-

1340 2676 123 75 brown,
1490 2676 64 75 fyc.

1390 2724 258 75 Spanilh-brown
1665 2724 27 75 is
1721 2724 18 75 a
1766 2724 81 75 dark
1862 2724 68 75 dull
1959 2724 69 75 red,
2054 2724 41 75 of
2112 2724 17 75 a
2145 2724 182 75 horfe-flefli

1342 2770 122 75 colour.
1514 2770 34 75 It
1570 2770 27 75 is
1625 2770 40 75 an
1692 2770 104 75 earth,
1822 2770 62 75 and
1911 2770 28 75 is
1967 2770 40 75 of
2029 2770 91 75 great
2142 2770 53 75 ufe
2212 2770 116 75 among

1342 2817 152 75 painters,
1519 2817 96 75 being
1631 2817 164 75 generally
1817 2817 76 75 ufed
1910 2817 34 75 as
1960 2817 55 75 the
2032 2817 64 75 Ard
2113 2817 62 75 and
2191 2817 138 75 priming

1343 2864 109 75 colour
1468 2864 72 75 that
1555 2864 79 75 they
1660 2864 55 75 lay
1741 2864 88 75 upon
1856 2864 61 75 any
1943 2864 77 75 kind
2044 2864 40 75 of
2105 2864 226 75 timber-work

1343 2912 31 75 in
1401 2912 269 75 houfe-painting.
1719 2912 91 75 That
1826 2912 106 75 which
1961 2912 27 75 is
2006 2912 39 75 of
2057 2912 55 75 the
2129 2912 124 75 deeped
2274 2912 54 75 co-

1341 2958 84 75 lour,
1460 2958 62 75 and
1549 2958 94 75 freed
1666 2958 86 75 from
1779 2958 115 75 dones,
1918 2958 28 75 is
1974 2958 55 75 the
2055 2958 79 75 bed.
2182 2958 148 75 Though

1340 3006 64 75 this
1420 3006 27 75 is
1476 3006 40 75 of
1538 3006 18 75 a
1582 3006 88 75 dirty
1686 3006 110 75 brown
1824 3006 125 75 colour,
1973 3006 55 75 yet
2044 3006 25 75 it
2085 3006 25 75 is
2128 3006 95 75 much
2239 3006 103 75 ufed,.

1341 3053 58 75 not
1412 3053 36 75 to
1464 3053 111 75 colour
1603 3053 62 75 any
1692 3053 158 75 garment,
1876 3053 101 75 unlefs
2002 3053 27 75 it
2045 3053 40 75 be
2102 3053 39 75 an
2157 3053 56 75 old
2228 3053 101 75 mans

2211 3091 118 75 gown;
