2397 3387
549 142 222 75 BAS

1102 142 116 75 (5:

168 216 135 75 BASE,
328 216 32 75 in
377 216 179 75 geometry,
582 216 55 75 the
654 216 109 75 lowed
777 216 64 75 fide
858 216 40 75 of
910 216 55 75 the
981 216 170 75 perimeter
1168 216 41 75 of

214 262 18 75 a
247 262 101 75 figure
363 262 9 75 :
398 262 109 75 Thus,
532 262 56 75 the
608 262 73 75 bafe
696 262 41 75 of
748 262 19 75 a
786 262 136 75 triangle
938 262 74 75 may
1028 262 39 75 be
1083 262 68 75 faid
1168 262 39 75 of

214 308 62 75 any
292 308 40 75 of
350 308 42 75 its
408 308 93 75 fides,
525 308 60 75 but
609 308 89 75 more
720 308 151 75 properly
887 308 39 75 of
945 308 55 75 the
1017 308 120 75 lowed,
1163 308 39 75 or

212 355 73 75 that
302 355 105 75 which
427 355 27 75 is
471 355 131 75 parallel
623 355 36 75 to
680 355 54 75 the
759 355 149 75 horizon.
957 355 40 75 In
1021 355 182 75 redangled

215 401 162 75 triangles,
403 401 56 75 the
476 401 72 75 b.afe
564 401 27 75 is
607 401 152 75 properly
770 401 71 75 that
857 401 63 75 fide
936 401 141 75 oppofite
1092 401 36 75 to
1145 401 56 75 the

216 447 84 75 right
317 447 105 75 angle.

168 494 97 75 Base
287 494 48 75 of
337 494 19 75 a
363 494 91 75 /olid
458 494 122 75 figure,
605 494 56 75 the
678 494 109 75 lowed
799 494 74 75 fide,
899 494 37 75 or
949 494 70 75 that
1035 494 42 75 on
1095 494 108 75 which

215 541 25 75 it
258 541 116 75 dands.

168 587 97 75 Base
286 587 42 75 of
344 587 22 75 a
383 587 89 75 conic
479 587 138 75 fettion,
644 587 18 75 a
688 587 88 75 right
793 587 63 75 line
885 587 33 75 in
941 587 55 75 the
1023 587 178 75 hyperbola

212 635 65 75 and
291 635 163 75 parabola,
484 635 112 75 arifing
612 635 84 75 from
713 635 56 75 the
785 635 147 75 common
949 635 201 75 interfedion
1164 635 41 75 of

216 681 55 75 the
287 681 107 75 fecant
408 681 107 75 plane,
540 681 62 75 and
617 681 55 75 the
689 681 72 75 bafe
779 681 39 75 of
830 681 55 75 the
902 681 94 75 cone.

169 728 120 75 Jltern
306 728 115 75 Base.
472 728 62 75 See
551 728 177 75 Altern.

166 774 116 75 Base,
308 774 33 75 in
352 774 222 75 architedure,
598 774 116 75 isufed
731 774 51 75 for
800 774 63 75 any
878 774 89 75 body
986 774 104 75 which
1108 774 95 75 bears

217 820 145 75 another,
386 820 59 75 but
461 820 205 75 particularly
682 820 51 75 for
751 820 55 75 the
834 820 98 75 lower
949 820 71 75 part
1037 820 40 75 of
1100 820 19 75 a
1147 820 53 75 co-

215 867 85 75 lumn
318 867 61 75 and
396 867 150 75 pededal.
599 867 61 75 See
674 867 335 75 Architecture.

166 914 113 75 Base,
306 914 31 75 in
354 914 219 75 fortification,
600 914 55 75 the
672 914 143 75 exterior
832 914 63 75 fide
912 914 41 75 of
973 914 56 75 the
1046 914 156 75 polygon,

213 959 37 75 or
267 959 70 75 that
354 959 175 75 imaginary
541 959 64 75 line
618 959 105 75 which
740 959 26 75 is
782 959 111 75 drawn
910 959 83 75 from
1008 959 54 75 the
1075 959 127 75 flanked

214 1007 90 75 angle
321 1007 39 75 of
371 1007 19 75 a
405 1007 132 75 badion,
564 1007 34 75 to
614 1007 56 75 the
683 1007 92 75 angle
791 1007 141 75 oppofite
948 1007 35 75 to
1000 1007 39 75 it.

167 1053 114 75 Base,
306 1053 32 75 in
355 1053 155 75 gunnery,
536 1053 54 75 the
607 1053 76 75 leal!
708 1053 65 75 fort
801 1053 40 75 of
861 1053 171 75 ordnance,
1059 1053 55 75 the
1131 1053 69 75 dia-

179 1073 3 104 ■
212 1099 101 75 meter
329 1099 40 75 of
387 1099 107 75 whofe
521 1099 78 75 bore
624 1099 25 75 is
671 1099 43 75 i|
730 1099 87 75 inch,
843 1099 122 75 weight
984 1099 68 75 200
1077 1099 121 75 pound,

213 1145 110 75 length
351 1145 19 75 4
394 1145 84 75 feet,
498 1145 75 75 load
592 1145 16 75 5
634 1145 121 75 pound,
781 1145 71 75 (hot
870 1145 14 75 i
893 1145 21 75 f
929 1145 108 75 pound
1053 1145 58 75 wt.
1137 1145 64 75 and

215 1191 154 75 diameter
390 1191 32 75 i-|
422 1191 10 75 .
448 1191 87 75 inch.

166 1238 102 75 Base
288 1238 77 75 line,
390 1238 32 75 in
439 1238 202 75 perfpedive,
666 1238 56 75 the
739 1238 147 75 common
909 1238 116 75 fedion
1045 1238 41 75 of
1097 1238 19 75 a
1132 1238 69 75 pic-

213 1285 82 75 ture,
322 1285 61 75 and
400 1285 54 75 the
471 1285 205 75 geometrical
694 1285 103 75 plane.

169 1332 145 75 Diftintt
331 1332 114 75 Base,
470 1332 32 75 in
520 1332 116 75 optics.
686 1332 62 75 See
765 1332 141 75 Focus.

167 1378 97 75 Base
284 1378 43 75 of
333 1378 53 75 the
401 1378 106 75 heart,
532 1378 32 75 in
581 1378 161 75 anatomy,
768 1378 132 75 denotes
917 1378 41 75 its
976 1378 98 75 upper
1091 1378 84 75 part.

165 1425 117 75 Base,
308 1425 37 75 or
363 1425 113 75 Bass,
502 1425 33 75 in
552 1425 108 75 mufic.
711 1425 61 75 See
789 1425 115 75 Bass.

165 1471 277 75 Basein
458 1471 165 75 heraldry.
673 1471 62 75 See
751 1471 147 75 Point.

166 1517 237 75 BASELLA,
428 1517 32 75 in
484 1517 131 75 botany,
641 1517 19 75 a
684 1517 99 75 genus
800 1517 40 75 of
858 1517 54 75 the
936 1517 186 75 pentandria
1141 1517 57 75 tri-

177 1563 132 75 cegynia
325 1563 99 75 clafs..
467 1563 35 75 It
526 1563 58 75 has
600 1563 42 75 no
662 1563 86 75 calix
763 1563 10 75 ;
800 1563 55 75 the
875 1563 121 75 corolla
1020 1563 61 75 has
1104 1563 20 75 6
1150 1563 48 75 di-

212 1611 112 75 vifions
339 1611 13 75 ;
377 1611 62 75 and
455 1611 91 75 there
561 1611 27 75 is
601 1611 58 75 but
671 1611 60 75 one
744 1611 74 75 feed
834 1611 31 75 in
877 1611 57 75 the
951 1611 137 75 caplule.
1120 1611 79 75 The

213 1656 117 75 fpeciss
354 1656 53 75 are
434 1656 32 75 3,
492 1656 70 75 viz.,
598 1656 55 75 the
678 1656 108 75 rubra,
818 1656 82 75 alba,
927 1656 62 75 and
1011 1656 118 75 lucida,
1155 1656 48 75 all

214 1702 120 75 natives
352 1702 40 75 of
403 1702 106 75 India.

171 1749 275 75 BASEMENT,
469 1749 33 75 in
519 1749 220 75 architedure,
765 1749 18 75 a
807 1749 73 75 bafe
898 1749 171 75 continued
1085 1749 19 75 a
1120 1749 76 75 con-

212 1796 153 75 liderable
379 1796 125 75 length,
530 1796 33 75 as
588 1796 104 75 round
711 1796 18 75 a
752 1796 110 75 houfe,
889 1796 103 75 room,
1019 1796 64 75 •be.
1134 1796 62 75 See

215 1840 333 75 Architecture.

171 1888 217 75 BASHAW,
414 1888 19 75 a
447 1888 142 75 Turkifh
606 1888 157 75 governor
780 1888 40 75 of
831 1888 19 75 a
866 1888 161 75 province,
1056 1888 79 75 city,
1161 1888 37 75 or

216 1934 93 75 other
326 1934 129 75 diflrid.

261 1980 148 75 Bafliaws
421 1980 128 75 include
563 1980 202 75 beglerbegs,
790 1980 63 75 and
864 1980 178 75 fometimes
1060 1980 139 75 fangiac-

214 2027 89 75 begs,
328 2027 124 75 though
467 2027 19 75 a
501 2027 177 75 diflindion
695 2027 25 75 is
739 2027 177 75 fometimes
933 2027 104 75 made,
1064 2027 62 75 and
1143 2027 56 75 the

214 2074 90 75 name
329 2074 133 75 bajha’w
486 2074 27 75 is
538 2074 225 75 appropriated
782 2074 36 75 to
838 2074 55 75 the
912 2074 122 75 middle
1057 2074 78 75 fort,
1161 2074 38 75 or

215 2120 74 75 fuch
309 2120 33 75 as
359 2120 80 75 have
456 2120 65 75 two
540 2120 121 75 enligns
678 2120 37 75 or
738 2120 183 75 horfe-tails
939 2120 123 75 carried
1086 2120 113 75 before

216 2166 99 75 them.
362 2166 113 75 Thofe
491 2166 74 75 who
581 2166 81 75 have
674 2166 55 75 the
745 2166 127 75 honour
882 2166 40 75 of
932 2166 92 75 three
1041 2166 86 75 tails,
1145 2166 53 75 are

214 2212 103 75 called
335 2212 201 75 beglerbegs;
563 2212 62 75 and
641 2212 89 75 thofe
748 2212 73 75 who
837 2212 80 75 have
934 2212 76 75 only
1026 2212 73 75 one,
1115 2212 82 75 fan-

210 2258 163 75 giacbegs.

263 2305 75 75 The
361 2305 191 75 appellation
577 2305 131 75 bajhaiu
733 2305 30 75 is
784 2305 94 75 given
895 2305 44 75 by
955 2305 71 75 way
1042 2305 41 75 of
1105 2305 93 75 cour-

215 2353 67 75 tefy
297 2353 35 75 to
350 2353 110 75 almoft
476 2353 95 75 every
587 2353 112 75 perfon
715 2353 40 75 of
775 2353 61 75 any
852 2353 102 75 figure
976 2353 33 75 at
1025 2353 55 75 the
1097 2353 102 75 grand

218 2398 144 75 fignior’s
379 2398 104 75 court.

170 2444 258 75 BASIENTO,
453 2444 19 75 a
488 2444 83 75 river
589 2444 40 75 of
640 2444 55 75 the
711 2444 152 75 kingdom
881 2444 40 75 of
931 2444 136 75 Naples,
1092 2444 106 75 which

217 2493 74 75 rifes
309 2493 74 75 near
398 2493 145 75 Potenza
565 2493 32 75 in
623 2493 55 75 the
701 2493 179 75 Bafilicate,
906 2493 115 75 waters
1039 2493 70 75 that
1124 2493 75 75 pro-

217 2539 102 75 vince,
345 2539 62 75 and
424 2539 74 75 runs
515 2539 68 75 into
600 2539 55 75 the
672 2539 74 75 gulf
759 2539 39 75 of
809 2539 161 75 Tarento„

171 2584 342 75 BASIGLOSSUS,
546 2584 37 75 or
607 2584 313 75 Basioglossus.
972 2584 61 75 See
1060 2584 138 75 Basio-

222 2631 192 75 GLOSSUM,

171 2679 29 75 B
206 2679 121 75 ASIE,
360 2679 32 75 in
414 2679 197 75 geography,
643 2679 19 75 a
685 2679 66 75 city
770 2679 63 75 and
860 2679 114 75 canton
992 2679 41 75 of
1045 2679 154 75 Switzer-

217 2725 87 75 land,
330 2725 76 75 near
417 2725 55 75 the
485 2725 138 75 confines
634 2725 40 75 of
686 2725 128 75 Alface,
830 2725 186 75 fituated-on
1028 2725 81 75 both
1120 2725 81 75 fides

221 2772 53 75 the
292 2772 83 75 river
391 2772 124 75 Rhine,

264 2817 77 75 The
367 2817 66 75 city
452 2817 27 75 is
503 2817 100 75 large,
627 2817 168 75 populous,
821 2817 60 75 and
908 2817 139 75 fortified
1061 2817 10 75 ;
1103 2817 95 75 being

218 2863 134 75 fituated
368 2863 30 75 in
419 2863 17 75 7
436 2845 19 49 0
474 2863 54 75 4c/
545 2863 45 75 E.
607 2863 88 75 long,
722 2863 60 75 and
801 2863 61 75 47°
881 2863 55 75 4c/
952 2863 47 75 N.
1018 2863 58 75 lat.

172 2911 133 75 Basil,
330 2911 179 75 imbotany.
559 2911 63 75 See
637 2911 191 75 Ocymum.

172 2957 131 75 Basil,
329 2957 114 75 among
455 2957 135 75 joiners,
615 2957 55 75 the
685 2957 120 75 doping
827 2957 82 75 edge
923 2957 41 75 of
981 2957 18 75 a
1016 2957 118 75 duffel,
1160 2957 37 75 or

218 3005 40 75 of
269 3005 53 75 the
338 3005 79 75 iron,
424 3005 41 75 of
476 3005 18 75 a
509 3005 106 75 plane,
639 3005 35 75 to
692 3005 100 75 work,
799 3005 41 75 on
864 3005 64 75 foft
945 3005 97 75 wood
1055 3005 9 75 :
1098 3005 99 75 They

1240 143 24 75 6
1320 143 18 75 )

1683 143 224 75 BAS

1297 213 123 75 ufually
1438 213 91 75 make
1547 213 55 75 the
1618 213 76 75 bafil
1716 213 37 75 12
1773 213 144 75 degrees,
1948 213 62 75 and
2027 213 50 75 for
2094 213 81 75 hard
2191 213 95 75 wood

1302 259 38 75 18
1357 259 10 75 ;
1393 259 27 75 it
1437 259 94 75 being
1549 259 180 75 remarked-,
1754 259 70 75 that
1843 259 54 75 the
1915 259 88 75 more
2021 259 91 75 acute
2137 259 55 75 the
2209 259 76 75 bafil

1296 304 39 75 is,
1360 304 56 75 the
1435 304 104 75 better
1555 304 55 75 the
1626 304 189 75 inftrument
1836 304 70 75 cuts
1921 304 10 75 ;
1959 304 61 75 and
2040 304 57 75 the
2122 304 88 75 more
2227 304 58 75 ob-

1297 352 79 75 tufe,
1402 352 56 75 the
1470 352 143 75 ftronger
1629 352 62 75 and
1708 352 84 75 fitter
1809 352 26 75 it
1851 352 27 75 is
1895 352 52 75 for
1963 352 131 75 fervice.

1250 398 107 75 Order
1367 398 44 75 of
1418 398 42 75 St
1476 398 133 75 Basil,
1635 398 56 75 the
1708 398 78 75 mod
1803 398 127 75 ancient
1940 398 40 75 of
1998 398 43 75 all
2059 398 55 75 the
2134 398 150 75 religious

1296 444 123 75 orders,
1441 444 66 75 was
1519 444 79 75 very
1609 444 125 75 famous
1745 444 33 75 in
1790 444 55 75 the
1857 444 76 75 eaft.
1982 444 32 75 It
2028 444 104 75 paffed
2143 444 69 75 into
2228 444 57 75 the

1296 491 73 75 weft
1394 491 97 75 about
1516 491 55 75 the
1596 491 75 75 year
1694 491 99 75 1057,
1819 491 62 75 and
1907 491 63 75 was
1996 491 74 75 held
2097 491 30 75 in
2144 491 89 75 great
2250 491 34 75 e-

1296 537 107 75 fteem,
1429 537 170 75 efpecially
1615 537 31 75 in
1661 537 99 75 Italy.
1809 537 49 75 As
1876 537 33 75 to
1925 537 86 75 their
2023 537 97 75 rules,
2146 537 55 75 the
2218 537 67 75 Ita-

1296 583 63 75 lian
1377 583 112 75 monks
1507 583 40 75 of
1558 583 71 75 that
1641 583 96 75 order
1754 583 58 75 faft
1825 583 95 75 every
1933 583 120 75 Friday
2064 583 35 75 in
2113 583 55 75 the
2185 583 76 75 year
2272 583 19 75 t

1295 630 99 75 They
1415 630 51 75 eat
1482 630 85 75 meat
1586 630 59 75 but
1661 630 89 75 three
1777 630 94 75 times
1889 630 18 75 a
1923 630 101 75 week,
2051 630 62 75 and
2132 630 77 75 then
2226 630 59 75 but

1296 677 78 75 once
1392 677 96 75 a-day
1505 677 9 75 :
1549 677 100 75 They
1664 677 92 75 work
1772 677 43 75 all
1834 677 147 75 together
1999 677 32 75 at
2047 677 119 75 certain
2185 677 98 75 hours

1294 723 41 75 of
1346 723 55 75 the
1418 723 83 75 day:
1528 723 106 75 Their
1650 723 90 75 habit
1757 723 25 75 is
1800 723 111 75 nearly
1922 723 64 75 like
2003 723 70 75 that
2093 723 40 75 of
2147 723 54 75 the
2219 723 63 75 Be-

1296 770 184 75 nedidines,
1506 770 61 75 and
1592 770 77 75 they
1686 770 84 75 wear
1794 770 20 75 a
1837 770 89 75 fmall
1952 770 99 75 beard
2074 770 64 75 like
2161 770 56 75 the
2234 770 49 75 fa-

1297 816 89 75 thers
1403 816 40 75 of
1454 816 55 75 the
1526 816 132 75 miflion.

1249 862 240 75 BASILARE
1507 862 44 75 of,
1570 862 31 75 in
1615 862 161 75 anatomy,
1790 862 55 75 the
1857 862 83 75 fame
1953 862 77 75 with
2044 862 238 75 osffhenoides.

1298 909 61 75 See
1378 909 256 75 Sphenoides.

1249 956 205 75 BASILIC,
1485 956 32 75 in
1542 956 125 75 ancient
1687 956 221 75 architedure,
1940 956 19 75 a
1983 956 83 75 term
2090 956 77 75 ufed
2196 956 52 75 for
2264 956 20 75 a

1296 1002 88 75 large
1408 1002 78 75 hall,
1512 1002 38 75 or
1567 1002 108 75 public
1700 1002 101 75 place,
1825 1002 82 75 with
1927 1002 82 75 ifles,
2034 1002 154 75 porticos,
2213 1002 69 75 gal-

1296 1049 106 75 leries,
1439 1049 170 75 tribunals,
1635 1049 64 75 be.
1734 1049 107 75 where
1867 1049 124 75 princes
2018 1049 47 75 fat
2092 1049 63 75 and
2182 1049 103 75 admi-

1298 1095 134 75 niftered
1446 1095 112 75 juftice
1575 1095 32 75 in
1624 1095 125 75 perfon.

1249 1142 240 75 BASILICA,
1515 1142 30 75 in
1564 1142 160 75 anatomy,
1749 1142 55 75 the
1821 1142 134 75 interior
1969 1142 120 75 branch
2104 1142 40 75 of
2155 1142 57 75 the
2223 1142 58 75 ax-

1295 1187 94 75 illary
1417 1187 84 75 vein,
1539 1187 135 75 running
1703 1187 55 75 the
1783 1187 105 75 whole
1915 1187 110 75 length
2055 1187 40 75 of
2119 1187 53 75 the
2200 1187 81 75 arm.

1248 1233 309 75 BASILICATE,
1582 1233 19 75 a
1617 1233 149 75 province
1783 1233 39 75 of
1842 1233 55 75 the
1913 1233 153 75 kingdom
2085 1233 39 75 of
2145 1233 136 75 Naples,

1295 1279 116 75 having
1431 1279 55 75 the
1501 1279 109 75 Terra
1626 1279 33 75 di
1681 1279 94 75 Barri
1793 1279 41 75 on
1852 1279 57 75 the
1923 1279 116 75 north,,
2058 1279 62 75 and
2137 1279 54 75 the
2208 1279 74 75 pro-

1295 1326 90 75 vince
1397 1326 40 75 of
1448 1326 152 75 Calabria
1618 1326 43 75 on
1677 1326 55 75 the
1745 1326 106 75 fouth.

1248 1374 223 75 BASILICI,
1498 1374 18 75 a
1532 1374 238 75 denomination
1794 1374 93 75 given
1904 1374 36 75 in
1956 1374 57 75 the
2032 1374 114 75 Greek
2162 1374 120 75 empire

1295 1419 35 75 to
1351 1419 89 75 thofe
1462 1419 74 75 who
1554 1419 125 75 carried
1700 1419 56 75 the
1780 1419 173 75 emperor’s
1978 1419 111 75 orders
2115 1419 63 75 and
2193 1419 88 75 com-

1296 1465 124 75 mands.

1248 1513 276 75 BASILICON,
1549 1513 31 75 in
1598 1513 185 75 pharmacy,
1809 1513 40 75 an
1861 1513 123 75 epithet
2001 1513 52 75 for
2069 1513 19 75 a
2106 1513 92 75 great
2214 1513 66 75 ma-

1295 1558 43 75 ny
1354 1558 221 75 compofitions
1592 1558 36 75 to
1650 1558 40 75 be
1709 1558 102 75 found
1826 1558 33 75 in
1882 1558 56 75 the
1961 1558 124 75 ancient
2113 1558 169 75 medicinal

1294 1605 125 75 writers
1434 1605 9 75 :
1471 1605 68 75 But
1559 1605 26 75 it
1601 1605 88 75 more
1706 1605 207 75 particularly
1932 1605 132 75 denotes
2081 1605 40 75 an
2142 1605 138 75 officinal

1296 1652 168 75 ointment,
1490 1652 169 75 compofed
1683 1652 41 75 of
1742 1652 86 75 wax,
1855 1652 90 75 refin,
1970 1652 101 75 pitch,
2097 1652 64 75 and
2184 1652 44 75 oil
2245 1652 42 75 of

1296 1699 113 75 olives,
1445 1699 85 75 from
1557 1699 114 75 thence
1698 1699 104 75 called
1828 1699 311 75 tetrapharmacum.
2193 1699 32 75 It
2253 1699 30 75 is

1297 1744 94 75 much
1408 1744 75 75 ufed
1500 1744 32 75 in
1549 1744 147 75 wounds.

1249 1792 232 75 BASILICS,
1515 1792 19 75 a
1564 1792 84 75 body
1674 1792 39 75 of
1741 1792 56 75 the
1831 1792 127 75 Roman
1986 1792 90 75 laws,
2109 1792 171 75 tranllated

1295 1838 69 75 into
1395 1838 125 75 Greek.
1585 1838 76 75 The
1702 1838 120 75 bafilics
1855 1838 214 75 comprehend
2101 1838 56 75 the
2193 1838 86 75 infti-

1294 1883 98 75 tutes,
1417 1883 129 75 digefts,
1571 1883 92 75 code,
1689 1883 122 75 novels,
1837 1883 64 75 and
1915 1883 87 75 fome
2018 1883 97 75 edids
2132 1883 40 75 of
2183 1883 98 75 Jufti-

1296 1929 71 75 nian
1385 1929 62 75 and
1463 1929 93 75 other
1572 1929 175 75 emperors.

1247 1975 267 75 BASILICUS,
1540 1975 33 75 in
1589 1975 193 75 aftronomy,
1807 1975 55 75 cor
1879 1975 112 75 leonis,
2015 1975 19 75 a
2054 1975 89 75 fixed
2166 1975 62 75 ftar
2244 1975 41 75 of

1295 2022 54 75 the
1376 2022 65 75 firlt
1469 2022 184 75 magnitude
1680 2022 32 75 in
1740 2022 56 75 the
1823 2022 218 75 conftellation
2069 2022 85 75 Leo.
2217 2022 64 75 See

1297 2068 98 75 Leo.

1247 2115 326 75 BASILIDIANS,
1607 2115 31 75 in
1663 2115 269 75 church-hiftory,
1958 2115 25 75 a.
1994 2115 120 75 branch
2138 2115 41 75 of
2197 2115 84 75 gno-

1294 2162 83 75 ftics,
1409 2162 75 75 who
1508 2162 194 75 maintained
1727 2162 73 75 that
1824 2162 142 75 Chrift’s
1980 2162 87 75 body
2087 2162 63 75 was
2167 2162 78 75 only
2262 2162 21 75 a

1294 2209 164 75 phantom,
1484 2209 62 75 and
1562 2209 71 75 that
1651 2209 112 75 Simon
1776 2209 54 75 the
1843 2209 169 75 Cyrenean
2028 2209 136 75 fuffered
2180 2209 33 75 in
2229 2209 51 75 his

1294 2254 97 75 ftead.

1247 2301 351 75 BASILIGOROD,
1634 2301 19 75 a
1680 2301 68 75 city
1771 2301 40 75 of
1834 2301 56 75 the
1918 2301 127 75 Ruffian
2073 2301 131 75 empire,
2245 2301 33 75 in

1294 2347 208 75 Mufcovitiih
1526 2347 155 75 Tartary,
1706 2347 135 75 fituated
1863 2347 85 75 upon
1971 2347 55 75 the
2043 2347 101 75 banks
2160 2347 41 75 of
2223 2347 58 75 the

1293 2394 135 75 Wolga.

1248 2440 294 75 BASILISCUS,
1567 2440 32 75 in
1616 2440 152 75 zoology,
1794 2440 55 75 the
1874 2440 106 75 trivial
2002 2440 91 75 name
2113 2440 41 75 of
2176 2440 18 75 a
2210 2440 69 75 fpe-

1296 2486 63 75 cies
1376 2486 39 75 of
1426 2486 131 75 lacerta.
1607 2486 277 75 SeeLACERTA.

1248 2533 232 75 BASILISK,
1513 2533 32 75 in
1568 2533 142 75 military
1734 2533 120 75 affairs,
1880 2533 19 75 a
1923 2533 87 75 large
2038 2533 88 75 piece
2142 2533 42 75 of
2202 2533 76 75 ord-

1295 2578 109 75 nance,
1429 2578 95 75 being
1541 2578 18 75 a
1576 2578 218 75 48-pounder,
1820 2578 61 75 and
1898 2578 158 75 weighing
2073 2578 96 75 about
2188 2578 90 75 7200

1295 2624 136 75 pounds.
1479 2624 111 75 Thofe
1607 2624 40 75 of
1658 2624 55 75 the
1729 2624 124 75 French
1868 2624 84 75 were
1971 2624 39 75 10
2027 2624 66 75 feet
2109 2624 88 75 long,
2216 2624 63 75 and

1295 2671 90 75 thofe
1400 2671 39 75 of
1453 2671 56 75 the
1525 2671 114 75 Latch
1661 2671 53 75 i-j.
1762 2671 76 75 The
1855 2671 125 75 French
1997 2671 43 75 do
2063 2671 57 75 not
2136 2671 62 75 call
2216 2671 63 75 any

1296 2717 88 75 more
1397 2717 39 75 of
1448 2717 70 75 that
1535 2717 130 75 calibre.-

1248 2764 356 75 BASINGSTOKE,
1630 2764 18 75 a
1664 2764 225 75 market-town
1902 2764 40 75 of
1954 2764 199 75 Hampfliire,
2180 2764 98 75 abost

1300 2810 41 75 16
1357 2810 89 75 miles
1464 2810 175 75 north-eaft
1656 2810 39 75 of
1705 2810 218 75 Winehefter,
1948 2810 32 75 in
2003 2810 36 75 i°
2061 2810 51 75 15'
2129 2810 61 75 W.
2207 2810 69 75 Ion.

1295 2856 62 75 and
1377 2856 58 75 yi°
1454 2856 46 75 20
1500 2838 10 49 /
1526 2856 47 75 N.
1591 2856 59 75 lat.

1246 2903 377 75 BASIOGLOSSUS,
1646 2903 31 75 in
1699 2903 160 75 anatomy,
1886 2903 18 75 a
1920 2903 117 75 mufcle
2054 2903 113 75 arifing
2192 2903 91 75 from,

1294 2949 54 75 the
1366 2949 71 75 bafe
1454 2949 40 75 of
1505 2949 55 75 the
1576 2949 35 75 os
1629 2949 148 75 hyoides.

1246 2998 149 75 BASIS,
1418 2998 82 75 fo/e,
1525 2998 33 75 in
1573 2998 180 75 geometry.
1804 2998 62 75 See
1882 2998 111 75 Base.

2150 3036 120 75 Basis,
