2428 3377
692 142 1008 75 ANATOMY.

2083 145 99 75 Part
2198 145 53 75 II.

132 249 244 75 Quadratus
394 249 222 75 Lumeorum
624 249 75 75 five
716 249 209 75 Lumbaris
943 249 224 75 Externus.

180 330 106 75 This
320 330 27 75 is
381 330 152 75 a-fmall,
570 330 131 75 oblong,
726 330 57 75 fiat
810 330 130 75 mufcle,
976 330 194 75 irregularly

133 375 126 75 fquare,
284 375 162 75 narrower
462 375 33 75 at
512 375 42 75 its
571 375 99 75 upper
687 375 76 75 than
781 375 32 75 at
829 375 40 75 its
887 375 100 75 lower
1009 375 84 75 part,
1118 375 49 75 ly-

133 424 56 75 ing
205 424 95 75 along
317 424 55 75 the
389 424 80 75 fides
486 424 41 75 of
546 424 56 75 the
620 424 153 75 vertebrae
801 424 197 75 lumborum,
1024 424 145 75 between

134 470 55 75 the
205 470 58 75 laft
278 470 77 75 faife
373 470 49 75 rib
439 470 65 75 and
524 470 56 75 the
596 470 36 75 os
651 470 103 75 ilium.

182 516 31 75 It
229 516 26 75 is
273 516 88 75 fixed
375 516 106 75 below
498 516 34 75 to
548 516 55 75 the
620 516 147 75 external
794 516 120 75 labium
938 516 41 75 of
997 516 112 75 almoft
1126 516 43 75 all

135 564 56 75 the
208 564 153 75 poRerior
369 564 77 75 half
457 564 40 75 of
508 564 55 75 the
581 564 92 75 crifta
688 564 68 75 offis
773 564 103 75 ilium,
901 564 35 75 to
948 564 56 75 the
1015 564 153 75 ligamen-

136 610 68 75 tum
229 610 245 75 facro-iliacuifi,
500 610 64 75 and
580 610 19 75 a
615 610 85 75 little
728 610 36 75 to
792 610 56 75 the
873 610 36 75 os
932 610 136 75 facrum,
1092 610 44 75 by
1153 610 19 75 a

135 657 98 75 fiefhy
248 657 106 75 plane,
382 657 57 75 the
455 657 95 75 fibres
567 657 151 75 whereof
729 657 58 75 run
805 657 165 75 obliquely
987 657 183 75 backward.

184 703 97 75 From
297 703 115 75 thence
427 703 26 75 it
470 703 74 75 runs
560 703 44 75 up
616 703 145 75 between
773 703 56 75 the
840 703 257 75 facro-lumbaris
1110 703 63 75 and

135 750 103 75 pfoas,
262 750 44 75 by
322 750 80 75 both
416 750 106 75 which
540 750 27 75 it
583 750 26 75 is
626 750 107 75 partly
748 750 70 75 hid,
844 750 64 75 and
930 750 27 75 is
984 750 140 75 inferted
1138 750 34 75 in

135 796 55 75 the
206 796 200 75 extremities
434 796 41 75 of
496 796 43 75 all
566 796 56 75 the
650 796 174 75 tranfverfe
851 796 174 75 apophyfes
1052 796 41 75 of
1110 796 56 75 the

136 843 82 75 loins
235 843 45 75 by
292 843 131 75 oblique
439 843 170 75 tendinous
626 843 201 75 digitations.
867 843 34 75 It
916 843 27 75 is
959 843 139 75 likewife
1109 843 62 75 fix-

137 889 41 75 ed
197 889 42 75 by
257 889 19 75 a
291 889 103 75 bread
408 889 152 75 infertion
578 889 30 75 in
626 889 56 75 the
699 889 128 75 twelfth
856 889 62 75 rib,
944 889 41 75 on
1003 889 55 75 the
1075 889 96 75 infide

135 936 44 75 of
190 936 56 75 the
266 936 153 75 ligament
436 936 70 75 that
530 936 57 75 lies
605 936 144 75 between
766 936 25 75 it
809 936 63 75 and
898 936 56 75 the
982 936 190 75 longiflimus

137 982 95 75 dorfi,
258 982 44 75 by
319 982 106 75 which
443 982 70 75 that
530 982 48 75 rib
595 982 26 75 is
639 982 176 75 connedted
826 982 35 75 to
873 982 56 75 the
945 982 65 75 firft
1025 982 150 75 vertebra

136 1029 40 75 of
187 1029 56 75 the
259 1029 96 75 loins.

207 1133 291 75 MUSCULI
534 1133 175 75 OSSIS
747 1133 342 75 COCCYGIS.

183 1203 128 75 These
340 1203 53 75 are
417 1203 102 75 fmall,
554 1203 82 75 thin,
671 1203 146 75 radiated
841 1203 145 75 mufcles,
1019 1203 90 75 lying
1132 1203 42 75 on

136 1250 56 75 the
208 1250 93 75 inner-
315 1250 38 75 or
369 1250 139 75 concave
531 1250 62 75 fide
622 1250 39 75 of
685 1250 55 75 the
767 1250 37 75 os
821 1250 134 75 facrum,
982 1250 63 75 and
1061 1250 110 75 neigh-

136 1297 136 75 bouring
288 1297 87 75 parts
391 1297 40 75 of
443 1297 56 75 the
515 1297 113 75 pelvis.
677 1297 100 75 They
793 1297 53 75 are
862 1297 74 75 four
964 1297 32 75 in
1025 1297 146 75 number,

136 1345 66 75 two
220 1345 40 75 on
278 1345 78 75 each
380 1345 77 75 fide,
482 1345 148 75 whereof
646 1345 61 75 one
734 1345 26 75 is
784 1345 112 75 placed
912 1345 90 75 more
1018 1345 154 75 forward;

137 1392 55 75 the
220 1392 95 75 other
338 1392 89 75 more
453 1392 192 75 backward;
673 1392 51 75 for
750 1392 107 75 which
886 1392 109 75 reafon
1023 1392 56 75 the
1107 1392 65 75 firft

135 1438 75 75 may
226 1438 40 75 be
281 1438 125 75 termed
421 1438 170 75 coccygaus
604 1438 159 75 anterior,
768 1438 76 75 five
860 1438 309 75 ifchio-coccygaut;

136 1485 56 75 the
209 1485 94 75 other
321 1485 170 75 coccygaiu
503 1485 171 75 pofterior,
687 1485 76 75 five
768 1485 298 75 facro-coccygaits.

181 1532 78 75 The
283 1532 185 75 coccygceus
493 1532 140 75 anterior
649 1532 26 75 is
693 1532 90 75 fixed
808 1532 44 75 by
868 1532 19 75 a
901 1532 104 75 broad
1020 1532 151 75 infertion

134 1579 34 75 in
184 1579 56 75 the
256 1579 140 75 anterior
411 1579 129 75 portion
557 1579 40 75 of
620 1579 56 75 the
695 1579 91 75 fmall
813 1579 174 75 tranfverfe
1003 1579 166 75 ligament,

136 1626 32 75 at
185 1626 56 75 the
257 1626 99 75 upper
373 1626 72 75 part
461 1626 40 75 of
518 1626 56 75 the
591 1626 142 75 foramen
748 1626 94 75 ovale
858 1626 41 75 of
910 1626 55 75 the
982 1626 36 75 os
1034 1626 136 75 innomi-

134 1671 123 75 natum,
283 1671 105 75 which
416 1671 26 75 is
470 1671 44 75 no
540 1671 89 75 more
651 1671 77 75 than
746 1671 19 75 a
780 1671 173 75 particular
969 1671 71 75 fold
1054 1671 41 75 of
1114 1671 56 75 the

135 1718 91 75 great
242 1718 173 75 tranfverfe
431 1718 152 75 ligament
605 1718 40 75 of
664 1718 56 75 the
736 1718 114 75 pelvis.
898 1718 100 75 From
1014 1718 115 75 thence
1145 1718 26 75 it

134 1765 77 75 runs
228 1765 145 75 between
390 1765 64 75 this
470 1765 91 75 great
575 1765 155 75 ligament
747 1765 62 75 and
825 1765 56 75 the
899 1765 167 75 mufculus.
1076 1765 96 75 obtu-

135 1811 89 75 rator
238 1811 156 75 internus,
420 1811 74 75 and,
514 1811 203 75 contradiing
733 1811 32 75 in
781 1811 149 75 breadth,
947 1811 27 75 it
989 1811 27 75 is
1033 1811 140 75 inferted

136 1859 32 75 in
185 1859 55 75 the
255 1859 100 75 lower
371 1859 73 75 part
461 1859 39 75 of
509 1859 58 75 the
584 1859 36 75 os
632 1859 161 75 coccygis.

181 1905 77 75 The
273 1905 186 75 coccygaeus
477 1905 165 75 pofterior,
667 1905 37 75 or
731 1905 308 75 facro-coccygseus,
1065 1905 28 75 is
1110 1905 62 75 fix-

136 1954 41 75 ed
193 1954 36 75 to
245 1954 56 75 the
317 1954 91 75 inner
423 1954 38 75 or
479 1954 137 75 concave
631 1954 81 75 edge
726 1954 41 75 of
778 1954 56 75 the
854 1954 66 75 two
936 1954 65 75 firlt
1017 1954 153 75 vertebra

137 2000 41 75 of
189 2000 56 75 the
265 2000 37 75 os
318 2000 135 75 facrum,
480 2000 34 75 to
530 2000 55 75 the
601 2000 91 75 inner
708 2000 64 75 and
786 2000 99 75 lower
902 2000 80 75 edge
998 2000 41 75 of
1061 2000 54 75 the
1132 2000 37 75 li-

137 2043 183 75 gamentum
337 2043 280 75 facro-feiaticum,
644 2043 61 75 and
722 2043 35 75 to
781 2043 55 75 thfe
852 2043 87 75 fpine
956 2043 38 75 of
1006 2043 56 75 the
1078 2043 37 75 os
1130 2043 40 75 if-

137 2091 120 75 chium.
307 2091 99 75 From
431 2091 127 75 thence,
583 2091 198 75 contradling
796 2091 33 75 in
844 2091 150 75 breadth,
1019 2091 25 75 it
1072 2091 26 75 is
1122 2091 49 75 in-

137 2138 106 75 ferted
258 2138 33 75 in
306 2138 55 75 the
377 2138 97 75 infide
493 2138 40 75 of
551 2138 57 75 the
631 2138 37 75 os
696 2138 149 75 coccygis
862 2138 100 75 above
978 2138 57 75 the
1051 2138 120 75 former

138 2186 129 75 mufcle.

388 2276 211 75 PSOAS
639 2276 285 75 PARVUS.

184 2359 102 75 This
305 2359 27 75 is
361 2359 19 75 a
399 2359 77 75 long
503 2359 122 75 flender
651 2359 131 75 mufcle,
806 2359 89 75 lying
910 2359 86 75 upon
1013 2359 55 75 the
1084 2359 89 75 pfoas

137 2406 117 75 major.

188 2452 32 75 It
240 2452 27 75 is
283 2452 89 75 fixed
387 2452 101 75 above
504 2452 45 75 by
566 2452 19 75 a
600 2452 86 75 Ihort
702 2452 133 75 tendon,
861 2452 182 75 fometimes
1067 2452 36 75 to
1118 2452 56 75 the

140 2501 57 75 laft
209 2501 351 75 tranfverfe^pophyiis
573 2501 40 75 of
620 2501 54 75 the
686 2501 95 75 back,
794 2501 37 75 or
843 2501 135 75 higher;
995 2501 179 75 fometimes

140 2548 37 75 to
193 2548 56 75 the
265 2548 65 75 firft
346 2548 39 75 of
397 2548 54 75 the
467 2548 95 75 loins,
589 2548 62 75 and
667 2548 179 75 fometimes
869 2548 36 75 to
931 2548 94 75 both.
1074 2548 100 75 From

140 2593 116 75 thence
270 2593 27 75 it
314 2593 74 75 runs
405 2593 96 75 down
517 2593 122 75 wholly
655 2593 108 75 fiefhy,
781 2593 64 75 and
860 2593 88 75 more
960 2593 37 75 or
1013 2593 60 75 lefs
1086 2593 86 75 com-

141 2638 158 75 plexion
321 2638 56 75 the
394 2638 90 75 great
500 2638 103 75 pfoas,
628 2638 33 75 in
678 2638 18 75 a
712 2638 156 75 diredtion
880 2638 19 75 a
913 2638 84 75 little
1013 2638 143 75 oblique.

189 2687 129 75 Having
334 2687 139 75 reached
489 2687 55 75 the
560 2687 121 75 middle
705 2687 40 75 of
766 2687 57 75 the
838 2687 273 75 regio-lumbaris,
1136 2687 37 75 or

141 2730 221 75 thereabouts,
387 2730 27 75 it
441 2730 100 75 forms
566 2730 19 75 a
611 2730 123 75 flender
748 2730 56 75 flat
820 2730 133 75 tendon,
978 2730 105 75 which
1101 2730 71 75 gra-

143 2780 110 75 dually
267 2780 173 75 increafing
451 2780 32 75 in
495 2780 148 75 breadth;
668 2780 65 75 like
749 2780 19 75 a
783 2780 69 75 thin
869 2780 210 75 aponeurofis,
1097 2780 75 75 runs

142 2826 79 75 over
236 2826 56 75 the
308 2826 91 75 pfoas
415 2826 103 75 major
534 2826 62 75 and
610 2826 112 75 iliacus
737 2826 155 75 internus,
918 2826 32 75 at
965 2826 84 75 their
1061 2826 110 75 union,

143 2872 63 75 and
223 2872 84 75 from
323 2872 114 75 thence
452 2872 96 75 down
564 2872 35 75 to
616 2872 55 75 the
686 2872 171 75 fymphyfis
885 2872 39 75 of
942 2872 56 75 the
1022 2872 37 75 os
1080 2872 93 75 pubis

145 2919 61 75 and
222 2919 36 75 os
274 2919 103 75 ilium,
402 2919 63 75 and
488 2919 26 75 is
537 2919 139 75 inferted
691 2919 122 75 chiefly
822 2919 33 75 in
872 2919 54 75 the
942 2919 94 75 crifta
1058 2919 41 75 of
1117 2919 56 75 the

144 2965 37 75 os
200 2965 105 75 pubis,
322 2965 100 75 above
438 2965 56 75 the
509 2965 151 75 infertion
676 2965 40 75 of
727 2965 56 75 the
802 2965 172 75 pedtineus,
992 2965 180 75 fometimes

143 3012 131 75 fending
291 3012 39 75 an
347 3012 206 75 aponeurotic
569 3012 118 75 lamina
702 3012 126 75 further
845 3012 106 75 down.

1288 253 101 75 Uses
1412 253 42 75 cf
1468 253 53 75 the
1537 253 145 75 Mufcles
1698 253 108 75 which
1823 253 90 75 move
1928 253 53 75 the
1997 253 164 75 Vertebra'
2161 253 11 75 .

1266 336 85 75 The
1371 336 128 75 fealeni,
1524 336 95 75 when
1636 336 78 75 they
1730 336 48 75 adt
1794 336 41 75 on
1852 336 78 75 each
1946 336 63 75 fide
2029 336 33 75 at
2086 336 56 75 the
2168 336 84 75 fame

1219 382 90 75 time,
1335 382 74 75 may
1426 382 76 75 aflift
1525 382 33 75 in
1581 382 150 75 bringing
1747 382 55 75 the
1818 382 81 75 neck
1915 382 154 75 forward,
2095 382 92 75 when
2203 382 49 75 we

1219 429 71 75 lean
1306 429 82 75 back
1404 429 32 75 in
1455 429 61 75 any
1532 429 131 75 refpedt.
1712 429 113 75 When
1852 429 91 75 thofe
1969 429 41 75 of
2028 429 61 75 one
2117 429 65 75 fide
2203 429 51 75 adl

1219 476 42 75 by
1272 476 203 75 themfelves,
1492 476 80 75 they
1588 476 92 75 make
1697 476 18 75 a
1730 476 113 75 lateral
1854 476 171 75 infledHon,
2039 476 104 75 either
2154 476 41 75 of
2207 476 43 75 all

1221 522 54 75 the
1293 522 151 75 vertebra
1473 522 40 75 of
1534 522 56 75 the
1618 522 81 75 neck
1726 522 160 75 together,
1912 522 32 75 as
1972 522 32 75 in
2030 522 140 75 bending
2197 522 56 75 the

1220 570 122 75 middle
1358 570 41 75 of
1409 570 56 75 the
1481 570 81 75 neck
1574 570 10 75 ;
1622 570 45 75 or.
1676 570 40 75 of
1725 570 86 75 fome
1827 570 89 75 only,
1942 570 33 75 as
1991 570 33 75 in
2038 570 142 75 bending
2196 570 57 75 the

1221 615 100 75 lower
1336 615 72 75 part
1424 615 40 75 of
1475 615 56 75 the
1548 615 81 75 neck
1645 615 103 75 alone.

1269 663 76 75 The
1361 663 89 75 longi
1467 663 76 75 colli
1567 663 95 75 bring
1682 663 56 75 the
1763 663 80 75 neck
1866 663 140 75 forward
2021 663 44 75 by
2081 663 56 75 the
2153 663 101 75 lower

1222 709 71 75 part
1309 709 41 75 of
1369 709 85 75 their
1469 709 134 75 inferior
1619 709 157 75 portions.
1824 709 113 75 When
1952 709 61 75 one
2031 709 40 75 of
2081 709 90 75 them
2187 709 69 75 adls

1222 756 104 75 alone,
1352 756 39 75 or
1407 756 64 75 adfs
1488 756 89 75 more
1593 756 80 75 than
1689 756 56 75 the
1762 756 106 75 other,
1894 756 65 75 this
1980 756 125 75 motion
2121 756 27 75 is
2164 756 92 75 more

1222 803 36 75 or
1274 803 60 75 lefs
1359 803 143 75 oblique.

1270 850 52 75 By
1337 850 57 75 the
1409 850 103 75 upper
1526 850 63 75 and
1605 850 135 75 gfeateft
1756 850 72 75 part
1852 850 40 75 of
1909 850 56 75 the
1988 850 109 75 lowCft
2112 850 144 75 portion,

1224 896 78 75 they
1319 896 267 75 counterbalance
1602 896 57 75 the
1675 896 153 75 pofterior
1841 896 135 75 mufcles
1993 896 39 75 of
2049 896 87 75 thefe
2148 896 107 75 verte-

1223 942 78 75 bra,
1318 942 64 75 and
1396 942 114 75 hinder
1526 942 56 75 the
1599 942 81 75 neck
1695 942 86 75 from
1797 942 140 75 bending
1953 942 172 75 backward
2138 942 46 75 by
2199 942 57 75 the

1222 990 196 75 contradHon
1434 990 41 75 of
1486 990 55 75 the
1556 990 303 75 fterno-maftoidsi,
1884 990 106 75 when,
2014 990 89 75 lying
2130 990 42 75 on
2199 990 57 75 the

1223 1036 94 75 back,
1343 1036 49 75 we
1408 1036 79 75 raife
1503 1036 57 75 the
1575 1036 96 75 head.

1270 1084 77 75 The
1363 1084 213 75 tranfverfalis
1592 1084 116 75 major,
1734 1084 213 75 tranfverfalis
1963 1084 140 75 gracilis,
2121 1084 63 75 and
2199 1084 57 75 the

1225 1129 84 75 little
1324 1129 235 75 tranfverfales,
1585 1129 104 75 adting
1704 1129 43 75 on
1762 1129 61 75 one
1836 1129 75 75 fide,
1937 1129 56 75 can
2005 1129 82 75 have
2102 1129 43 75 no
2161 1129 96 75 other

1223 1177 53 75 life
1294 1177 57 75 but
1368 1177 35 75 to
1420 1177 83 75 bend
1530 1177 56 75 the
1614 1177 82 75 neck
1718 1177 161 75 laterally,
1906 1177 63 75 and
1985 1177 34 75 to
2036 1177 114 75 hinder
2165 1177 91 75 thefe

1221 1222 170 75 inflexions
1406 1222 93 75 when
1515 1222 79 75 they
1610 1222 49 75 adt
1675 1222 41 75 on
1733 1222 80 75 both
1828 1222 93 75 fides.

1272 1269 75 75 The
1374 1269 229 75 femi-fpinales
1627 1269 37 75 or
1681 1269 326 75 tranfverfo-fpinales
2025 1269 40 75 of
2076 1269 82 75 both
2174 1269 81 75 fides

1226 1314 102 75 adling
1344 1314 161 75 together,
1523 1314 122 75 extend
1660 1314 55 75 the
1731 1314 82 75 neck
1829 1314 85 75 upon
1927 1314 55 75 the
1997 1314 111 75 trunk,
2126 1314 36 75 to
2173 1314 82 75 keep

1223 1363 24 75 it
1264 1363 84 75 from
1365 1363 153 75 inclining
1534 1363 140 75 forward
1690 1363 33 75 in
1739 1363 144 75 Handing
1900 1363 37 75 or
1952 1363 119 75 fitting,
2097 1363 63 75 and
2171 1363 86 75 bend

1222 1409 26 75 it
1263 1409 184 75 backward.
1495 1409 78 75 The
1585 1409 225 75 femi-fpinales
1827 1409 40 75 of
1879 1409 60 75 one
1956 1409 62 75 fide
2030 1409 103 75 adting
2149 1409 105 75 alone,

1222 1456 141 75 produce
1379 1456 56 75 the
1451 1456 85 75 fame
1552 1456 139 75 motions
1716 1456 31 75 in
1773 1456 38 75 an
1840 1456 131 75 oblique
1992 1456 172 75 diredtion;
2192 1456 64 75 and

1220 1503 34 75 in
1271 1503 71 75 that
1358 1503 69 75 cafe
1444 1503 79 75 they
1539 1503 52 75 are
1609 1503 117 75 aflifted
1742 1503 45 75 by
1813 1503 56 75 the
1888 1503 134 75 inferior
2037 1503 37 75 or
2090 1503 165 75 vertebral

1220 1549 128 75 portion
1365 1549 40 75 of
1416 1549 55 75 the
1487 1549 233 75 neighbouring
1743 1549 151 75 fplenius,
1919 1549 102 75 under
2047 1549 106 75 which
2177 1549 80 75 they

1220 1596 97 75 crofs.

1267 1643 76 75 The
1359 1643 227 75 femi-fpinales
1605 1643 39 75 of
1663 1643 81 75 both
1759 1643 78 75 fides
1855 1643 73 75 may
1943 1643 139 75 likewife
2098 1643 88 75 ferVe
2202 1643 54 75 for

1221 1691 54 75 the
1291 1691 142 75 rotation
1444 1691 41 75 of
1495 1691 56 75 the
1567 1691 93 75 neck,
1685 1691 60 75 but
1757 1691 77 75 then
1850 1691 55 75 the
1922 1691 134 75 inferior
2070 1691 137 75 fplenius
2219 1691 41 75 of

1221 1737 55 75 the
1293 1737 139 75 oppofite
1448 1737 64 75 fide
1527 1737 81 75 muft
1624 1737 76 75 aflift
1715 1737 102 75 them.

1268 1783 77 75 The
1361 1783 235 75 inter-fpinales
1614 1783 53 75 are
1686 1783 146 75 afliftants
1849 1783 35 75 to
1900 1783 57 75 the
1979 1783 225 75 femi-fpinales
2221 1783 33 75 in

1220 1829 86 75 their
1320 1829 122 75 mutual
1459 1829 115 75 adtion,
1592 1829 64 75 and
1671 1829 74 75 may
1760 1829 139 75 likewife
1915 1829 88 75 ferve
2012 1829 39 75 to
2062 1829 94 75 bring
2171 1829 85 75 back

1221 1875 57 75 the
1294 1875 82 75 neck
1392 1875 35 75 to
1444 1875 41 75 its
1506 1875 124 75 natural
1647 1875 160 75 fituation,
1832 1875 84 75 after
1939 1875 90 75 fmall
2054 1875 138 75 motions
2217 1875 42 75 of

1224 1922 152 75 rotation.

1267 1969 76 75 The
1358 1969 155 75 vertebra
1538 1969 42 75 of
1598 1969 55 75 the
1679 1969 83 75 back
1790 1969 53 75 are
1867 1969 116 75 moved
2005 1969 45 75 by
2064 1969 95 75 being
2174 1969 78 75 bent

1222 2014 152 75 forward,
1393 2014 43 75 by
1452 2014 96 75 being
1563 2014 162 75 extended
1736 2014 38 75 or
1786 2014 225 75 ftraightened,
2030 2014 62 75 and
2103 2014 43 75 by
2158 2014 94 75 being

1222 2061 145 75 infledted
1386 2061 135 75 diredHy
1537 2061 38 75 or
1600 2061 167 75 obliquely
1790 2061 127 75 toward
1942 2061 80 75 each
2044 2061 81 75 fide.
2173 2061 79 75 The

1222 2109 122 75 motion
1359 2109 43 75 of
1415 2109 142 75 rotation
1568 2109 58 75 has
1643 2109 42 75 no
1701 2109 90 75 place
1807 2109 89 75 here,
1912 2109 133 75 becaufe
2062 2109 40 75 of
2112 2109 56 75 the
2180 2109 72 75 par-

1222 2155 114 75 ticular
1355 2155 150 75 ftructure
1517 2155 40 75 of
1568 2155 56 75 the
1637 2155 101 75 joints
1750 2155 41 75 of
1801 2155 88 75 thefe
1904 2155 168 75 vertebra,
2090 2155 62 75 and
2168 2155 86 75 their

1223 2203 180 75 connexion
1414 2203 82 75 with
1507 2203 56 75 the
1575 2203 78 75 ribs,
1666 2203 105 75 which
1789 2203 139 75 likewife
1939 2203 115 75 hinder
2065 2203 56 75 the
2132 2203 122 75 flexion

1223 2249 184 75 backward.
1455 2249 139 75 Flexion
1611 2249 63 75 and
1693 2249 164 75 extenfion
1873 2249 53 75 are
1942 2249 55 75 the
2016 2249 66 75 two
2098 2249 155 75 principal

1223 2296 153 75 motions,
1402 2296 63 75 and
1479 2296 96 75 much
1591 2296 88 75 more
1697 2296 150 75 apparent
1863 2296 78 75 than
1963 2296 56 75 the
2034 2296 124 75 others.

1270 2342 77 75 The
1363 2342 119 75 flexion
1499 2342 40 75 of
1550 2342 55 75 the
1621 2342 84 75 back
1720 2342 141 75 forward
1877 2342 26 75 is
1920 2342 58 75 not
2001 2342 185 75 performed
2208 2342 45 75 by

1223 2390 63 75 any
1309 2390 172 75 particular
1503 2390 146 75 mufcles,
1673 2390 59 75 but
1759 2390 153 75 depends,
1943 2390 80 75 both
2050 2390 32 75 in
2110 2390 144 75 (landing

1225 2437 62 75 and
1306 2437 119 75 fitting,
1451 2437 41 75 on
1509 2437 56 75 the
1580 2437 180 75 relaxation
1776 2437 40 75 of
1826 2437 56 75 the
1898 2437 133 75 mufcles
2048 2437 71 75 that
2131 2437 122 75 extend

1224 2483 36 75 or
1277 2483 172 75 ftraighten
1465 2483 38 75 it,
1522 2483 63 75 and
1599 2483 81 75 keep
1697 2483 26 75 it
1735 2483 32 75 in
1784 2483 71 75 that
1867 2483 83 75 eredt
1966 2483 138 75 pofture.

1270 2528 77 75 The
1363 2528 66 75 two
1445 2528 265 75 facro-lumbares
1734 2528 151 75 maintain
1909 2528 56 75 the
1988 2528 83 75 back
2099 2528 64 75 and
2194 2528 58 75 the

1225 2573 256 75 regio-lumbaris
1497 2573 33 75 in
1545 2573 85 75 their
1656 2573 126 75 natural
1798 2573 148 75 fituation
1972 2573 94 75 when
2087 2573 49 75 we
2162 2573 90 75 ftand

1225 2623 37 75 or
1277 2623 61 75 fit;
1365 2623 60 75 and
1438 2623 43 75 by
1496 2623 57 75 the
1565 2623 177 75 relaxation
1759 2623 40 75 of
1810 2623 84 75 their
1913 2623 94 75 fibres
2023 2623 89 75 more
2123 2623 38 75 or
2176 2623 73 75 lefs>

1223 2670 56 75 the
1301 2670 98 75 trunk
1414 2670 27 75 is
1457 2670 264 75 proportionably
1741 2670 79 75 bent
1843 2670 141 75 forward
2000 2670 43 75 by
2058 2670 55 75 the
2130 2670 122 75 weight

1224 2717 39 75 of
1282 2717 55 75 the
1353 2717 83 75 head
1452 2717 63 75 and
1530 2717 112 75 bread.
1691 2717 100 75 They
1806 2717 138 75 likewife
1960 2717 121 75 extend
2095 2717 56 75 the
2168 2717 83 75 back

1224 2763 62 75 and
1301 2763 82 75 loins
1400 2763 32 75 in
1452 2763 44 75 all
1512 2763 154 75 poftures,
1690 2763 82 75 keep
1787 2763 89 75 them
1892 2763 108 75 fteady
2016 2763 62 75 and
2093 2763 89 75 fixed
2191 2763 59 75 un-

1223 2810 58 75 der
1296 2810 56 75 the
1367 2810 121 75 weight
1504 2810 41 75 of
1554 2810 153 75 burdens,
1731 2810 64 75 and
1810 2810 85 75 bend
1905 2810 55 75 the
1971 2810 82 75 loins
2064 2810 186 75 backward.

1268 2856 76 75 The
1360 2856 191 75 longiflimus
1567 2856 83 75 dorfi
1665 2856 26 75 is
1708 2856 38 75 an
1764 2856 130 75 afliftant
1905 2856 35 75 to
1952 2856 55 75 the
2022 2856 227 75 facro-lumba-

1223 2904 55 75 ris,
1303 2904 169 75 efpecially
1488 2904 34 75 to
1538 2904 56 75 the
1620 2904 159 75 vertebral
1805 2904 128 75 portion
1961 2904 40 75 of
2023 2904 70 75 that
2120 2904 129 75 mufcle,

1223 2948 105 75 which
1345 2948 25 75 it
1386 2948 91 75 helps
1493 2948 79 75 very
1587 2948 206 75 powerfully,
1818 2948 80 75 both
1912 2948 44 75 by
1972 2948 55 75 the
2042 2948 208 75 multiplicity

1223 2997 62 75 and
1301 2997 150 75 infertion
1475 2997 42 75 of
1530 2997 41 75 its
1592 2997 108 75 fibres,
1725 2997 34 75 in
1782 2997 167 75 fuftaining
1972 2997 57 75 the
2044 2997 153 75 vertebra
2214 2997 41 75 of

2194 3032 54 75 the
