2428 3377
146 136 104 75 Part
278 136 32 75 I.

714 136 474 75 ANA'

145 202 138 75 thickeft
298 202 86 75 upon
400 202 56 75 the
471 202 86 75 bafe,
576 202 62 75 and
654 202 178 75 gradually,
858 202 33 75 as
912 202 56 75 the
992 202 88 75 roots
1103 202 75 75 turn

140 248 140 75 fmaller,
310 248 148 75 becomes
475 248 139 75 thinner.
710 248 77 75 The
803 248 94 75 hbres
915 248 40 75 of
973 248 63 75 this
1053 248 123 75 enamel

136 295 57 75 are
221 295 42 75 all
293 295 241 75 perpendicular
555 295 34 75 to
611 295 56 75 the
683 295 137 75 internal
837 295 171 75 fubllance,
1043 295 62 75 and
1122 295 54 75 are

137 341 133 75 ftreight
285 341 42 75 on
345 341 55 75 the
421 341 82 75 bafe,
538 341 57 75 but
621 341 32 75 at
679 341 56 75 the
753 341 79 75 fides
849 341 53 75 are
926 341 119 75 arched
1061 341 76 75 with
1156 341 19 75 a

137 387 125 75 convex
286 387 72 75 part
381 387 141 75 towards
550 387 55 75 the
628 387 110 75 roots;
766 387 105 75 which
888 387 108 75 makes
1013 387 56 75 the
1085 387 89 75 teeth

136 433 83 75 refill:
235 433 55 75 the
306 433 203 75 compreffion
526 433 41 75 of
578 433 61 75 any
650 433 82 75 hard
748 433 87 75 body
847 433 142 75 between
1007 433 56 75 the
1076 433 95 75 jaws,

136 478 79 75 with
231 478 58 75 lefs
306 478 122 75 danger
444 478 39 75 of
493 478 153 75 breaking
658 478 88 75 thefe
762 478 108 75 fibres,
883 478 76 75 than
977 478 31 75 if
1019 478 76 75 they
1106 478 66 75 had

136 525 79 75 been
232 525 135 75 fituated
382 525 220 75 tranfverfely.
650 525 77 75 The
743 525 120 75 fpongy
879 525 123 75 fockets
1019 525 32 75 in
1064 525 105 75 which

135 572 56 75 the
208 572 88 75 teeth
313 572 53 75 are
382 572 113 75 placed
510 572 140 75 fikewife
666 572 88 75 ferve
770 572 106 75 better
896 572 182 75 tq.prevent
1093 572 78 75 fuch

135 618 39 75 an
191 618 120 75 injury,
337 618 77 75 than
431 618 19 75 a
466 618 87 75 more
569 618 81 75 folid
667 618 72 75 bafe
755 618 109 75 would
879 618 81 75 have
977 618 96 75 done.

180 664 77 75 The
284 664 88 75 bony
395 664 75 75 part
492 664 41 75 of
554 664 55 75 the
633 664 88 75 teeth
753 664 58 75 has
843 664 42 75 its
909 664 94 75 fibres
1032 664 136 75 running

134 709 145 75 ftreight,
298 709 171 75 according
485 709 34 75 to
535 709 56 75 the
614 709 110 75 length
741 709 41 75 of
792 709 56 75 the
864 709 101 75 teeth.
1014 709 112 75 When
1142 709 26 75 it

133 757 26 75 is
176 757 141 75 expofed
333 757 34 75 to
385 757 54 75 the
462 757 60 75 air,
551 757 42 75 by
610 757 55 75 the
692 757 154 75 breaking
862 757 38 75 or
923 757 114 75 falling
1063 757 52 75 off
1133 757 40 75 of

134 803 55 75 the
206 803 82 75 hard
304 803 126 75 cortex,
459 803 25 75 it
500 803 77 75 foon
594 803 160 75 corrupts.
803 803 78 75 And
904 803 113 75 thence
1040 803 124 75 carious

134 848 89 75 teeth
241 848 53 75 are
309 848 88 75 often
416 848 41 75 all
474 848 121 75 hollow
612 848 124 75 within,
753 848 92 75 when
863 848 19 75 a
897 848 178 75 veryfmall
1092 848 74 75 hole

132 895 131 75 appears
281 895 77 75 only
373 895 193 75 externally.

179 941 76 75 The
272 941 90 75 teeth
379 941 81 75 have
479 941 105 75 canals
601 941 125 75 formed
742 941 32 75 in
791 941 85 75 their
892 941 131 75 middle,
1040 941 124 75 where-

132 987 31 75 in
180 987 85 75 their
281 987 112 75 nerves
410 987 63 75 and
488 987 224 75 blood-veliels
729 987 53 75 are
798 987 139 75 lodged;
964 987 106 75 which
1087 987 77 75 they

132 1033 154 75 certainly
302 1033 93 75 need,
425 1033 95 75 being
544 1033 176 75 conftantly
738 1033 114 75 wafted
876 1033 43 75 by
936 1033 55 75 the
1018 1033 145 75 attrition

132 1080 77 75 they
220 1080 53 75 are
289 1080 162 75 fubjefted
467 1080 34 75 to
518 1080 33 75 in
568 1080 235 75 manducatipn,
833 1080 62 75 and
912 1080 51 75 for
987 1080 84 75 their
1094 1080 68 75 fur-

133 1126 71 75 ther
221 1126 139 75 growth,
378 1126 56 75 not
451 1126 77 75 only
544 1126 83 75 after
643 1126 78 75 they
736 1126 64 75 firft
820 1126 128 75 appear,
967 1126 57 75 but
1035 1126 78 75 even
1130 1126 32 75 in

126 1146 5 104 ■
131 1172 126 75 adults;
284 1172 34 75 as
343 1172 26 75 is
395 1172 128 75 evident
539 1172 92 75 when
649 1172 18 75 a
688 1172 93 75 tooth
809 1172 26 75 is
865 1172 94 75 taken
988 1172 80 75 out:
1097 1172 65 75 For

132 1218 73 75 then
226 1218 55 75 the
298 1218 138 75 oppofite
459 1218 60 75 one
536 1218 146 75 becomes
699 1218 123 75 longer,
840 1218 63 75 and
918 1218 90 75 thofe
1025 1218 42 75 on
1083 1218 78 75 each

131 1265 61 75 fide
215 1265 40 75 of
281 1265 56 75 the
365 1265 109 75 empty
489 1265 109 75 focket
622 1265 75 75 turn
723 1265 159 75 broader;
906 1265 34 75 fo
973 1265 70 75 that
1067 1265 94 75 when

131 1310 54 75 the
209 1310 82 75 jaws
315 1310 53 75 are
384 1310 140 75 brought
549 1310 159 75 together,
738 1310 26 75 it
791 1310 26 75 is
845 1310 105 75 fcarce
976 1310 184 75 obfervable

126 1356 111 75 -where
253 1356 55 75 the
325 1356 93 75 tooth
434 1356 27 75 is
478 1356 152 75 wanting.

177 1402 76 75 The
269 1402 110 75 veffels
396 1402 54 75 are
466 1402 96 75 eafily
577 1402 110 75 traced
703 1402 33 75 fo
753 1402 75 75 long
845 1402 33 75 as
895 1402 79 75 they
991 1402 52 75 are
1059 1402 32 75 in
1104 1402 56 75 the

130 1449 88 75 large
235 1449 102 75 canal,
355 1449 59 75 hut
430 1449 58 75 can
510 1449 106 75 fcarce
641 1449 38 75 be
696 1449 153 75 obferved
864 1449 33 75 in
913 1449 85 75 their
1013 1449 146 75 diftribu-

130 1495 67 75 tion
220 1495 86 75 from
328 1495 70 75 that
426 1495 34 75 to
488 1495 55 75 the
559 1495 160 75 fubftance
735 1495 40 75 of
797 1495 55 75 the
868 1495 87 75 teeth
972 1495 41 75 of
1040 1495 119 75 adults.

225 1540 85 75 This
342 1540 150 75 plentiful
525 1540 111 75 fupply
652 1540 40 75 of
718 1540 109 75 veffels
855 1540 79 75 muft
961 1540 116 75 expofe
1105 1540 54 75 the

129 1587 87 75 teeth
241 1587 34 75 to
299 1587 55 75 the
377 1587 84 75 fame
487 1587 157 75 diforders
672 1587 72 75 that
768 1587 108 75 attack
897 1587 94 75 other
1018 1587 141 75 vafcular

129 1632 100 75 parts.

174 1682 111 75 Every
301 1682 73 75 root
390 1682 41 75 of
453 1682 78 75 each
559 1682 93 75 tooth
675 1682 56 75 has
759 1682 76 75 fuch
863 1682 19 75 a
907 1682 124 75 diftimft
1053 1682 102 75 canal,

128 1724 80 75 with
223 1724 110 75 vefiels
359 1724 63 75 and
438 1724 109 75 nerves
565 1724 31 75 in
616 1724 39 75 it.
703 1724 108 75 Thefe
827 1724 105 75 canals
948 1724 33 75 in
997 1724 56 75 the
1068 1724 88 75 teeth

129 1770 77 75 with
226 1770 89 75 more
340 1770 76 75 than
440 1770 61 75 one
528 1770 85 75 root,
642 1770 89 75 come
760 1770 109 75 nearer
885 1770 78 75 each
988 1770 105 75 other,
1123 1770 33 75 as

128 1816 77 75 they
222 1816 157 75 approach
406 1816 55 75 the
484 1816 72 75 bafe
584 1816 40 75 of
646 1816 54 75 the
725 1816 92 75 tooth
832 1816 9 75 :
877 1816 62 75 and
963 1816 33 75 at
1023 1816 57 75 laft
1103 1816 53 75 are

128 1863 75 75 only
219 1863 163 75 feparated
399 1863 44 75 by
458 1863 78 75 very
552 1863 68 75 thin
645 1863 113 75 plates,
777 1863 104 75 which
901 1863 93 75 being
1010 1863 147 75 general-

125 1909 34 75 ly
175 1909 202 75 incomplete,
407 1909 95 75 allow
519 1909 18 75 a
553 1909 264 75 communication
834 1909 40 75 of
893 1909 42 75 all
952 1909 55 75 the
1024 1909 127 75 canals;

125 1955 63 75 and
213 1955 186 75 frequently
414 1955 60 75 one
502 1955 146 75 common
674 1955 106 75 cavity
796 1955 77 75 only
889 1955 129 75 appears
1042 1955 111 75 within

126 2001 55 75 the
197 2001 84 75 bafe,
299 2001 33 75 in
348 2001 105 75 which
471 2001 19 75 a
508 2001 99 75 pulpy
618 2001 171 75 fubftance,
807 2001 169 75 compofed
991 2001 40 75 of
1042 2001 111 75 nerves

127 2047 62 75 and
204 2047 121 75 veffels,
342 2047 27 75 is
386 2047 129 75 lodged.

170 2093 76 75 The
262 2093 94 75 entry
371 2093 41 75 of
433 2093 55 75 the
516 2093 105 75 canals
654 2093 51 75 for
731 2093 88 75 thefe
842 2093 110 75 veffels
975 2093 28 75 is
1026 2093 19 75 a
1063 2093 89 75 fmall

124 2138 74 75 hole
214 2138 113 75 placed
343 2138 18 75 a
383 2138 83 75 little
494 2138 34 75 to
558 2138 17 75 a
601 2138 63 75 fide
692 2138 40 75 of
755 2138 55 75 the
833 2138 142 75 extreme
1004 2138 90 75 point
1117 2138 41 75 of

124 2184 79 75 each
219 2184 314 75 rootfometimes,
550 2184 167 75 efpecialty
732 2184 33 75 in
781 2184 55 75 old
852 2184 124 75 people,
996 2184 65 75 this
1077 2184 75 75 hole

124 2229 24 75 is
178 2229 134 75 entirely
328 2229 105 75 clofed
457 2229 54 75 up,
540 2229 62 75 and
630 2229 228 75 confequently
873 2229 55 75 the
950 2229 110 75 nerves
1087 2229 64 75 and

123 2276 224 75 blood-veffels
363 2276 53 75 are
436 2276 180 75 deftroyed.

170 2321 75 75 The
263 2321 87 75 teeth
367 2321 53 75 are
436 2321 72 75 feen
524 2321 52 75 for
592 2321 18 75 a
626 2321 212 75 confiderable
855 2321 77 75 time
955 2321 32 75 in
1007 2321 84 75 form
1115 2321 41 75 of

123 2368 108 75 mucus
250 2368 167 75 contained
433 2368 31 75 in
483 2368 18 75 a
516 2368 203 75 membrane;
747 2368 187 75 afterwards
952 2368 19 75 a
992 2368 68 75 thin
1078 2368 70 75 cor-

119 2413 76 75 tical
213 2413 96 75 plate,
336 2413 62 75 and
420 2413 84 75 fome
527 2413 65 75 few
618 2413 121 75 offeous
766 2413 105 75 layers
896 2413 114 75 appear
1037 2413 111 75 within

121 2460 54 75 the
193 2460 192 75 membrane,
406 2460 78 75 with
509 2460 18 75 a
549 2460 87 75 large
659 2460 107 75 cavity
781 2460 88 75 filled
891 2460 78 75 with
986 2460 110 75 mucus
1115 2460 32 75 in

115 2480 6 104 ■
121 2506 54 75 the
192 2506 140 75 middle;
360 2506 61 75 and
437 2506 166 75 gradually
610 2506 63 75 this
690 2506 144 75 exterior
848 2506 76 75 ftiell
940 2506 89 75 turns
1042 2506 105 75 thicks

115 2552 50 75 er,
191 2552 56 75 the
263 2552 108 75 cavity
386 2552 171 75 decreafes,
575 2552 55 75 the
647 2552 150 75 quantity
812 2552 41 75 of
867 2552 109 75 mucus
993 2552 26 75 is
1035 2552 110 75 leffen-

119 2598 52 75 ed,
196 2598 64 75 and
290 2598 65 75 this
379 2598 181 75 induration
588 2598 151 75 proceeds
764 2598 49 75 till
845 2598 41 75 all
915 2598 55 75 the
1003 2598 89 75 body
1117 2598 28 75 is

114 2644 131 75 formed
258 2644 11 75 ;
294 2644 85 75 from
396 2644 104 75 which
517 2644 54 75 the
592 2644 87 75 roots
696 2644 53 75 are
765 2644 186 75 afterwards
967 2644 175 75 produced.

165 2690 38 75 In
220 2690 107 75 young
349 2690 146 75 fu^jefts,
521 2690 149 75 different
691 2690 141 75 ftamina,
855 2690 38 75 or
912 2690 175 75 rudiments
1111 2690 40 75 of

116 2735 103 75 tqeth,
240 2735 53 75 are
310 2735 34 75 to
361 2735 39 75 be
416 2735 166 75 obferved.
629 2735 111 75 Thole
757 2735 79 75 next
851 2735 55 75 the
923 2735 89 75 gums
1029 2735 115 75 hinder

118 2781 174 75 ordinarily
308 2781 55 75 the
380 2781 237 75 deeper-feated
634 2781 76 75 ones
725 2781 85 75 from
830 2781 127 75 making
972 2781 84 75 their
1073 2781 72 75 way

116 2828 70 75 out,
210 2828 96 75 while
335 2828 86 75 thefe
449 2828 130 75 prevent
606 2828 54 75 the
688 2828 119 75 former
826 2828 85 75 from
934 2828 129 75 fending
1085 2828 57 75 out

116 2873 102 75 roots,
243 2873 37 75 or
305 2873 85 75 from
415 2873 143 75 entering
581 2873 81 75 deep
686 2873 68 75 into
780 2873 54 75 the
862 2873 86 75 bony
963 2873 123 75 fockets
1107 2873 41 75 of

111 2920 59 75 the
184 2920 100 75 jaws;
310 2920 46 75 by
370 2920 103 75 which
495 2920 78 75 they
589 2920 89 75 come
697 2920 35 75 to
747 2920 39 75 be
805 2920 60 75 lefs
881 2920 100 75 fixed.

163 2965 155 75 Children
346 2965 54 75 are
427 2965 118 75 feldom
572 2965 78 75 born
676 2965 77 75 with
778 2965 88 75 teeth
880 2965 11 75 ;
933 2965 56 75 but
1017 2965 32 75 at
1073 2965 66 75 two

209 3012 96 75 Vol.
324 3012 29 75 I.
378 3012 71 75 No.
472 3012 31 75 7.
550 3012 16 75 ~

978 3012 17 75 3

1192 133 30 75 r
1334 133 42 75 O
1495 133 48 75 M
1658 133 52 75 Y.

2177 133 75 75 16$

1227 197 91 75 years
1338 197 41 75 of
1401 197 58 75 age
1484 197 77 75 they
1576 197 82 75 have
1675 197 122 75 twenty
1810 197 10 75 ;
1847 197 62 75 and
1931 197 84 75 their
2030 197 134 75 number
2179 197 77 75 does

1225 243 57 75 not
1298 243 138 75 increafe
1453 243 49 75 till
1519 243 78 75 they
1612 243 54 75 are
1682 243 97 75 about
1795 243 90 75 feven
1898 243 91 75 years
2006 243 68 75 old,
2092 243 92 75 when
2200 243 56 75 the

1225 290 86 75 teeth
1338 290 70 75 that
1431 290 65 75 firft
1519 290 93 75 made
1641 290 83 75 their
1749 290 71 75 way
1835 290 140 75 through
2003 290 54 75 the
2080 290 91 75 gums
2200 290 55 75 are

1224 335 102 75 thruft
1343 335 57 75 out
1415 335 43 75 by
1470 335 110 75 others
1597 335 70 75 that
1682 335 80 75 have
1779 335 79 75 been
1875 335 125 75 formed
2017 335 116 75 deeper
2147 335 34 75 in
2197 335 58 75 the

1218 381 79 75 jaw,
1315 381 63 75 and
1393 381 87 75 fome
1497 381 88 75 more
1602 381 39 75 of
1652 381 55 75 the
1723 381 88 75 teeth
1828 381 95 75 begin
1939 381 35 75 to
1990 381 143 75 difeover
2148 381 106 75 them-

1219 428 99 75 felves
1340 428 124 75 farther
1481 428 81 75 back
1577 428 32 75 in
1627 428 56 75 the
1699 428 125 75 mouth.
1872 428 114 75 About
2001 428 146 75 fourteen
2159 428 94 75 years

1221 474 40 75 of
1278 474 70 75 age,
1375 474 85 75 fome
1483 474 89 75 more
1588 474 41 75 of
1655 474 55 75 the
1726 474 64 75 firft
1806 474 77 75 crop
1907 474 54 75 are
1984 474 88 75 (bed,
2105 474 64 75 and
2196 474 56 75 the

1220 522 133 75 number
1367 522 28 75 is
1411 522 173 75 inereafed.
1679 522 85 75 This
1781 522 151 75 Ihedding
1947 522 41 75 of
2000 522 54 75 the
2069 522 90 75 teeth
2175 522 26 75 is
2215 522 42 75 of

1219 568 87 75 good
1321 568 53 75 ufe
1386 568 10 75 ;
1422 568 52 75 for
1489 568 31 75 if
1538 568 54 75 the
1609 568 69 75 firft
1688 568 65 75 had
1769 568 173 75 remained,
1958 568 76 75 they
2045 568 108 75 would
2168 568 84 75 have

1217 614 90 75 ftood
1326 614 37 75 at
1386 614 19 75 a
1420 614 91 75 great
1527 614 137 75 diftance
1680 614 60 75 one
1758 614 85 75 from
1860 614 134 75 another
2007 614 10 75 ;
2045 614 130 75 becaufe
2192 614 57 75 the

1217 659 88 75 teeth
1322 659 53 75 are
1391 659 56 75 too
1465 659 81 75 hard
1561 659 33 75 in
1611 659 83 75 their
1710 659 92 75 outer
1818 659 94 75 cruft,
1937 659 34 75 to
1987 659 137 75 increafe
2140 659 33 75 fo
2189 659 61 75 fait

1217 706 32 75 as
1267 706 55 75 the
1335 706 81 75 jaws
1433 706 55 75 do.
1537 706 160 75 Whereas
1713 706 80 75 both
1805 706 56 75 the
1877 706 116 75 fecond
2004 706 101 75 layer,
2119 706 61 75 and
2191 706 59 75 the

1217 752 86 75 teeth
1321 752 69 75 that
1407 752 90 75 come
1514 752 56 75 out
1586 752 77 75 late,
1693 752 150 75 meeting,
1871 752 97 75 while
1995 752 77 75 they
2089 752 54 75 are
2169 752 78 75 foft,

1214 799 79 75 with
1316 799 18 75 a
1359 799 212 75 confiderable
1589 799 159 75 refiftance
1772 799 34 75 to
1828 799 84 75 their
1928 799 127 75 growth
2072 799 32 75 in
2120 799 125 75 length,

1212 845 85 75 from
1306 845 90 75 thofe
1408 845 134 75 fituated
1552 845 84 75 upon
1645 845 101 75 them,
1764 845 182 75 neceffarily
1955 845 90 75 come
2057 845 57 75 out
2131 845 114 75 broad,

1212 891 64 75 and
1290 891 37 75 fit
1342 891 36 75 tp
1394 891 92 75 make
1516 891 70 75 that
1610 891 83 75 clofe
1720 891 101 75 guard
1844 891 34 75 to
1903 891 55 75 the
1979 891 125 75 mouth,
2138 891 107 75 which

1212 938 78 75 they
1312 938 74 75 now
1401 938 98 75 form.

1258 984 75 75 The
1351 984 89 75 teeth
1456 984 52 75 are
1521 984 110 75 joined
1647 984 36 75 to
1699 984 56 75 the
1771 984 124 75 fockets
1911 984 45 75 by
1971 984 193 75 gomphofis,
2181 984 63 75 and

1212 1031 55 75 the
1283 1031 91 75 gums
1391 1031 180 75 contribute
1589 1031 36 75 to
1647 1031 46 75 fix
1717 1031 88 75 them
1821 1031 91 75 there
1926 1031 11 75 ;
1962 1031 33 75 as
2013 1031 26 75 is
2055 1031 128 75 evident
2199 1031 45 75 by

1212 1077 55 75 the
1290 1077 89 75 teeth
1403 1077 114 75 falling
1544 1077 57 75 but
1623 1077 92 75 when
1744 1077 55 75 the
1826 1077 91 75 gums
1939 1077 54 75 are
2019 1077 64 75 any
2095 1077 75 75 way
2185 1077 56 75 de-

1209 1123 138 75 ftroyed,
1373 1123 37 75 or
1439 1123 91 75 made
1556 1123 55 75 too
1638 1123 138 75 fpongy;
1804 1123 33 75 as
1855 1123 32 75 in
1904 1123 55 75 the
1975 1123 114 75 feurvy
2103 1123 39 75 or
2169 1123 71 75 falt-

1209 1169 124 75 vations
1350 1169 8 75 :
1401 1169 149 75 Whence
1565 1169 87 75 fome
1670 1169 77 75 clals
1772 1169 63 75 this
1853 1169 201 75 articulation
2078 1169 78 75 with
2185 1169 55 75 the

1209 1215 185 75 fyffarcofis.

1255 1263 76 75 The
1356 1263 68 75 ufes
1456 1263 41 75 of
1526 1263 55 75 the
1617 1263 87 75 teeth
1738 1263 54 75 are
1823 1263 35 75 to
1890 1263 159 75 mafticate
2083 1263 58 75 our
2182 1263 57 75 ali-

1210 1307 99 75 ment,
1335 1307 62 75 and
1420 1307 35 75 to
1478 1307 75 75 aflift
1578 1307 35 75 us
1646 1307 32 75 in
1707 1307 54 75 the
1785 1307 241 75 pronunciation
2053 1307 40 75 of
2119 1307 119 75 feveral

1207 1354 125 75 letters.

1255 1401 144 75 Though
1414 1401 56 75 the
1486 1401 88 75 teeth
1593 1401 33 75 fo
1642 1401 50 75 far
1709 1401 93 75 agree
1826 1401 31 75 in
1883 1401 84 75 their
1992 1401 160 75 ftruffure,
2169 1401 66 75 yet,

1202 1447 137 75 .becaufe
1364 1447 40 75 of
1430 1447 86 75 fome
1541 1447 106 75 things
1675 1447 139 75 wherein
1838 1447 78 75 they
1942 1447 107 75 differ,
2083 1447 78 75 they
2183 1447 53 75 are

1207 1493 163 75 generally
1386 1493 130 75 divided
1525 1493 69 75 into
1612 1493 90 75 three
1714 1493 120 75 claffes,
1851 1493 69 75 viz.
1939 1493 160 75 incifores,
2110 1493 124 75 canim,

1208 1538 61 75 and
1286 1538 149 75 niolares.

1254 1586 75 75 The
1347 1586 161 75 incifores,
1526 1586 53 75 are
1595 1586 55 75 the
1667 1586 73 75 four
1755 1586 176 75 fore-teeth
1947 1586 32 75 in
1995 1586 81 75 each
2086 1586 80 75 jaw,
2184 1586 51 75 re.-

1207 1631 123 75 ceiving
1346 1631 85 75 their
1448 1631 89 75 name
1559 1631 83 75 from
1659 1631 85 75 their
1765 1631 92 75 office
1884 1631 40 75 of
1942 1631 130 75 cutting,
2094 1631 59 75 our
2176 1631 57 75 ali-

1206 1679 87 75 ment
1308 1679 9 75 ;
1344 1679 52 75 for
1411 1679 106 75 which
1530 1679 77 75 they
1619 1679 52 75 are
1683 1679 193 75 excellently
1884 1679 148 75 adapted,
2050 1679 94 75 being
2155 1679 79 75 each

1204 1724 128 75 formed
1345 1724 70 75 into
1440 1724 19 75 a
1480 1724 229 75 lharp-cutting
1725 1724 79 75 edge
1827 1724 34 75 at
1877 1724 84 75 their
1976 1724 84 75 bafe,
2090 1724 42 75 by
2149 1724 86 75 their

1205 1771 149 75 fore-fide
1377 1771 127 75 turning
1532 1771 136 75 inwards
1696 1771 102 75 there,
1827 1771 98 75 while*
1942 1771 79 75 they
2036 1771 53 75 are
2104 1771 130 75 flopped

1204 1816 95 75 down
1316 1816 62 75 and
1394 1816 162 75 hollowed
1576 1816 117 75 behind
1705 1816 9 75 ;
1741 1816 34 75 fo
1799 1816 71 75 that
1887 1816 76 75 they
1978 1816 81 75 have
2075 1816 55 75 the
2146 1816 85 75 form

1204 1862 39 75 of
1253 1862 146 75 v/edges;
1426 1862 61 75 and
1511 1862 162 75 therefore
1687 1862 86 75 their
1793 1862 108 75 power
1916 1862 42 75 of
1977 1862 102 75 adting
2096 1862 79 75 muft
2191 1862 41 75 be

1203 1910 214 75 confiderably
1433 1910 171 75 increafed.

1248 1956 76 75 The
1348 1956 150 75 incifores
1519 1956 39 75 of
1579 1956 56 75 the
1660 1956 100 75 upper
1784 1956 77 75 jaw,
1890 1956 167 75 efpecially
2083 1956 57 75 the
2163 1956 67 75 two

1200 2001 121 75 middle
1337 2001 88 75 ones,
1444 2001 53 75 are
1513 2001 136 75 broader
1666 2001 61 75 and
1743 2001 111 75 longer
1870 2001 163 75 generally
2045 2001 77 75 than
2138 2001 91 75 thofe

1201 2046 40 75 of
1260 2046 54 75 the
1332 2046 100 75 under
1444 2046 78 75 jaw.

1247 2093 127 75 Canini,
1398 2093 86 75 from
1508 2093 56 75 the
1581 2093 209 75 refemblance
1801 2093 40 75 -to
1865 2093 80 75 dogs
1962 2093 99 75 tulks,
2090 2093 52 75 are
2165 2093 63 75 one

1201 2138 40 75 on
1265 2138 77 75 each
1358 2138 64 75 fide
1445 2138 39 75 of
1503 2138 56 75 the
1585 2138 150 75 incifores
1758 2138 31 75 in
1806 2138 77 75 each
1896 2138 78 75 jaw.
2070 2138 74 75 The
2161 2138 67 75 two

1200 2184 31 75 in
1249 2184 54 75 the
1320 2184 99 75 upper
1434 2184 68 75 jaw
1518 2184 52 75 are
1587 2184 102 75 called
1710 2184 162 75 eje-leeih,
1897 2184 85 75 from
2006 2184 55 75 the
2085 2184 142 75 commu-

1199 2232 138 75 nication
1354 2232 40 75 of
1413 2232 110 75 nerves
1541 2232 105 75 which
1662 2232 26 75 is
1710 2232 66 75 faid
1792 2232 35 75 to
1851 2232 39 75 be
1907 2232 136 75 betwixt
2059 2232 87 75 them
2163 2232 64 75 and

1198 2276 54 75 the
1280 2276 88 75 eyes.
1465 2276 76 75 The
1557 2276 65 75 two
1638 2276 30 75 in
1686 2276 54 75 the
1757 2276 100 75 lower
1876 2276 66 75 jaw
1965 2276 53 75 are
2034 2276 114 75 named
2164 2276 62 75 an-

1190 2322 116 75 gular,
1328 2322 37 75 or
1381 2322 137 75 •wike-tt'
1518 2322 60 75 eth,
1604 2322 130 75 becaufe
1757 2322 77 75 they
1850 2322 129 75 fupport
1995 2322 55 75 the
2066 2322 107 75 angles
2190 2322 42 75 of

1197 2369 54 75 the
1268 2369 124 75 mouth.

1243 2416 76 75 The
1335 2416 101 75 canini
1453 2416 53 75 are
1522 2416 148 75 broader,
1683 2416 124 75 longer,
1825 2416 63 75 and
1904 2416 151 75 ftronger,
2073 2416 77 75 than
2167 2416 56 75 the

1195 2462 160 75 incifores.
1452 2462 106 75 Their
1581 2462 86 75 bales
1692 2462 53 75 are
1762 2462 125 75 formed
1903 2462 68 75 into
1987 2462 19 75 a
2021 2462 89 75 lharp
2127 2462 93 75 edge,

1196 2506 32 75 as
1246 2506 54 75 the
1316 2506 148 75 incifores
1480 2506 54 75 are
1548 2506 10 75 ;
1584 2506 76 75 only
1672 2506 70 75 that
1759 2506 54 75 the
1826 2506 79 75 edge
1922 2506 74 75 rifes
2014 2506 68 75 into
2098 2506 18 75 a
2131 2506 91 75 point

1194 2552 30 75 in
1242 2552 55 75 the
1315 2552 131 75 middle.
1539 2552 91 75 Each
1648 2552 40 75 of
1710 2552 87 75 them
1822 2552 56 75 has
1906 2552 162 75 generally
2083 2552 57 75 but
2160 2552 61 75 one

1192 2600 77 75 long
1284 2600 85 75 root,
1382 2600 122 75 though
1521 2600 177 75 fometimes
1715 2600 78 75 they
1808 2600 81 75 have
1912 2600 78 75 two.
2037 2600 76 75 The
2131 2600 87 75 roots

1194 2645 51 75 are
1269 2645 140 75 crooked
1425 2645 138 75 towards
1581 2645 55 75 the
1653 2645 235 75 end.——The
1905 2645 100 75 canini
2022 2645 39 75 of
2080 2645 56 75 the
2158 2645 59 75 up-

1193 2690 55 75 per
1260 2690 64 75 jaw
1342 2690 52 75 are
1410 2690 117 75 larger,
1539 2690 123 75 longer,
1681 2690 62 75 and
1759 2690 77 75 with
1853 2690 88 75 more
1958 2690 142 75 crooked
2114 2690 102 75 roots,

1191 2737 74 75 than
1284 2737 88 75 thofe
1389 2737 40 75 of
1439 2737 55 75 the
1510 2737 101 75 under
1623 2737 77 75 jaw.

1237 2784 75 75 The
1332 2784 109 75 dentes
1454 2784 148 75 molares,
1619 2784 38 75 or
1672 2784 156 75 grinders,
1843 2784 103 75 which
1961 2784 81 75 have
2059 2784 56 75 got
2131 2784 85 75 their

1191 2832 89 75 name
1297 2832 130 75 becaufe
1444 2832 77 75 they
1536 2832 93 75 grind
1651 2832 59 75 our
1726 2832 90 75 food,
1842 2832 52 75 ate
1917 2832 160 75 generally
2095 2832 60 75 five
2182 2832 33 75 in

1190 2876 75 75 each
1283 2876 61 75 fide
1361 2876 39 75 of
1421 2876 77 75 each
1522 2876 82 75 jaw;
1631 2876 31 75 in
1680 2876 42 75 all
1738 2876 134 75 twenty.
1919 2876 106 75 Their
2047 2876 87 75 bafes
2161 2876 53 75 are

1190 2923 145 75 broader,
1360 2923 88 75 more
1464 2923 160 75 fcabrous,
1641 2923 63 75 and
1721 2923 78 75 with
1817 2923 18 75 a
1851 2923 127 75 thinner
1994 2923 130 75 cortical
2141 2923 72 75 fub-

1188 2970 112 75 ftance,
1334 2970 77 75 than
1435 2970 56 75 the
1518 2970 93 75 other
1640 2970 101 75 teeth.
1790 2970 99 75 They
1915 2970 81 75 have
2028 2970 65 75 alfo
2123 2970 91 75 more

1621 3017 36 75 T
1673 3017 14 75 1

2110 3017 101 75 roots.
