2406 3327
491 107 43 75 A
611 107 42 75 G
731 107 37 75 R
844 107 18 75 I
939 107 37 75 C
1057 105 44 75 U

339 237 64 75 Of
421 237 67 75 the
513 237 158 75 Culture
699 237 47 75 of
765 237 93 75 Rye.

135 315 81 75 Rye
235 315 27 75 is
279 315 19 75 a
314 315 233 75 winter-grain,
573 315 62 75 and
651 315 121 75 thrives
795 315 80 75 very
890 315 73 75 well
985 315 42 75 on
1043 315 76 75 land

87 362 71 75 that
173 362 26 75 is
217 362 159 75 improper
393 362 53 75 for
469 362 118 75 wheat.
636 362 50 75 As
709 362 91 75 there
822 362 27 75 is
866 362 116 75 hardly
998 362 19 75 a
1033 362 87 75 good

88 407 122 75 market
224 407 55 75 for
296 407 64 75 this
373 407 94 75 grain
482 407 33 75 in
534 407 169 75 Scotland,
726 407 26 75 it
765 407 29 75 is
810 407 60 75 but
877 407 91 75 Jittle
985 407 132 75 cultiva-

86 454 68 75 ted.
202 454 39 75 In
264 454 85 75 fome
374 454 120 75 places,
520 454 54 75 the
597 454 76 75 land
696 454 27 75 is
749 454 155 75 prepared
925 454 52 75 for
998 454 26 75 it
1040 454 44 75 by
1100 454 19 75 a

86 500 121 75 fallow,
233 500 64 75 and
312 500 86 75 good
422 500 92 75 crops
532 500 53 75 are
602 500 116 75 reaped
732 500 33 75 in
781 500 64 75 this
862 500 84 75 way.
995 500 33 75 It
1044 500 75 75 may

86 547 40 75 be
142 547 85 75 fown
243 547 33 75 in
293 547 154 75 O&ober,
475 547 199 75 November,
699 547 38 75 or
752 547 89 75 early
863 547 32 75 in
918 547 56 75 the
998 547 119 75 fpring.

86 593 33 75 It
135 593 75 75 may
225 593 41 75 be
277 593 85 75 fown
380 593 83 75 after
479 593 90 75 peafe
586 593 38 75 or
639 593 132 75 barley;
798 593 57 75 but
870 593 27 75 it
914 593 26 75 is
957 593 162 75 improper

86 639 36 75 to
137 639 66 75 fow
225 639 27 75 it
269 639 83 75 after
374 639 106 75 wheat
495 639 38 75 or
556 639 83 75 oats,
664 639 34 75 as
721 639 64 75 this
808 639 109 75 would
940 639 178 75 encourage

86 685 56 75 the
158 685 126 75 growth
296 685 42 75 of
357 685 208 75 root-weeds,
590 685 63 75 and
669 685 124 75 greatly
808 685 133 75 exhaufl
956 685 56 75 the
1027 685 94 75 land."

135 731 74 75 Rye
221 731 27 75 is
260 731 178 75 fometimes
454 731 87 75 fown
557 731 33 75 as
608 731 19 75 a
642 731 189 75 grafs-feed.
879 731 37 75 If
933 731 81 75 it.be
1030 731 87 75 fown

85 778 81 75 wi^Ji
189 778 65 75 this
278 778 82 75 view
384 778 33 75 in
435 778 199 75 September,
660 778 99 75 upon'
759 778 20 75 a
792 778 248 75 well-prepared
1055 778 62 75 fal-

86 824 77 75 low,
187 824 27 75 it
230 824 66 75 will
313 824 105 75 afford
433 824 87 75 good
536 824 127 75 feeding
686 824 53 75 for
761 824 92 75 fheep
869 824 33 75 in
918 824 119 75 March
1054 824 64 75 and

85 869 118 75 April;
230 869 63 75 and
309 869 83 75 after
408 869 25 75 it
449 869 27 75 is
494 869 55 75 cut
559 869 107 75 down,
685 869 54 75 the
750 869 76 75 land
837 869 74 75 may
923 869 40 75 be
979 869 137 75 plough-

87 916 52 75 ed,
156 916 63 75 and
234 916 86 75 fown
336 916 79 75 with
431 916 123 75 barley.
594 916 87 75 This
693 916 149 75 practice,
863 916 162 75 however,
1053 916 66 75 will

88 962 58 75 not
163 962 118 75 anfwer
293 962 33 75 in
338 962 64 75 wet
417 962 88 75 land.

312 1071 59 75 Of
393 1071 67 75 the
487 1071 157 75 Culture
670 1071 48 75 of
740 1071 155 75 Barley.

131 1151 140 75 There
301 1151 54 75 are
376 1151 75 75 four
476 1151 93 75 kinds
593 1151 41 75 of
652 1151 111 75 barley
790 1151 76 75 ufed
888 1151 33 75 in
948 1151 168 75 Scotland,

87 1198 56 75 the
159 1198 148 75 common
323 1198 123 75 barley,
471 1198 55 75 the
542 1198 220 75 Lincolnfhire
787 1198 121 75 barley,
935 1198 55 75 the
1011 1198 106 75 High-

89 1244 75 75 land
183 1244 123 75 barley,
331 1244 89 75 more
436 1244 182 75 commonly
636 1244 103 75 called
755 1244 99 75 rough
871 1244 87 75 bear,
984 1244 63 75 and
1063 1244 55 75 the

90 1289 145 75 Thanet.

136 1335 106 75 Thefe
267 1335 152 75 different
441 1335 94 75 kinds
560 1335 54 75 are
637 1335 86 75 fown
749 1335 32 75 at
805 1335 150 75 different
980 1335 136 75 feafbns.

87 1382 78 75 The
181 1382 220 75 Lincolnfhire
425 1382 111 75 barley
557 1382 74 75 may
654 1382 40 75 be
717 1382 86 75 fown
827 1382 61 75 any
909 1382 78 75 time
1002 1382 117 75 during

88 1429 56 75 the
168 1429 126 75 winter,
320 1429 37 75 or
384 1429 32 75 in
440 1429 56 75 the
519 1429 127 75 fpring;
680 1429 56 75 the
761 1429 146 75 common
929 1429 112 75 barley
1057 1429 64 75 and

87 1475 132 75 Thanet
246 1475 75 75 may
335 1475 41 75 be
391 1475 86 75 fown
499 1475 35 75 in
557 1475 109 75 April,
690 1475 56 75 the
767 1475 172 75 beginning
961 1475 41 75 of
1023 1475 96 75 May,

88 1521 37 75 or
136 1521 78 75 even
230 1521 104 75 later;
360 1521 62 75 and
440 1521 57 75 the
514 1521 101 75 rough
632 1521 76 75 bear
724 1521 73 75 may
815 1521 38 75 be
871 1521 86 75 fown
974 1521 30 75 in
1024 1521 94 75 May,

90 1566 38 75 or
145 1566 55 75 the
224 1566 170 75 beginning
417 1566 41 75 of
476 1566 103 75 June:
607 1566 58 75 but
682 1566 55 75 the
753 1566 118 75 precife
888 1566 77 75 time
981 1566 40 75 of
1040 1566 80 75 fow-

88 1613 55 75 ing
160 1613 78 75 muff
255 1613 38 75 be
309 1613 200 75 determined
524 1613 43 75 by
578 1613 56 75 the
650 1613 142 75 weather
811 1613 63 75 and
897 1613 56 75 the
972 1613 148 75 fituation

89 1658 41 75 of
148 1658 55 75 the
219 1658 86 75 land.
354 1658 112 75 When
491 1658 55 75 the
571 1658 107 75 feafon
702 1658 26 75 is
750 1658 198 75 favourable,
973 1658 55 75 the
1045 1658 76 75 land

91 1703 67 75 free
176 1703 83 75 from
276 1703 119 75 weeds,
420 1703 63 75 and
505 1703 58 75 not
585 1703 55 75 too
665 1703 37 75 w'
702 1703 39 75 et,
767 1703 219 75 Lincolnfhire
1010 1703 110 75 barley

90 1748 74 75 may
180 1748 40 75 be
236 1748 86 75 fown
346 1748 34 75 in
404 1748 177 75 February,
607 1748 62 75 and
694 1748 54 75 the
770 1748 95 75 other
888 1748 93 75 kinds
1006 1748 114 75 fooner

92 1794 77 75 than
185 1794 54 75 the
257 1794 125 75 periods
399 1794 101 75 above
516 1794 195 75 mentioned.

137 1840 112 75 When
264 1840 110 75 barley
388 1840 27 75 is
432 1840 85 75 fown
532 1840 33 75 in
582 1840 126 75 winter,
722 1840 42 75 or
779 1840 88 75 early
878 1840 31 75 in
927 1840 55 75 the
997 1840 119 75 fpring,

73 1886 71 75 •the
161 1886 75 75 land
259 1886 104 75 ought
379 1886 34 75 to
438 1886 40 75 be
500 1886 163 75 ploughed
686 1886 85 75 fome
796 1886 77 75 time
901 1886 132 75 before;
1060 1886 58 75 but

89 1933 92 75 when
194 1933 86 75 fown
295 1933 65 75 lat£
376 1933 33 75 in
426 1933 55 75 the
496 1933 118 75 fpring,
630 1933 39 75 or
684 1933 33 75 in
729 1933 55 75 the
795 1933 171 75 beginning
983 1933 40 75 of
1034 1933 83 75 fum-

88 1979 79 75 mer,
192 1979 26 75 it
234 1979 101 75 ought
352 1979 35 75 to
403 1979 39 75 be
456 1979 88 75 fown
561 1979 217 75 immediately
795 1979 83 75 after
894 1979 26 75 it
936 1979 27 75 is
980 1979 136 75 plough-

89 2025 52 75 ed.
190 2025 38 75 In
242 2025 127 75 winter;
393 2025 37 75 or
441 2025 89 75 early
546 2025 32 75 in
595 2025 54 75 the
666 2025 118 75 fpring,
810 2025 76 75 land
901 2025 26 75 is
940 2025 31 75 in
985 2025 41 75 no
1037 2025 79 75 dan-

87 2072 58 75 ger
166 2072 42 75 of
226 2072 167 75 becoming
416 2072 55 75 too
494 2072 81 75 dry;
602 2072 59 75 but
685 2072 31 75 in
738 2072 149 75 fummer,
911 2072 76 75 land
1012 2072 27 75 is
1063 2072 54 75 ve-

87 2117 40 75 ry
152 2117 96 75 liable
275 2117 35 75 to
329 2117 131 75 become
476 2117 56 75 too
547 2117 61 75 dry
623 2117 53 75 for
698 2117 55 75 the
763 2117 151 75 purpofes
931 2117 40 75 of
988 2117 129 75 vegeta-

88 2165 80 75 tion.
216 2165 77 75 The
316 2165 119 75 farmer
459 2165 112 75 ftxould
595 2165 162 75 therefore
781 2165 180 75 endeavour
984 2165 36 75 to
1035 2165 82 75 have

86 2211 42 75 all
144 2211 51 75 his
218 2211 73 75 feed
305 2211 86 75 fown
415 2211 110 75 before
548 2211 55 75 the
620 2211 106 75 feafon
743 2211 39 75 be
798 2211 57 75 too
870 2211 53 75 far
939 2211 175 75 advanced.

132 2258 76 75 The
225 2258 149 75 quantity
389 2258 40 75 of
448 2258 108 75 barley
573 2258 87 75 fown
676 2258 41 75 on
734 2258 39 75 an
796 2258 73 75 acre
891 2258 26 75 is
940 2258 85 75 from
1049 2258 67 75 two

86 2303 35 75 to
138 2303 73 75 four
227 2303 114 75 firlots.
390 2303 112 75 When
519 2303 56 75 the
597 2303 76 75 land
699 2303 27 75 is
749 2303 89 75 clean
861 2303 62 75 and
945 2303 80 75 rich,
1050 2303 66 75 two

86 2349 101 75 firlots
205 2349 52 75 are
281 2349 153 75 fufficient
445 2349 18 75 $.
482 2349 57 75 but
557 2349 93 75 when
666 2349 26 75 it
708 2349 26 75 is
750 2349 133 75 infefted
899 2349 79 75 with
995 2349 119 75 weeds,

86 2397 18 75 a
119 2397 105 75 larger
241 2397 148 75 quantity
405 2397 26 75 is
445 2397 170 75 neceffary.

133 2442 120 75 Barley
268 2442 59 75 has
343 2442 112 75 tender
471 2442 102 75 roots,
599 2442 62 75 and
676 2442 26 75 is
721 2442 56 75 not
793 2442 71 75 able
880 2442 35 75 to
931 2442 76 75 pufh
1024 2442 90 75 them

85 2488 50 75 far
157 2488 33 75 in
213 2488 88 75 quell
325 2488 41 75 of
384 2488 100 75 food;
510 2488 26 75 it
561 2488 27 75 is
611 2488 143 75 therefoi'
754 2488 19 75 e
795 2488 159 75 neceffary
971 2488 35 75 to
1023 2488 92 75 bring

85 2534 75 75 land
176 2534 142 75 deltined
333 2534 53 75 for
401 2534 112 75 barley
528 2534 69 75 into
611 2534 88 75 good
713 2534 89 75 tilth,
828 2534 63 75 and
907 2534 35 75 to
965 2534 107 75 enrich
1089 2534 26 75 it

85 2580 103 75 either
214 2580 44 75 by
281 2580 146 75 manures
455 2580 38 75 or
519 2580 149 75 frequent
692 2580 204 75 ploughings.
944 2580 121 75 Barley
1087 2580 28 75 is

84 2626 90 75 often
190 2626 85 75 fown
292 2626 84 75 upon
393 2626 75 75 land
485 2626 70 75 that
571 2626 59 75 has
646 2626 80 75 been
744 2626 164 75 fallowed,
933 2626 38 75 or
990 2626 84 75 after
1094 2626 21 75 a

84 2676 76 75 crop
172 2676 40 75 of
230 2676 106 75 peafe.
382 2676 39 75 In
437 2676 85 75 fome
540 2676 106 75 places
660 2676 28 75 it
705 2676 26 75 is
749 2676 85 75 fown
851 2676 85 75 after
951 2676 19 75 a
985 2676 77 75 crop
1079 2676 41 75 of

85 2719 68 75 oats
165 2719 10 75 ;
203 2719 62 75 and
281 2719 179 75 fbmetimes
477 2719 26 75 it
519 2719 26 75 is
565 2719 148 75 repeated
725 2719 51 75 for
792 2719 66 75 two
870 2719 38 75 or
918 2719 91 75 three
1021 2719 92 75 years

84 2765 195 75 fuccelhvely
293 2765 84 75 upon
391 2765 54 75 the
461 2765 84 75 fame
559 2765 90 75 land.

131 2811 111 75 When
266 2811 109 75 barley
391 2811 26 75 is
435 2811 34 75 to
489 2811 40 75 be
551 2811 87 75 fown
654 2811 85 75 upon
756 2811 123 75 fallow,
904 2811 31 75 in
952 2811 70 75 ftiff
1038 2811 77 75 land

85 2856 56 75 not
153 2856 95 75 much
264 2856 133 75 infelted
413 2856 78 75 with
504 2856 114 75 annual
634 2856 118 75 weeds,
777 2856 25 75 it
815 2856 110 75 fhould
935 2856 41 75 be
991 2856 123 75 dreffed

83 2901 33 75 in
132 2901 184 75 November
332 2901 33 75 in
381 2901 56 75 the
453 2901 82 75 fame
559 2901 131 75 manner
714 2901 33 75 as
770 2901 52 75 for
839 2901 127 75 wheat;
991 2901 35 75 fo
1042 2901 72 75 that

84 2953 218 75 Lincolnfhire
315 2953 108 75 barley
435 2953 72 75 may
520 2953 40 75 be
576 2953 99 75 fown,
692 2953 32 75 if
734 2953 55 75 the
801 2953 114 75 winter
931 2953 40 75 be
983 2953 128 75 favour-

132 2996 99 75 Vol.
249 2996 29 75 I.
304 2996 71 75 No.
396 2996 33 75 3.

953 2996 16 75 3

1182 103 35 75 L
1294 103 38 75 T
1412 103 45 75 U
1536 103 37 75 R
1650 103 48 75 E.

2145 103 51 75 61

1170 169 82 75 able,
1285 169 38 75 or
1346 169 106 75 Ipring
1473 169 112 75 barley
1608 169 85 75 upon
1721 169 57 75 the
1802 169 263 75 winter-furrow,
2096 169 32 75 if
2146 169 57 75 the

1168 216 107 75 feafon
1290 216 115 75 proves
1421 216 243 75 unfavourable.
1712 216 67 75 But
1802 216 93 75 when
1917 216 111 75 barley
2050 216 29 75 is
2101 216 36 75 to
2162 216 41 75 be

1168 262 86 75 fown
1278 262 85 75 after
1385 262 119 75 wheat,
1536 262 104 75 peafe,
1673 262 38 75 or
1735 262 83 75 oats,
1849 262 55 75 the
1928 262 77 75 land
2026 262 114 75 fhould
2162 262 41 75 be

1169 308 162 75 ploughed
1350 308 34 75 as
1399 308 79 75 foon
1495 308 84 75 after
1594 308 124 75 harveft
1735 308 33 75 as
1785 308 139 75 poffible,
1950 308 63 75 and
2028 308 65 75 laid
2109 308 42 75 up
2167 308 37 75 in

1169 355 75 75 fuch
1261 355 19 75 a
1295 355 130 75 manner
1436 355 34 75 as
1481 355 37 75 to
1534 355 40 75 be
1592 355 65 75 beft
1676 355 141 75 expofed
1836 355 35 75 to
1893 355 55 75 the
1968 355 46 75 air
2030 355 64 75 and
2109 355 91 75 frofl,

1169 401 62 75 and
1254 401 35 75 to
1306 401 106 75 fecure
1428 401 26 75 it
1475 401 120 75 againfl
1617 401 133 75 damage
1772 401 85 75 from
1874 401 80 75 rain.
2003 401 57 75 To
2081 401 122 75 anfwer

1168 449 87 75 thefe
1271 449 165 75 purpofes,
1461 449 203 75 barley-land
1688 449 27 75 is
1739 449 181 75 fometimes
1945 449 114 75 ribbed
2082 449 32 75 at
2137 449 65 75 this

1167 495 126 75 feafon:
1320 495 68 75 But
1404 495 125 75 ribbing
1541 495 69 75 flirs
1623 495 77 75 only
1712 495 19 75 a
1741 495 89 75 fmall
1843 495 149 75 quantity
2003 495 40 75 of
2055 495 55 75 the
2121 495 78 75 foil;

1168 541 63 75 and
1245 541 164 75 therefore
1431 541 26 75 it
1473 541 26 75 is
1517 541 106 75 better
1639 541 34 75 to
1696 541 114 75 gather
1825 541 26 75 it
1867 541 69 75 into
1951 541 127 75 narrow
2094 541 107 75 ridges

1168 587 39 75 of
1227 587 73 75 four
1322 587 38 75 or
1384 587 48 75 fix
1451 587 137 75 furrows
1605 587 92 75 each,
1723 587 62 75 and
1801 587 36 75 to
1853 587 93 75 make
1963 587 117 75 proper
2095 587 107 75 drains

1167 632 52 75 for
1242 632 146 75 carrying
1404 632 52 75 off
1474 632 57 75 the
1547 632 112 75 water.
1707 632 51 75 As
1782 632 55 75 the
1861 632 64 75 firft
1949 632 176 75 ploughing
2149 632 53 75 for

1167 680 202 75 barleydand
1381 680 25 75 is
1423 680 149 75 defigned
1588 680 36 75 to
1639 680 96 75 cover
1758 680 56 75 the
1830 680 135 75 ftubble,
1990 680 139 75 increale
2145 680 57 75 the

1166 728 166 75 vegetable
1348 728 91 75 food,
1463 728 64 75 and
1542 728 80 75 keep
1645 728 56 75 the
1723 728 77 75 land
1823 728 74 75 dry,
1922 728 26 75 it
1972 728 91 75 need:
2079 728 58 75 not
2160 728 44 75 be

1167 773 78 75 very
1256 773 93 75 deep,
1374 773 59 75 but
1449 773 101 75 ought
1565 773 35 75 to
1616 773 40 75 be
1673 773 32 75 as
1723 773 101 75 broad
1841 773 33 75 as
1886 773 141 75 poflible,
2045 773 157 75 provided

1167 820 26 75 it
1205 820 39 75 be
1261 820 90 75 clean
1363 820 173 75 ploughed.

1216 867 36 75 If
1270 867 26 75 it
1312 867 40 75 be
1368 867 158 75 propofed
1548 867 34 75 to
1599 867 89 75 dung
1710 867 215 75 barley-land,
1950 867 56 75 the
2022 867 89 75 dung
2127 867 75 75 may

1168 913 38 75 be
1217 913 67 75 laid
1295 913 42 75 on
1350 913 115 75 during
1482 913 55 75 the
1549 913 221 75 winter-frofi,
1788 913 61 75 and
1862 913 162 75 ploughed
2034 913 32 75 in
2079 913 33 75 as
2124 913 78 75 foon

1168 960 34 75 as
1214 960 55 75 the
1285 960 76 75 land
1375 960 26 75 is
1419 960 32 75 in
1464 960 115 75 proper
1595 960 176 75 condition.
1820 960 119 75 When,
1947 960 56 75 the
2019 960 143 75 dunging
2173 960 28 75 is

1167 1006 138 75 delayed
1327 1006 52 75 till
1402 1006 220 75 immediately
1644 1006 111 75 before
1782 1006 55 75 the
1864 1006 58 75 iaft
1948 1006 189 75 ploughing,
2163 1006 39 75 dr

1168 1052 223 75 feed-furrow,
1417 1052 56 75 the
1493 1052 89 75 land,
1607 1052 169 75 efpecially
1796 1052 32 75 if
1845 1052 26 75 it
1895 1052 39 75 be
1957 1052 40 75 of
2016 1052 19 75 a
2057 1052 68 75 ftiff
2144 1052 55 75 na-

1168 1100 82 75 ture,
1276 1100 27 75 is
1319 1100 33 75 in
1367 1100 121 75 danger
1502 1100 41 75 of
1560 1100 97 75 being
1673 1100 146 75 battered
1833 1100 36 75 fo
1885 1100 34 75 as
1936 1100 35 75 to
1988 1100 60 75 rife
2063 1100 33 75 in
2111 1100 91 75 large

1167 1145 89 75 clods
1273 1145 93 75 when
1382 1145 175 75 ploughed.

1215 1192 38 75 In
1277 1192 145 75 fleering,
1448 1192 56 75 the
1528 1192 177 75 ploughing
1728 1192 113 75 fhould
1862 1192 42 75 be
1928 1192 34 75 as
1986 1192 81 75 deep
2084 1192 34 75 as
2143 1192 57 75 the

1167 1238 120 75 plough
1303 1238 59 75 can
1378 1238 55 75 go,
1458 1238 64 75 and
1537 1238 56 75 the
1603 1238 58 75 foil
1678 1238 110 75 allows
1801 1238 8 75 :
1837 1238 67 75 For
1915 1238 44 75 by
1970 1238 81 75 deep
2063 1238 138 75 plough-

1167 1285 55 75 ing
1239 1285 33 75 at
1287 1285 65 75 this
1368 1285 120 75 feafon,
1514 1285 71 75 part
1602 1285 40 75 of
1660 1285 55 75 the
1732 1285 92 75 earth
1840 1285 72 75 that
1927 1285 57 75 has
2001 1285 81 75 been
2098 1285 109 75 expo-:

1168 1332 54 75 fed
1239 1332 36 75 to
1291 1332 55 75 the
1363 1332 47 75 air
1427 1332 140 75 through
1585 1332 56 75 the
1656 1332 126 75 winter,
1808 1332 62 75 and
1885 1332 72 75 part
1976 1332 40 75 of
2034 1332 26 75 it
2084 1332 121 75 turned

1168 1378 43 75 up
1227 1378 44 75 by
1282 1378 56 75 the
1349 1378 151 75 ordinary
1516 1378 187 75 ploughing,
1721 1378 54 75 are
1791 1378 111 75 mixed
1917 1378 149 75 together
2081 1378 52 75 for
2144 1378 58 75 the

1169 1424 216 75 nourifhment
1416 1424 40 75 of
1485 1424 56 75 the
1572 1424 89 75 crop.
1719 1424 38 75 In
1784 1424 148 75 fleering,
1973 1424 68 75 the.
2061 1424 145 75 furrows,

1169 1471 112 75 fhould
1297 1471 56 75 not
1369 1471 39 75 be
1423 1471 34 75 fo
1479 1471 103 75 broad
1598 1471 34 75 as
1656 1471 33 75 in
1712 1471 56 75 the
1791 1471 121 75 former
1934 1471 197 75 ploughing;
2158 1471 43 75 on

1169 1517 55 75 the
1240 1517 163 75 contrary,
1427 1517 56 75 the
1499 1517 160 75 narrower
1678 1517 77 75 they
1775 1517 54 75 are
1845 1517 56 75 the
1917 1517 118 75 better.
2084 1517 116 75 Crofs-

1169 1565 175 75 pioughing
1358 1565 27 75 is
1403 1565 78 75 very
1496 1565 115 75 proper
1628 1565 33 75 at
1679 1565 62 75 this
1757 1565 119 75 feafon,
1901 1565 32 75 if
1951 1565 56 75 the
2022 1565 77 75 land
2115 1565 38 75 be
2164 1565 36 75 fa

1169 1609 61 75 dry
1246 1609 33 75 as
1296 1609 35 75 to
1348 1609 94 75 allow
1458 1609 38 75 it.

1215 1656 100 75 After
1334 1656 146 75 fleering,
1507 1656 54 75 the
1578 1656 74 75 land
1668 1656 112 75 fhould
1796 1656 40 75 be
1847 1656 73 75 well
1935 1656 182 75 harrowed.
2167 1656 32 75 It

1168 1703 106 75 makes
1292 1703 54 75 the
1359 1703 104 75 weeds
1479 1703 118 75 fpring,
1624 1703 115 75 retains
1756 1703 55 75 die
1823 1703 65 75 fap,
1914 1703 74 75 and,
2007 1703 31 75 if
2048 1703 57 75 the
2121 1703 84 75 laml

1169 1750 38 75 be
1220 1750 158 75 tolerably
1393 1750 72 75 dry,
1492 1750 88 75 takes
1597 1750 56 75 out
1670 1750 55 75 the
1743 1750 87 75 roots
1850 1750 41 75 of
1909 1750 55 75 the
1988 1750 209 75 quickening-

1168 1796 99 75 grafs.
1316 1796 80 75 But,
1424 1796 31 75 if
1473 1796 56 75 the
1554 1796 75 75 land
1653 1796 40 75 be
1717 1796 33 75 in
1767 1796 41 75 no
1825 1796 121 75 danger
1967 1796 40 75 of
2025 1796 101 75 lofing
2142 1796 57 75 the

1167 1842 64 75 fap,
1257 1842 55 75 the
1328 1842 182 75 harrowing
1520 1842 75 75 may
1605 1842 40 75 be
1661 1842 135 75 delayed
1808 1842 52 75 for
1870 1842 86 75 fome
1979 1842 77 75 time
2073 1842 83 75 after
2169 1842 29 75 it

1166 1889 26 75 is
1214 1889 183 75 ploughed;
1432 1889 52 75 for
1507 1889 43 75 by
1574 1889 62 75 this
1662 1889 133 75 method
1818 1889 18 75 a
1858 1889 126 75 greater
2006 1889 134 75 number
2162 1889 41 75 of

1166 1936 104 75 weeds
1288 1936 53 75 are
1354 1936 180 75 deflroyed.

1212 1982 157 75 Though,
1395 1982 31 75 in
1443 1982 141 75 general,
1609 1982 151 75 frequent
1785 1982 190 75 plpughings
2000 1982 53 75 are
2078 1982 117 75 benefi-

1167 2028 72 75 cial,
1265 2028 55 75 yet
1336 2028 177 75 ploughing
1527 2028 93 75 when
1637 2028 55 75 the
1708 2028 75 75 land
1805 2028 27 75 is
1857 2028 62 75 wet
1943 2028 27 75 is
1994 2028 201 75 deflruffive.

1166 2075 110 75 When
1294 2075 56 75 the
1365 2075 107 75 fpring
1488 2075 26 75 is
1535 2075 76 75 wet,
1636 2075 55 75 the
1707 2075 203 75 barley-land
1924 2075 34 75 in
1975 2075 95 75 many
2089 2075 112 75 places'

1165 2121 26 75 is
1207 2121 58 75 not
1280 2121 33 75 in
1330 2121 19 75 a
1363 2121 117 75 proper
1504 2121 163 75 condition
1691 2121 36 75 to
1751 2121 39 75 be
1814 2121 99 75 fown.
1963 2121 39 75 In
2024 2121 64 75 this
2112 2121 81 75 cafe,

1165 2168 56 75 the
1238 2168 271 75 fleering-furrow
1525 2168 80 75 muff
1621 2168 39 75 be
1676 2168 148 75 omitted,
1849 2168 62 75 and
1923 2168 55 75 the
1993 2168 76 75 land
2083 2168 113 75 fhould

1166 2214 53 75 get
1235 2214 54 75 the
1302 2214 215 75 feed-furrow
1541 2214 33 75 as
1598 2214 78 75 foon
1700 2214 34 75 as
1758 2214 27 75 it
1807 2214 28 75 is
1859 2214 33 75 in
1917 2214 19 75 a
1950 2214 116 75 proper
2083 2214 115 75 condi-.

1164 2261 80 75 tion.

1212 2306 110 75 When
1342 2306 114 75 barley
1471 2306 27 75 is
1518 2306 36 75 to
1575 2306 40 75 be
1627 2306 97 75 .fown
1749 2306 17 75 a
1791 2306 116 75 fecond
1930 2306 77 75 time
2030 2306 85 75 upon
2137 2306 57 75 the

1163 2353 83 75 fame
1269 2353 89 75 land,
1393 2353 137 75 without
1558 2353 62 75 any
1646 2353 94 75 other
1772 2353 76 75 crop
1879 2353 212 75 intervening,
2127 2353 67 75 two

1163 2400 191 75 ploughings
1372 2400 52 75 are
1440 2400 166 75 fufficient.

1210 2446 49 75 As
1276 2446 59 75 our
1350 2446 151 75 fummers
1518 2446 32 75 in
1568 2446 157 75 Scotland
1748 2446 53 75 are
1826 2446 178 75 fbmetimes
2021 2446 78 75 very
2116 2446 74 75 wet,

1163 2491 203 75 barley-land
1381 2491 115 75 fhould
1507 2491 39 75 be
1562 2491 292 75 water-furrowed,
1880 2491 62 75 and
1962 2491 123 75 drefied
2101 2491 42 75 up
2159 2491 33 75 in

1164 2540 54 75 the
1234 2540 84 75 fame
1334 2540 129 75 manner
1476 2540 33 75 as
1525 2540 210 75 wheat-land.

1404 2650 64 75 Of
1487 2650 66 75 the
1581 2650 156 75 Culture
1767 2650 47 75 of
1839 2650 112 75 Oats.

1210 2726 85 75 The
1326 2726 53 75 pat
1406 2726 27 75 is
1462 2726 19 75 a
1501 2726 80 75 very
1603 2726 105 75 hardy
1731 2726 101 75 plant,
1863 2726 61 75 and
1951 2726 43 75 its
2023 2726 87 75 roots
2139 2726 53 75 are

1163 2772 117 75 ftrong,
1305 2772 104 75 which
1434 2772 128 75 enables
1589 2772 26 75 it
1639 2772 34 75 to
1698 2772 135 75 procure
1859 2772 81 75 food
1963 2772 108 75 where
2094 2772 98 75 many

1163 2819 93 75 other
1271 2819 103 75 plants
1391 2819 108 75 would
1514 2819 122 75 ftarve;
1662 2819 62 75 and
1738 2819 101 75 hence
1855 2819 56 75 the
1926 2819 137 75 praffice
2082 2819 41 75 of
2141 2819 48 75 gi-

1162 2868 75 75 ving
1251 2868 60 75 lefs
1328 2868 122 75 culture
1467 2868 35 75 to
1518 2868 70 75 oats
1604 2868 76 75 than
1696 2868 36 75 to
1732 2900 16 49 1:
1748 2868 62 75 any
1821 2868 93 75 other
1929 2868 101 75 grain.

1209 2914 110 75 There
1344 2914 53 75 are
1420 2914 92 75 three
1535 2914 95 75 kinds
1654 2914 42 75 of
1713 2914 70 75 oats
1799 2914 78 75 ufed
1891 2914 33 75 in
1942 2914 167 75 Scotland,
2134 2914 56 75 the

1162 2961 109 75 white,
1296 2961 55 75 the
1363 2961 107 75 black,
1496 2961 63 75 and
1575 2961 55 75 the
1646 2961 92 75 grey.
1781 2961 83 75 The
1879 2961 99 75 white
1993 2961 27 75 is
2037 2961 55 75 the
2108 2961 81 75 moff

2029 3013 158 75 common,
