2431 3327
560 141 40 75 A
659 141 40 75 G
756 141 44 75 H

1139 141 19 75 (
1218 141 50 75 38
1328 141 18 75 )

1672 141 42 75 A
1772 141 40 75 G
1869 141 49 75 M

182 210 131 75 •Acer,
337 210 27 75 is
378 210 64 75 alfo
456 210 77 75 ufed
548 210 45 75 by
609 210 196 75 middle-age
820 210 139 75 writers,
976 210 53 75 for
1045 210 39 75 an
1101 210 72 75 acre
1186 210 40 75 of

235 256 90 75 land.
375 256 61 75 See
453 256 123 75 Acre.

188 303 112 75 Acer
320 303 222 75 mineralium,
559 303 116 75 among
691 303 158 75 chemifts,
867 303 133 75 Cgnifies
1012 303 55 75 the
1083 303 138 75 element

236 349 39 75 of
293 349 113 75 water,
430 349 34 75 as
481 349 100 75 water
592 349 26 75 is
635 349 155 75 fuppofed
805 349 35 75 to
852 349 40 75 be
908 349 56 75 the
981 349 105 75 origin
1101 349 42 75 of
1160 349 59 75 mi-

236 395 118 75 nerals.

190 442 111 75 Acer
318 442 140 75 natura,
483 442 19 75 a
518 442 92 75 name
626 442 179 75 fometimes
831 442 126 75 applied
973 442 34 75 to
1024 442 56 75 the
1096 442 123 75 uterus,

239 487 31 75 as
286 487 28 75 it
329 487 160 75 nourilhes
507 487 54 75 the
585 487 104 75 femen
715 487 32 75 in
773 487 54 75 the
851 487 83 75 lame
959 487 130 75 manner
1114 487 34 75 as
1165 487 55 75 the

237 534 91 75 earth
345 534 158 75 nourilhes
520 534 109 75 feeds.-

192 580 125 75 Aoer,
334 580 33 75 in
383 580 194 75 geography,
595 580 19 75 a
629 580 88 75 fmall
730 580 90 75 town
832 580 40 75 of
884 580 169 75 Catalonia
1064 580 33 75 in
1110 580 109 75 Spain,

238 626 133 75 fituated
386 626 76 75 near
474 626 57 75 the
546 626 111 75 fource
673 626 41 75 of
732 626 56 75 the
801 626 84 75 river
900 626 168 75 Noguera.

191 673 297 75 AGERATUM,
513 673 38 75 or
574 673 207 75 Maudlin,
806 673 33 75 in
864 673 131 75 botany,
1022 673 19 75 a
1056 673 103 75 genus
1188 673 40 75 of

238 719 56 75 the
310 719 178 75 fyngenefia
511 719 182 75 polygamia
716 719 131 75 sequalis
873 719 92 75 clafs.
1012 719 79 75 The
1114 719 108 75 recep-

239 765 83 75 tacle
338 765 27 75 is
382 765 123 75 naked;
532 765 55 75 the
599 765 119 75 pappus
735 765 57 75 has
804 765 60 75 five
882 765 98 75 ariftse
992 765 37 75 or
1046 765 76 75 auns
1134 765 11 75 ;
1167 765 56 75 the

239 812 87 75 calix
341 812 27 75 is
385 812 139 75 oblong;
551 812 60 75 and
624 812 55 75 the
696 812 97 75 ftylus
813 812 19 75 a
850 812 84 75 little
946 812 113 75 longer
1074 812 77 75 than
1168 812 56 75 the

242 858 121 75 flower.
411 858 113 75 There
541 858 52 75 are
606 858 91 75 three
709 858 116 75 fpecies
837 858 41 75 of
892 858 55 75 the
959 858 176 75 ageratum,
1153 858 70 75 viz.

240 905 56 75 the
309 905 204 75 conyzoides,
539 905 55 75 the
611 905 121 75 ciliare,
758 905 64 75 and
838 905 54 75 the
909 905 188 75 altiffimum,
1115 905 42 75 all
1169 905 55 75 na-

238 951 81 75 tives
337 951 40 75 of
388 951 164 75 America.

198 998 238 75 AGERATU
442 998 24 75 S
490 998 95 75 lapis,
617 998 19 75 a
662 998 86 75 Hone
776 998 78 75 ufed
877 998 44 75 by
944 998 56 75 the
1024 998 141 75 ancients
1192 998 33 75 in

242 1043 99 75 dying
354 1043 61 75 and
427 1043 132 75 dreffing
570 1043 135 75 leather.

194 1091 245 75 AGERIUM.
489 1091 61 75 See
566 1091 253 75 Agistment.

195 1136 153 75 AGGA,
374 1136 36 75 or
428 1136 179 75 Agonna,
632 1136 19 75 a
666 1136 118 75 Britilh
807 1136 179 75 fettlement
1002 1136 41 75 on
1060 1136 55 75 the
1132 1136 93 75 gold-

243 1183 84 75 coaft
343 1183 40 75 of
401 1183 144 75 Guiney.
594 1183 32 75 It
641 1183 27 75 is
681 1183 135 75 fituated
831 1183 101 75 under
948 1183 56 75 the
1020 1183 154 75 meridian
1191 1183 40 75 of

243 1229 152 75 London,
421 1229 31 75 in
470 1229 21 75 6
508 1229 132 75 degrees
657 1229 40 75 of
715 1229 48 75 N.
782 1229 58 75 lat.

196 1275 166 75 Agger,,
376 1275 31 75 in
424 1275 55 75 the
495 1275 124 75 ancient
636 1275 141 75 military
793 1275 63 75 art,
881 1275 18 75 a
917 1275 84 75 bank
1018 1275 38 75 or
1072 1275 153 75 rampart,

243 1322 168 75 compofed
434 1322 39 75 of
492 1322 126 75 various
642 1322 174 75 materials,
848 1322 34 75 as
907 1322 105 75 earth,
1043 1322 123 75 boughs
1191 1322 40 75 of

244 1367 95 75 trees,
366 1367 65 75 6c.

290 1415 75 75 The
392 1415 98 75 agger
505 1415 41 75 of
563 1415 56 75 the
643 1415 141 75 ancients
799 1415 66 75 was
882 1415 40 75 of
940 1415 55 75 the
1011 1415 85 75 fame
1113 1415 112 75 nature

243 1460 78 75 with
338 1460 87 75 what
437 1460 55 75 the
503 1460 150 75 moderns
670 1460 59 75 call
748 1460 93 75 lines.

198 1509 318 75 AGGERHUYS,
538 1509 20 75 a
569 1509 67 75 city
652 1509 40 75 of
710 1509 157 75 Norway,
891 1509 117 75 capital
1021 1509 40 75 of
1079 1509 56 75 the
1151 1509 73 75 pro-

244 1553 89 75 vince
358 1553 41 75 of
417 1553 56 75 the
497 1553 83 75 fame
603 1553 105 75 name.
757 1553 32 75 It
805 1553 28 75 is
847 1553 120 75 lubje^t
985 1553 33 75 to
1044 1553 180 75 Denmark,

246 1602 59 75 and
321 1602 135 75 fituated
470 1602 32 75 in
520 1602 58 75 28-.
598 1602 57 75 35.
672 1602 44 75 E.
735 1602 89 75 long,
850 1602 62 75 and
932 1602 56 75 59.
1008 1602 55 75 30.
1081 1602 49 75 N.
1148 1602 59 75 lat.

200 1646 334 75 AGGIA-SARAI,
560 1646 19 75 a
594 1646 86 75 town
703 1646 135 75 fituated
862 1646 41 75 on
927 1646 55 75 the
1006 1646 89 75 lliore
1112 1646 40 75 of
1170 1646 55 75 the

246 1692 135 75 Cafpian
403 1692 63 75 fea,
490 1692 145 75 between
657 1692 182 75 Turkeltan
864 1692 63 75 and
949 1692 56 75 the
1028 1692 139 75 country
1190 1692 41 75 of

246 1738 133 75 Bulgar.

199 1785 410 75 AGGLUTINANTS,
633 1785 32 75 in
682 1785 186 75 pharmacy,
884 1785 172 75 medicines
1069 1785 40 75 of
1121 1785 18 75 a
1155 1785 69 75 glu-

246 1831 105 75 tinous
364 1831 36 75 or
416 1831 100 75 vifcid
531 1831 123 75 nature,
672 1831 93 75 given
781 1831 78 75 with
872 1831 19 75 a
902 1831 80 75 view
998 1831 35 75 to
1045 1831 181 75 ftrengthen

247 1877 54 75 the
317 1877 109 75 folids.

200 1924 332 75 Agglutinants,
568 1924 115 75 among
711 1924 162 75 furgeons.
931 1924 63 75 See
1018 1924 206 75 Vulnera-

252 1969 98 75 ries.

201 2017 435 75 AGGLUTINATION,
660 2017 33 75 in
709 2017 20 75 a
749 2017 128 75 general
899 2017 98 75 fenfe,
1023 2017 131 75 denotes
1171 2017 55 75 the

243 2062 127 75 joining
394 2062 67 75 two
483 2062 37 75 or
545 2062 88 75 more
657 2062 107 75 things
782 2062 160 75 together,
966 2062 44 75 by
1026 2062 107 75 means
1150 2062 39 75 of
1209 2062 19 75 a

248 2108 19 75 a
281 2108 116 75 proper
411 2108 74 75 glue
497 2108 38 75 or
551 2108 136 75 cement.

203 2155 355 75 Agglutination,
583 2155 116 75 among
718 2155 187 75 phyficians,
930 2155 55 75 the
1002 2155 176 75 adherence
1194 2155 40 75 of

250 2200 69 75 new
334 2200 173 75 fubllance,
532 2200 37 75 or
582 2200 55 75 the
653 2200 110 75 giving
779 2200 18 75 a
812 2200 165 75 glutinous,
990 2200 122 75 quality
1122 2200 35 75 to
1157 2232 9 49 ;
1174 2200 55 75 the

251 2246 115 75 animal
382 2246 107 75 fluids.

204 2292 355 75 Agglutination,
584 2292 26 75 is
635 2292 98 75 alio-a
750 2292 81 75 term
856 2292 76 75 ufed
956 2292 44 75 by
1022 2292 207 75 aflronomers

252 2338 34 75 to
312 2338 116 75 denote
452 2338 55 75 the
531 2338 140 75 meeting
694 2338 41 75 of
755 2338 66 75 two
845 2338 38 75 or
904 2338 89 75 more
1015 2338 78 75 liars
1117 2338 33 75 in
1174 2338 55 75 the

252 2384 82 75 fame
350 2384 71 75 part
437 2384 40 75 of
496 2384 54 75 the
567 2384 126 75 zodiac,
718 2384 37 75 or
778 2384 54 75 the
857 2384 138 75 feeming
1020 2384 151 75 coalition
1195 2384 40 75 of

252 2430 117 75 feveral
386 2430 89 75 liars.

207 2478 377 75 AGGRAVATION,
615 2478 19 75 a
657 2478 82 75 term
762 2478 78 75 ufed
867 2478 39 75 to
929 2478 116 75 denote
1069 2478 161 75 whatever

255 2522 165 75 heightens
438 2522 18 75 a
472 2522 109 75 crime,
607 2522 38 75 Or
661 2522 131 75 renders
808 2522 25 75 it
850 2522 90 75 more
951 2522 106 75 black.

208 2569 323 75 AGGREGATE,
555 2569 32 75 in
604 2569 18 75 a
638 2569 126 75 general
776 2569 97 75 fenfe,
898 2569 133 75 denotes
1048 2569 54 75 the
1118 2569 65 75 fum
1197 2569 40 75 of

256 2614 116 75 feveral
388 2614 107 75 things
508 2614 103 75 added
621 2614 160 75 together,
799 2614 38 75 or
847 2614 56 75 the
915 2614 219 75 colle&ion-of
1144 2614 87 75 them

256 2661 68 75 into
340 2661 60 75 one
424 2661 118 75 whole.
589 2661 110 75 Thus,
724 2661 19 75 a
768 2661 97 75 houfe
889 2661 26 75 is
940 2661 41 75 an
1004 2661 169 75 aggregate
1198 2661 40 75 of

257 2707 114 75 Hones,
396 2707 106 75 wood,
527 2707 134 75 mortar,
683 2707 69 75 6c.
800 2707 32 75 It
855 2707 113 75 differs,
981 2707 85 75 from
1083 2707 19 75 a
1124 2707 110 75 mixed

259 2752 37 75 or
312 2752 193 75 compound,
528 2752 160 75 inafmuch
705 2752 33 75 as
762 2752 56 75 the
841 2752 97 75 union
960 2752 33 75 in
1017 2752 87 75 thefe
1126 2752 56 75 lalt
1205 2752 27 75 is

257 2800 89 75 more
361 2800 144 75 intimate
520 2800 78 75 than
610 2800 144 75 between
770 2800 54 75 the
840 2800 87 75 parts
944 2800 39 75 of
993 2800 40 75 an
1050 2800 183 75 aggregate.

263 2845 62 75 See
342 2845 251 75 Chemistry,
618 2845 178 75 Qf.jnixts.

213 2893 306 75 AGGRESSOR,
553 2893 115 75 among
696 2893 147 75 lawyers,
880 2893 131 75 denotes
1040 2893 67 75 the.
1122 2893 113 75 perfon

261 2936 74 75 who
350 2936 101 75 began
467 2936 19 75 a
506 2936 138 75 quarrel,
669 2936 38 75 or
725 2936 93 75 made
838 2936 56 75 the
913 2936 65 75 firll
993 2936 123 75 affault.

215 2984 67 75 AG
285 2984 113 75 HER,
422 2984 56 75 Ac
486 2984 87 75 her,
598 2984 38 75 or
657 2984 88 75 Aug
753 2984 88 75 her,
874 2984 19 75 a
916 2984 87 75 town
1030 2984 40 75 of
1091 2984 143 75 Ireland,

1312 210 106 75 which
1433 210 91 75 fends
1541 210 66 75 two
1623 210 158 75 members
1799 210 34 75 to
1850 210 201 75 parliament.
2100 210 33 75 It
2155 210 27 75 is
2199 210 92 75 fitua-

1312 256 56 75 ted
1383 256 33 75 in
1428 256 55 75 the
1500 256 150 75 fouthern
1666 256 72 75 part
1754 256 40 75 of
1806 256 121 75 Uliler,
1952 256 57 75 not
2026 256 49 75 far
2099 256 86 75 from
2211 256 79 75 Clo-

1312 302 91 75 gher.

1265 349 213 75 AGHRIM,
1504 349 18 75 a
1537 349 87 75 town
1642 349 39 75 of
1694 349 139 75 Ireland,
1859 349 32 75 in
1908 349 56 75 the
1980 349 120 75 county
2120 349 40 75 of
2174 349 118 75 Wick-

1312 395 76 75 low,
1414 395 64 75 and
1493 395 149 75 province
1659 395 40 75 of
1710 395 157 75 Leinfter,
1892 395 134 75 fituated
2042 395 97 75 about
2156 395 140 75 thirteen

1315 441 90 75 miles
1422 441 185 75 fouth-weft
1630 441 40 75 of
1681 441 177 75 Wicklow.

1265 489 233 75 AGL4.DES,
1523 489 32 75 in
1582 489 56 75 the
1653 489 141 75 Turkilh
1811 489 127 75 armies,
1964 489 19 75 a
1997 489 77 75 kind
2090 489 41 75 of
2148 489 145 75 pioneers

1313 534 169 75 employed
1497 534 33 75 in
1547 534 172 75 fortifying
1736 534 119 75 camps,
1880 534 63 75 and
1956 534 55 75 the
2028 534 65 75 like
2109 534 122 75 offices.

1265 581 239 75 AGIASMA.
1556 581 61 75 See
1641 581 228 75 Hagiasma.

1266 629 373 75 AGIGENSALON,
1665 629 19 75 a
1699 629 88 75 town
1803 629 41 75 of
1858 629 149 75 Turkey,
2031 629 85 75 upon
2133 629 55 75 the
2217 629 79 75 road

1315 674 83 75 from
1415 674 261 75 Conltandnople
1693 674 35 75 to
1744 674 147 75 Ifpahan,
1917 674 98 75 about
2031 674 18 75 a
2061 674 89 75 day’s
2157 674 139 75 journey

1316 720 83 75 from
1416 720 56 75 the
1489 720 68 75 city
1574 720 39 75 of
1627 720 119 75 Tocia.

1269 766 173 75 AGILD,
1468 766 38 75 or
1522 766 171 75 Agilde,
1719 766 32 75 in
1763 766 56 75 old
1830 766 194 75 law-books,
2042 766 132 75 denotes
2191 766 19 75 a
2224 766 73 75 per-

1318 811 54 75 fon
1396 811 39 75 of
1449 811 34 75 fo
1507 811 84 75 little
1608 811 147 75 account,
1780 811 72 75 that
1868 811 149 75 whoever
2031 811 102 75 killed
2148 811 68 75 him
2232 811 65 75 was

1317 858 94 75 liable
1428 858 36 75 to
1486 858 42 75 no
1545 858 62 75 fine
1624 858 36 75 or
1677 858 94 75 other
1787 858 211 75 punilhment.

1269 905 219 75 AGILITY,
1513 905 40 75 an
1570 905 142 75 aptitude
1728 905 41 75 of
1779 905 56 75 the
1851 905 121 75 feveral
1989 905 86 75 parts
2103 905 41 75 of
2166 905 56 75 the
2238 905 58 75 bo-

1318 951 43 75 dy
1377 951 36 75 to
1430 951 143 75 motion;
1599 951 36 75 or
1652 951 27 75 it
1694 951 74 75 may
1784 951 39 75 be
1843 951 137 75 defined,
2006 951 55 75 the
2078 951 50 75 art
2145 951 37 75 or
2197 951 102 75 talent

1318 996 39 75 of
1368 996 129 75 making
1512 996 55 75 the
1583 996 66 75 bell
1665 996 53 75 ufe
1735 996 39 75 of
1786 996 58 75 our
1859 996 155 75 ftrength.

1272 1044 315 75 AGILLARIUS,
1612 1044 32 75 in
1662 1044 55 75 old
1732 1044 194 75 law-books.
1977 1044 60 75 See
2055 1044 217 75 Hayward.

1271 1091 311 75 AGINCOURT,
1608 1091 17 75 a
1641 1091 116 75 village
1772 1091 41 75 of
1836 1091 56 75 the
1909 1091 125 75 French
2053 1091 219 75 Netherlands
2287 1091 11 75 ;

1261 1137 7 75 .
1318 1137 124 75 famous
1455 1137 41 75 on
1508 1137 135 75 account
1655 1137 40 75 of
1706 1137 55 75 the
1772 1137 124 75 victory
1907 1137 153 75 obtained
2070 1137 44 75 by
2125 1137 117 75 Henry
2251 1137 46 75 V.

1319 1184 39 75 of
1369 1184 153 75 England
1537 1184 76 75 over
1629 1184 55 75 the
1701 1184 140 75 French,
1866 1184 33 75 in
1921 1184 87 75 141J
2015 1184 8 75 .

1273 1231 136 75 AGIO,
1433 1231 32 75 in
1482 1231 190 75 commerce,
1698 1231 17 75 a
1743 1231 83 75 term
1851 1231 115 75 chiefly
1992 1231 77 75 ufed
2095 1231 33 75 in
2153 1231 145 75 Holland

1321 1276 61 75 and
1399 1276 32 75 at
1443 1276 134 75 Venice,
1594 1276 107 75 where
1717 1276 26 75 it
1758 1276 131 75 denotes
1902 1276 55 75 the
1973 1276 172 75 difference
2156 1276 145 75 between

1320 1323 55 75 the
1390 1323 92 75 value
1499 1323 40 75 of
1550 1323 188 75 bank-ftock
1755 1323 63 75 and
1833 1323 55 75 the
1905 1323 128 75 current
2048 1323 85 75 coin.

1273 1369 107 75 Agio
1401 1369 42 75 of
1455 1369 177 75 affurance,
1656 1369 57 75 the
1737 1369 83 75 fame
1843 1369 79 75 with
1939 1369 86 75 what
2042 1369 49 75 we
2113 1369 61 75 call
2196 1369 102 75 policy

1322 1415 42 75 of
1370 1415 180 75 ajfurance.
1601 1415 61 75 See
1682 1415 150 75 Policy
1852 1415 42 75 of
1900 1415 180 75 ajfurance.

1275 1462 163 75 AGIST.
1489 1462 61 75 See
1567 1462 55 75 the
1638 1462 79 75 next
1733 1462 124 75 article.

1275 1507 309 75 AGISTMENT,
1602 1507 221 75 Agistage,
1840 1507 38 75 or
1889 1507 273 75 Agistation,
2180 1507 32 75 in
2224 1507 73 75 law,

1323 1554 53 75 the
1393 1554 110 75 taking
1515 1554 31 75 in
1563 1554 94 75 other
1673 1554 140 75 people’s
1830 1554 97 75 cattle
1944 1554 35 75 to
1991 1554 96 75 graze
2105 1554 32 75 at
2153 1554 33 75 fo
2203 1554 96 75 much

1316 1599 62 75 per
1389 1599 102 75 week.
1541 1599 32 75 It
1589 1599 25 75 is
1632 1599 65 75 alfo
1712 1599 77 75 ufed
1803 1599 32 75 in
1852 1599 18 75 a
1886 1599 228 75 metaphorical
2127 1599 96 75 fenfe,
2249 1599 51 75 for

1323 1644 62 75 any
1400 1644 231 75 tax,'burcLn,
1656 1644 37 75 or
1710 1644 137 75 charge;
1875 1644 86 75 thus,
1987 1644 55 75 the
2057 1644 59 75 tax
2131 1644 170 75 levied-for

1322 1693 155 75 repairing
1489 1693 56 75 the
1561 1693 101 75 banks
1679 1693 39 75 of
1735 1693 150 75 Romney
1901 1693 101 75 marffi
2019 1693 65 75 was
2101 1693 104 75 called
2227 1693 72 75 agi-

1321 1740 207 75 ftamenium.

1276 1787 230 75 AGISTOR,
1531 1787 38 75 or
1593 1787 254 75 Agistator,
1873 1787 38 75 an
1938 1787 108 75 officer
2070 1787 171 75 belonging
2267 1787 35 75 t®

1323 1831 125 75 foreftsj
1471 1831 75 75 who
1558 1831 56 75 has
1626 1831 56 75 the
1698 1831 72 75 care
1786 1831 41 75 of
1844 1831 96 75 cattle
1957 1831 96 75 taken
2073 1831 30 75 in
2122 1831 34 75 to
2174 1831 38 75 be
2228 1831 72 75 gra-

1324 1877 74 75 zed,
1423 1877 63 75 and
1501 1877 99 75 levies
1620 1877 55 75 the
1693 1877 130 75 moneys
1835 1877 63 75 due
1914 1877 42 75 on
1972 1877 70 75 that
2059 1877 147 75 account.

1276 1924 87 75 AGI
1368 1924 176 75 STALIA
1562 1924 194 75 animalium
1779 1924 35 75 in
1820 1924 140 75 frefta,
1985 1924 33 75 in
2038 1924 55 75 old
2108 1924 198 75 law-books,,

1323 1968 131 75 fignifies
1471 1968 55 75 the
1543 1968 79 75 drift
1638 1968 152 75 of.cattle
1814 1968 37 75 or
1875 1968 100 75 ^eafts
1999 1968 33 75 in
2056 1968 19 75 a
2097 1968 109 75 foreft.

1276 2017 293 75 AGITATION,
1595 2017 55 75 the
1667 2017 48 75 aft
1735 2017 40 75 of
1786 2017 129 75 ffiaking
1931 2017 20 75 a
1969 2017 99 75 body,
2094 2017 37 75 or
2147 2017 111 75 tofling
2274 2017 26 75 it

1324 2061 185 75 backwards
1526 2061 63 75 and
1604 2061 188 75 forewards.

1278 2109 274 75 AGITATOR,
1576 2109 33 75 in
1622 2109 171 75 antiquity,
1819 2109 21 75 a
1854 2109 82 75 term
1960 2109 178 75 fometimes
2156 2109 76 75 ufed
2248 2109 53 75 for

1326 2156 18 75 a
1363 2156 191 75 charioteer,
1579 2156 168 75 efpecially
1763 2156 90 75 thofe
1869 2156 74 75 who
1958 2156 100 75 drave
2077 2156 33 75 in
2127 2156 54 75 the
2197 2156 109 75 circus'

1327 2201 32 75 at
1375 2201 55 75 the
1447 2201 109 75 curule
1571 2201 123 75 games.

1279 2248 299 75 AGITATORS,
1604 2248 33 75 in
1659 2248 55 75 the
1730 2248 131 75 Englifb
1880 2248 140 75 hiftory,.
2038 2248 118 75 certain
2174 2248 127 75 officers

1326 2293 46 75 let
1387 2293 43 75 up
1453 2293 43 75 by
1512 2293 55 75 the
1583 2293 102 75 army,
1709 2293 37 75 in
1765 2293 100 75 1647,
1891 2293 35 75 to
1943 2293 73 75 take
2033 2293 72 75 care
2132 2293 40 75 of
2193 2293 41 75 its
2254 2293 60 75 in-

1328 2340 121 75 terefls.

1376 2387 175 75 Cromwell
1563 2387 112 75 joined
1691 2387 56 75 the
1763 2387 165 75 agitators,
1953 2387 76 75 only
2040 2387 80 75 with
2136 2387 20 75 a
2169 2387 82 75 view
2267 2387 36 75 to

1327 2433 88 75 ferve
1430 2433 50 75 his
1497 2433 73 75 own
1586 2433 99 75 ends;
1713 2433 106 75 which
1842 2433 94 75 being
1960 2433 79 75 once
2059 2433 242 75 accompliffied,

1327 2479 41 75 he
1385 2479 102 75 found
1503 2479 107 75 means
1626 2479 36 75 to
1678 2479 53 75 get
1748 2479 88 75 them
1852 2479 171 75 abolifhed.

1282 2526 149 75 AGLA,
1457 2526 37 75 or
1516 2526 170 75 AqurLA,
1711 2526 19 75 a
1746 2526 86 75 town
1848 2526 40 75 of
1906 2526 114 75 Africa
2037 2526 32 75 in
2084 2526 55 75 the
2151 2526 152 75 kingdom

1329 2572 40 75 of
1381 2572 83 75 Fez,
1485 2572 134 75 fitnated
1629 2572 57 75 not
1701 2572 50 75 far
1766 2572 86 75 from
1868 2572 54 75 the
1939 2572 83 75 river
2039 2572 147 75 Guarga.

1282 2616 362 75 AGLAOPHOTIS,
1668 2616 33 75 in
1716 2616 143 75 botany,,
1874 2616 39 75 an
1935 2616 140 75 obfolete
2090 2616 91 75 name
2198 2616 107 75 of,the

1330 2664 133 75 pasonia.
1513 2664 62 75 See
1591 2664 175 75 P.«:onia.

1282 2710 245 75 AGLECTS,
1549 2710 177 75 Aglets,
1743 2710 37 75 or
1792 2710 197 75 Agljjeds,
2014 2710 32 75 in
2062 2710 133 75 botany.
2244 2710 63 75 See

1330 2756 228 75 Anthers..

1284 2802 168 75 AGLIA,
1477 2802 32 75 in
1533 2802 195 75 geography,
1754 2802 19 75 a
1796 2802 131 75 fortrefs
1956 2802 40 75 of
2018 2802 183 75 Peidmont,
2226 2802 81 75 with

1333 2849 55 75 the
1405 2849 71 75 title
1493 2849 40 75 of
1552 2849 203 75 marquifate,
1780 2849 134 75 fituated
1929 2849 32 75 in
1984 2849 56 75 the
2063 2849 177 75 Canavois.

1285 2894 194 75 AGMOT,
1504 2894 39 75 or
1562 2894 159 75 Agmxt,
1751 2894 55 75 the
1833 2894 91 75 name
1948 2894 41 75 of
2008 2894 18 75 a
2052 2894 99 75 town,
2176 2894 131 75 difiiiff,

1334 2941 59 75 and
1411 2941 84 75 river
1510 2941 42 75 of
1561 2941 127 75 Africa,
1713 2941 32 75 in
1769 2941 55 75 the
1847 2941 119 75 empire
1983 2941 40 75 of
2033 2941 171 75 Morocco.

1285 2988 194 75 AGMEN,
1503 2988 34 75 in
1553 2988 56 75 the
1624 2988 129 75 Roman
1768 2988 49 75 art
1840 2988 40 75 of
1891 2988 80 75 war,
1994 2988 140 75 denoted
2150 2988 39 75 an
2206 2988 104 75 army.
