2477 3395
536 162 34 75 B
628 162 36 75 R
722 162 35 75 E

1084 162 19 75 (
1163 162 80 75 66$
1301 162 19 75 )

1648 162 35 75 B
1742 162 36 75 R
1836 162 34 75 E

253 236 77 75 The
345 236 147 75 breviary
507 236 40 75 of
558 236 105 75 Rome
679 236 27 75 is
723 236 138 75 general,
887 236 63 75 and
966 236 72 75 may
1056 236 40 75 be
1113 236 76 75 ufed

207 284 32 75 in
256 284 43 75 all
311 284 128 75 places;
464 284 58 75 but
538 284 41 75 on
596 284 54 75 the
667 284 106 75 model
789 284 41 75 of
848 284 65 75 this
927 284 127 75 various
1078 284 109 75 others

208 329 80 75 have
315 329 78 75 been
421 329 95 75 built,
548 329 221 75 appropriated
795 329 35 75 to
857 329 78 75 each
962 329 137 75 dibcefe,
1126 329 62 75 and

210 374 79 75 each
306 374 95 75 order
418 374 42 75 of
477 374 164 75 religious.

256 420 75 75 The
347 420 145 75 breviary
509 420 37 75 of
568 420 53 75 the
645 420 127 75 Greeks
796 420 28 75 is
846 420 54 75 the
923 420 84 75 fame
1031 420 31 75 in
1079 420 112 75 almoft

208 465 43 75 all
266 465 156 75 churches
447 465 62 75 and
532 465 201 75 monafteries
760 465 71 75 that
855 465 112 75 follow
993 465 57 75 the
1077 465 114 75 Greek

210 513 75 75 rites
297 513 9 75 :
333 513 56 75 the
405 513 127 75 Greeks
549 513 106 75 divide
671 513 55 75 the
739 513 115 75 pfalter
868 513 69 75 into
952 513 123 75 twenty
1090 513 99 75 parts.

207 559 40 75 In
262 559 140 75 general,
426 559 56 75 the
499 559 113 75 Greek
627 559 145 75 breviary
792 559 125 75 confifts
941 559 42 75 of
1000 559 65 75 two
1081 559 109 75 parts;

209 605 55 75 the
276 605 59 75 one
351 605 181 75 containing
548 605 55 75 the
619 605 92 75 office
726 605 51 75 for
794 605 55 75 the
865 605 145 75 evening,
1028 605 55 75 the
1099 605 94 75 other

211 651 70 75 that
303 651 39 75 of
361 651 55 75 the
433 651 156 75 morning,
614 651 129 75 divided
758 651 68 75 into
842 651 128 75 matins,
995 651 102 75 lauds,
1116 651 75 75 arft,

209 695 102 75 third,
342 695 96 75 fixth,
471 695 62 75 and
560 695 91 75 ninth
678 695 136 75 vefpers,
839 695 60 75 and
929 695 54 75 the
1011 695 180 75 compline;

210 743 70 75 that
296 743 31 75 is'
327 743 9 75 ,
361 743 40 75 of
421 743 89 75 feven
534 743 150 75 different
708 743 110 75 hours,
844 743 40 75 on
909 743 135 75 account
1061 743 40 75 of
1121 743 70 75 that

210 788 107 75 faying
332 788 42 75 of
392 788 122 75 David,
540 788 124 75 Septies
681 788 34 75 in
731 788 51 75 die
798 788 127 75 latidem
943 788 71 75 dixi
1029 788 75 75 tibi.

258 835 75 75 ilie
352 835 172 75 inftitution
541 835 40 75 of
599 835 55 75 the
664 835 151 75 hreyiary
831 835 27 75 is
876 835 57 75 not
949 835 77 75 very
1043 835 145 75 ancient:

210 882 90 75 there
317 882 79 75 have
412 882 78 75 been
507 882 137 75 inferred
667 882 32 75 in
721 882 25 75 it
771 882 55 75 the
842 882 78 75 lives
944 882 39 75 of
1002 882 55 75 the
1082 882 109 75 faints,

210 928 59 75 full
288 928 39 75 of
345 928 173 75 ridiculous
543 928 63 75 and
628 928 187 75 ill-attefted
837 928 123 75 Itories,
985 928 106 75 which
1115 928 78 75 gave

209 974 140 75 occafion
362 974 33 75 to
411 974 121 75 feveral
543 974 225 75 reformations
780 974 39 75 of
837 974 39 75 it,
901 974 44 75 by
960 974 117 75 feveral
1094 974 97 75 coun-

209 1020 70 75 cils,
304 1020 205 75 particularly
526 1020 91 75 thofe
633 1020 40 75 of
692 1020 108 75 Trent
822 1020 63 75 and
909 1020 151 75 Cologn;
1086 1020 42 75 by
1144 1020 47 75 fe-

207 1066 88 75 veral
318 1066 109 75 pope?,
452 1066 207 75 particularly
674 1066 77 75 Pius
767 1066 45 75 V.
838 1066 150 75 Clement
1003 1066 101 75 VIII.
1129 1066 63 75 and

208 1112 115 75 Urban
344 1112 124 75 VIII.;
495 1112 62 75 and
581 1112 64 75 alfo
670 1112 44 75 by
734 1112 119 75 feveral
877 1112 156 75 cardinals
1057 1112 63 75 and
1144 1112 47 75 bi-

208 1158 103 75 ffiops,
329 1158 77 75 each
423 1158 130 75 lopping
564 1158 52 75 off
626 1158 84 75 fome
726 1158 261 75 extravagances,
1012 1158 62 75 and
1085 1158 106 75 bring-

209 1204 55 75 ing
284 1204 27 75 it
328 1204 110 75 nearer
453 1204 36 75 to
511 1204 54 75 the
581 1204 166 75 fimplicity
763 1204 40 75 of
822 1204 55 75 the
894 1204 159 75 primitive
1069 1204 123 75 offices.

210 1251 193 75 Originally,
443 1251 97 75 every
573 1251 87 75 body
690 1251 65 75 was
788 1251 129 75 obliged
944 1251 35 75 to
1011 1251 99 75 recite
1138 1251 55 75 the

208 1296 147 75 breviary
371 1296 96 75 every
481 1296 84 75 day;
593 1296 57 75 but
666 1296 44 75 by
725 1296 131 75 degrees
874 1296 55 75 the
940 1296 175 75 obligation
1126 1296 65 75 was

208 1343 138 75 reduced
362 1343 35 75 to
413 1343 55 75 the
491 1343 109 75 clergy
623 1343 89 75 only,
737 1343 74 75 who
834 1343 53 75 are
903 1343 162 75 enjoined,
1089 1343 102 75 under

209 1389 126 75 penalty
348 1389 40 75 of
406 1389 116 75 mortal
539 1389 43 75 fin
599 1389 63 75 and
677 1389 214 75 ecclefiaftical
908 1389 157 75 cenfures,
1090 1389 34 75 to
1142 1389 48 75 re-

210 1434 63 75 cite
287 1434 27 75 it
338 1434 33 75 at
395 1434 106 75 home,
526 1434 93 75 when
642 1434 77 75 they
742 1434 116 75 cannot
881 1434 109 75 attend
1014 1434 32 75 in
1070 1434 119 75 public.

210 1479 38 75 In
265 1479 56 75 the
336 1479 123 75 XIVth
478 1479 144 75 century,
648 1479 90 75 there
759 1479 65 75 was
849 1479 18 75 a
882 1479 171 75 particular
1070 1479 122 75 referve

210 1526 134 75 granted
359 1526 32 75 in
414 1526 115 75 favour
552 1526 39 75 of
609 1526 38 75 bi'
647 1526 101 75 ffiops,
773 1526 73 75 Who
872 1526 82 75 were
977 1526 148 75 allowed,
1151 1526 41 75 on

210 1572 243 75 extraordinary
468 1572 170 75 occafions,
657 1572 34 75 to
707 1572 69 75 pafs
793 1572 90 75 three
898 1572 79 75 days
990 1572 139 75 without
1144 1572 47 75 re-

209 1619 142 75 hearfing
367 1619 55 75 the
439 1619 159 75 breviary.

257 1665 85 75 This
362 1665 92 75 office
478 1665 64 75 was
565 1665 169 75 originally
750 1665 101 75 called
868 1665 122 75 curfus,
1016 1665 63 75 and
1095 1665 97 75 after-

211 1713 105 75 waids
340 1713 56 75 the
420 1713 221 75 bteviarium\
679 1713 104 75 which
808 1713 96 75 latter
928 1713 90 75 name
1043 1713 148 75 imports,

1285 233 70 75 that
1371 233 54 75 the
1442 233 57 75 old
1514 233 91 75 office
1622 233 65 75 was
1710 233 166 75 abridged,
1902 233 38 75 or
1964 233 119 75 rather,
2108 233 70 75 that
2202 233 64 75 this

1284 279 49 75 col
1337 279 59 75 left
1398 279 52 75 ion
1466 279 27 75 is
1512 279 19 75 a
1542 279 77 75 kind
1635 279 40 75 of
1693 279 201 75 abridgment
1909 279 41 75 of
1968 279 43 75 all
2028 279 54 75 the
2095 279 142 75 prayers.

1331 327 75 75 The
1435 327 171 75 breviaries
1634 327 73 75 now
1728 327 33 75 in
1788 327 53 75 ufe
1869 327 54 75 are
1949 327 237 75 innumerable;
2213 327 56 75 the

1286 373 174 75 difference
1490 373 144 75 between
1663 373 87 75 them
1783 373 124 75 confilts
1940 373 188 75 principally
2153 373 33 75 in
2215 373 54 75 the

1286 418 133 75 number
1446 418 63 75 and
1536 418 94 75 order
1658 418 42 75 of
1718 418 56 75 the
1801 418 126 75 pfalms,
1953 418 126 75 hymns,
2104 418 164 75 pater-no-

1287 466 87 75 fters,
1415 466 210 75 ave-Maries,
1666 466 123 75 creeds,
1824 466 207 75 magnificats,
2065 466 203 75 cantemuss,

1286 512 222 75 benediduss,
1533 512 236 75 canticamuss,
1793 512 83 75 nunc
1888 512 176 75 dimittiss,
2081 512 187 75 mifereres,

1288 559 200 75 halelujahs,
1514 559 102 75 gloria
1633 559 122 75 patris,
1781 559 65 75 be.

1241 605 219 75 Breviary,
1485 605 33 75 in
1531 605 127 75 Roman
1675 605 172 75 antiquity,
1873 605 18 75 a
1906 605 87 75 book
2004 605 64 75 firft
2079 605 191 75 introduced

1289 651 42 75 by
1343 651 174 75 Auguftns,
1543 651 181 75 containing
1741 651 39 75 an
1796 651 135 75 account
1949 651 40 75 of
2008 651 55 75 the
2079 651 192 75 application

1287 698 40 75 of
1346 698 55 75 the
1417 698 107 75 public
1534 698 128 75 njoney.

1237 746 297 75 BREVIATOR,
1572 746 38 75 an
1643 746 109 75 officer
1779 746 99 75 under
1906 746 56 75 the
1989 746 119 75 eaftern
2136 746 132 75 empire,

1285 791 104 75 whole
1405 791 134 75 bufinefs
1556 791 25 75 it
1598 791 63 75 was
1680 791 33 75 to
1730 791 90 75 write
1833 791 62 75 and
1911 791 146 75 tranflate
2074 791 111 75 briefs.

1333 837 45 75 At
1396 837 105 75 Rome
1518 837 89 75 thofe
1624 837 53 75 are
1694 837 60 75 Hill
1771 837 103 75 called
1890 837 189 75 breviators,
2104 837 36 75 or
2157 837 112 75 abbre-

1289 884 130 75 viators,
1444 884 74 75 who
1534 884 115 75 diffate
1665 884 62 75 and
1738 884 88 75 draw
1839 884 41 75 up
1897 884 55 75 the
1968 884 109 75 popes
2093 884 111 75 briefs.

1242 930 239 75 BREVIBUS
1499 930 27 75 a
1542 930 117 75 retulis
1681 930 191 75 liberandis\
1899 930 18 75 a
1941 930 73 75 writ
2039 930 38 75 or
2101 930 169 75 command

1286 976 35 75 to
1333 976 19 75 a
1367 976 115 75 ffieriff
1499 976 35 75 to
1551 976 121 75 deliver
1687 976 35 75 to
1738 976 51 75 his
1805 976 152 75 fucceffor
1973 976 55 75 the
2045 976 132 75 county,
2190 976 79 75 with

1286 1023 55 75 the
1369 1023 263 75 appurtenances,
1665 1023 62 75 and
1755 1023 55 75 the
1838 1023 89 75 rolls,
1952 1023 103 75 writs,
2086 1023 63 75 and
2176 1023 94 75 other

1287 1069 106 75 things
1411 1069 33 75 to
1460 1069 49 75 his
1522 1069 92 75 office
1629 1069 183 75 belonging.

1241 1116 226 75 BREVIER,
1495 1116 115 75 among
1635 1116 148 75 printers,
1817 1116 18 75 a
1859 1116 89 75 fmall
1971 1116 141 75 kind-of
2131 1116 75 75 type
2230 1116 38 75 or

1287 1162 95 75 letter
1394 1162 142 75 between
1552 1162 171 75 bourgeois
1741 1162 61 75 and
1818 1162 130 75 minion.

1241 1209 225 75 BREVIUM

1642 1209 61 75 See
1720 1209 172 75 Gustos.

1241 1256 282 75 BREVORDT,
1550 1256 17 75 a
1584 1256 87 75 town
1693 1256 40 75 of
1751 1256 234 75 Guelderland,
2011 1256 30 75 in
2067 1256 54 75 the
2146 1256 125 75 United

1289 1302 230 75 Netherlands,
1550 1302 133 75 fituated
1705 1302 97 75 about
1826 1302 198 75 twenty-five
2046 1302 91 75 miles
2162 1302 106 75 fouth-

1286 1347 61 75 eaft
1364 1347 39 75 of
1423 1347 161 75 Zutphen,
1610 1347 32 75 in
1660 1347 39 75 6
1719 1347 55 75 3/
1786 1347 43 75 E.
1849 1347 86 75 long,
1950 1347 62 75 and
2033 1347 38 75 ja
2071 1329 25 49 0
2115 1347 46 75 N.
2181 1347 57 75 lat.

1239 1394 223 75 BREWER,
1488 1394 18 75 a
1522 1394 111 75 perfon
1651 1394 73 75 who
1741 1394 148 75 profeffes
1913 1394 54 75 the
1991 1394 48 75 art
2056 1394 39 75 of
2114 1394 157 75 brewing..

1333 1441 112 75 There
1462 1441 52 75 are
1531 1441 179 75 companies
1726 1441 40 75 of
1786 1441 137 75 brewers
1948 1441 31 75 in
1996 1441 78 75 moff
2091 1441 112 75 capital
2225 1441 43 75 ci-

1288 1485 58 75 ties
1359 1485 9 75 ;
1397 1485 69 75 that
1483 1485 39 75 of
1541 1485 139 75 London
1704 1485 65 75 was
1793 1485 223 75 incorporated
2039 1485 32 75 in
2100 1485 100 75 1427,
2225 1485 43 75 by

1288 1532 86 75 Hen.
1388 1532 64 75 VI.
1479 1532 60 75 and
1558 1532 71 75 that
1645 1532 40 75 of
1703 1532 90 75 Paris
1806 1532 25 75 is
1850 1532 61 75 hill
1928 1532 102 75 ohler.

1240 1582 355 75 Brewers-haven,
1621 1582 18 75 a
1655 1582 85 75 good
1756 1582 139 75 harbour
1920 1582 32 75 at
1975 1582 54 75 the
2046 1582 94 75 north
2158 1582 60 75 end
2235 1582 42 75 of

1288 1626 54 75 the
1360 1626 98 75 ifland
1480 1626 40 75 of
1538 1626 128 75 Chiloe,
1693 1626 40 75 on
1759 1626 54 75 the
1831 1626 82 75 coaft
1931 1626 39 75 of
1989 1626 100 75 Chili,
2110 1626 36 75 in
2164 1626 112 75 South.

1288 1672 168 75 America;
1485 1672 57 75 W.
1560 1672 90 75 long.
1669 1672 74 75 82,
1770 1672 61 75 and
1845 1672 35 75 S.
1900 1672 58 75 lat.
1978 1672 41 75 42
2019 1654 24 49 0
2043 1672 16 75 .

1242 1720 143 75 BREW
1403 1720 175 75 HOUSE,
1595 1720 19 75 a
1625 1720 88 75 place
1730 1720 51 75 for
1792 1720 154 75 brewing.
1996 1720 280 75 See.BREWiNG..

531 1991 738 75 BREW

166 2186 275 75 BREWING
458 2186 26 75 is
502 2186 54 75 the
572 2186 163 75 operation
752 2186 41 75 of
813 2186 165 75 preparing
994 2186 50 75 ale
1060 2186 38 75 or
1114 2186 76 75 beer

285 2233 84 75 from
387 2233 90 75 malt.
525 2233 119 75 Before
660 2233 48 75 we
723 2233 83 75 treat
823 2233 39 75 of
882 2233 64 75 this
963 2233 176 75 operation,
1165 2233 27 75 it

163 2277 66 75 will
244 2277 41 75 be
302 2277 157 75 neceffary
483 2277 35 75 to
533 2277 128 75 explain
678 2277 55 75 the
749 2277 111 75 nature
882 2277 40 75 of
940 2277 90 75 malt,
1056 2277 62 75 and
1137 2277 56 75 the

164 2325 133 75 method
312 2325 39 75 of
370 2325 128 75 making
513 2325 49 75 it..

410 2434 37 75 O
493 2434 34 75 F
618 2434 52 75 M
717 2434 227 75 ALT.

211 2514 116 75 That
345 2514 116 75 fpecies
485 2514 39 75 of
542 2514 224 75 fermentation
782 2514 106 75 which
905 2514 27 75 is
954 2514 104 75 called
1073 2514 55 75 the
1144 2514 51 75 vi-

164 2560 79 75 nous
257 2560 253 75 fermentation,
535 2560 26 75 is
580 2560 75 75 only
671 2560 210 75 produceable
905 2560 44 75 by
965 2560 55 75 the
1040 2560 102 75 juices
1161 2560 40 75 of

164 2606 163 75 vegetable
351 2606 186 75 fubftances.
585 2606 76 75 The
679 2606 89 75 fygar
786 2606 36 75 or
839 2606 178 75 faccharine
1033 2606 116 75 matter
1165 2606 26 75 is

165 2651 54 75 the
244 2651 90 75 caufe
356 2651 41 75 of
416 2651 66 75 this
507 2651 234 75 fermentation.
789 2651 37 75 If
844 2651 92 75 fugar
959 2651 40 75 be
1025 2651 105 75 added
1156 2651 36 75 to

164 2698 99 75 water
278 2698 32 75 in
327 2698 55 75 the
399 2698 184 75 proportion
600 2698 39 75 of
662 2698 13 75 1
697 2698 86 75 to.3,
809 2698 18 75 a
851 2698 114 75 proper
988 2698 112 75 vinous
1122 2698 69 75 fer-

162 2745 175 75 mentation
353 2745 27 75 is
398 2745 142 75 excited.
589 2745 112 75 When
725 2745 72 75 this'
818 2745 178 75 faccharine
1023 2745 117 75 matter
1165 2745 27 75 is

164 2792 169 75 extrafted
352 2792 85 75 from
464 2792 193 75 vegetables,
683 2792 77 75 they
783 2792 224 75 immediately,
1022 2792 65 75 lofe
1110 2792 85 75 their

163 2839 222 75 fermentative
402 2839 122 75 power.
571 2839 89 75 Moll
684 2839 102 75 plants
810 2839 102 75 either
934 2839 158 75 naturally
1118 2839 74 75 con-

162 2883 68 75 tain
246 2883 63 75 this
326 2883 177 75 faccharine
527 2883 127 75 matter,
680 2883 38 75 or
742 2883 54 75 are
819 2883 128 75 capable
970 2883 40 75 of
1028 2883 167 75 acquiring

163 2931 25 75 it
204 2931 44 75 by
270 2931 18 75 a
313 2931 119 75 certain
459 2931 133 75 method
614 2931 39 75 of
673 2931 182 75 treatment.
903 2931 98 75 This.
1012 2931 124 75 proceff
1160 2931 40 75 of

162 2979 188 75 converting
365 2979 166 75 vegetable
552 2979 176 75 fubftances
741 2979 67 75 into
825 2979 19 75 a
862 2979 91 75 fugar
969 2979 26 75 is
1012 2979 117 75 known
1140 2979 4 75 ,
1153 2979 42 75 by

163 3023 55 75 the
235 3023 91 75 name
343 3023 40 75 of
402 3023 152 75 malting.

176 3071 4 75 .
208 3071 148 75 Vol.T.
395 3071 124 75 Numb.
538 3071 58 75 28.

968 3071 13 75 '
1031 3071 18 75 3

1413 1997 32 75 I

1586 1997 83 75 N

1806 1997 99 75 G.

1283 2195 144 75 Though
1444 2195 79 75 moft
1546 2195 165 75 vegetable
1727 2195 174 75 fubftances
1926 2195 38 75 be
1988 2195 194 75 convertible
2199 2195 68 75 into
2267 2227 11 49 :

1239 2240 89 75 malt,
1346 2240 108 75 barley
1466 2240 26 75 is
1505 2240 101 75 found
1622 2240 43 75 by
1676 2240 189 75 experience
1880 2240 35 75 to
1931 2240 40 75 be
1987 2240 56 75 the
2059 2240 78 75 moft
2153 2240 116 75 proper

1240 2287 52 75 for
1308 2287 197 75 undergoing
1521 2287 62 75 this
1596 2287 176 75 operation.

1286 2335 49 75 As
1351 2335 55 75 the
1429 2335 186 75 converting
1637 2335 41 75 of
1696 2335 103 75 grains
1816 2335 69 75 into
1902 2335 90 75 malt,
2016 2335 28 75 is
2061 2335 76 75 only
2160 2335 18 75 a
2196 2335 70 75 part

1240 2381 39 75 of
1297 2381 57 75 the
1381 2381 144 75 progrefs
1553 2381 141 75 toWards
1720 2381 82 75 their
1829 2381 223 75 germination,
2075 2381 26 75 it
2127 2381 73 75 may
2227 2381 40 75 be

1240 2428 182 75 performed
1433 2428 42 75 by
1488 2428 198 75 committing
1699 2428 88 75 them
1799 2428 48 75 for
1862 2428 86 75 fome
1960 2428 76 75 time
2050 2428 34 75 to
2096 2428 54 75 the
2162 2428 107 75 earth.

1242 2473 67 75 But
1325 2473 55 75 the
1397 2473 151 75 ordinary
1564 2473 131 75 method
1711 2473 27 75 is
1755 2473 35 75 to
1805 2473 83 75 fteep
1905 2473 55 75 the
1981 2473 110 75 barley
2112 2473 54 75 for
2181 2473 86 75 fome

1242 2520 78 75 time
1336 2520 31 75 in
1386 2520 109 75 water,
1513 2520 62 75 and
1592 2520 75 75 then
1683 2520 36 75 to
1735 2520 117 75 expofe
1869 2520 24 75 it
1907 2520 31 75 in
1949 2520 96 75 heaps
2063 2520 42 75 on
2116 2520 58 75 the
2183 2520 85 75 floor

1244 2566 38 75 of
1301 2566 19 75 a
1335 2566 78 75 barn
1430 2566 49 75 till
1496 2566 27 75 it
1543 2566 108 75 begins
1667 2566 35 75 to
1718 2566 96 75 heat:
1841 2566 84 75 after
1941 2566 118 75 which,
2083 2566 26 75 it
2125 2566 80 75 muft
2228 2566 40 75 be

1240 2612 109 75 fpread
1373 2612 57 75 out
1454 2612 32 75 in
1511 2612 68 75 thin
1601 2612 117 75 layers,
1750 2612 35 75 to
1810 2612 131 75 prevent
1964 2612 221 75 putrefaction.
2236 2612 33 75 It

1240 2658 100 75 ought
1357 2658 34 75 to
1404 2658 147 75 continue
1563 2658 31 75 in
1607 2658 64 75 this
1688 2658 145 75 fituation
1850 2658 50 75 till
1912 2658 55 75 the
1984 2658 106 75 plume
2106 2658 37 75 or
2160 2658 64 75 bud
2240 2658 27 75 is

1237 2706 63 75 juft
1323 2706 96 75 about
1443 2706 34 75 to
1494 2706 108 75 efcape
1618 2706 83 75 from
1723 2706 56 75 the
1801 2706 86 75 feed,
1912 2706 62 75 and
1991 2706 74 75 then
2083 2706 25 75 it
2124 2706 28 75 is
2169 2706 99 75 confi-

1241 2752 96 75 dered
1361 2752 32 75 as
1418 2752 153 75 perfectly
1595 2752 143 75 malted;
1764 2752 70 75 that
1858 2752 40 75 is,
1923 2752 55 75 the
2001 2752 90 75 feeds
2113 2752 53 75 are
2189 2752 80 75 con-

1241 2799 111 75 verted
1377 2799 68 75 into
1472 2799 19 75 a
1515 2799 105 75 fweet,
1646 2799 90 75 moift
1760 2799 171 75 fnbftance.
1980 2799 85 75 This
2088 2799 121 75 change
2231 2799 43 75 of

1242 2845 88 75 tafte,
1356 2845 35 75 or
1409 2845 145 75 malting,
1579 2845 95 75 keeps
1691 2845 91 75 exaCt
1799 2845 76 75 pace
1891 2845 78 75 with
1995 2845 56 75 the
2072 2845 144 75 progrefs
2233 2845 42 75 of

1242 2891 57 75 the,
1313 2891 142 75 plume;.
1465 2891 100 75 hence
1577 2891 60 75 one
1653 2891 73 75 half
1736 2891 39 75 of
1785 2891 57 75 the
1858 2891 71 75 feed
1940 2891 26 75 is
1979 2891 182 75 frequently
2175 2891 93 75 malt-

1243 2938 50 75 ed,
1322 2938 90 75 while
1430 2938 56 75 the
1500 2938 94 75 other
1609 2938 176 75 undergoes
1798 2938 42 75 no
1852 2938 132 75 change.
2035 2938 38 75 If
2091 2938 56 75 the
2165 2938 107 75 plume

1243 2984 37 75 be
1308 2984 136 75 allowed
1472 2984 35 75 to
1529 2984 90 75 ffioot
1644 2984 82 75 fully
1748 2984 69 75 out,
1854 2984 55 75 the
1936 2984 87 75 feeds
2054 2984 221 75 immediately

1241 3033 64 75 lofe
1319 3033 85 75 their
1420 3033 180 75 faccharine
1624 3033 90 75 tafte,
1740 3033 62 75 and
1825 3033 53 75 are
1902 3033 143 75 changed
2068 3033 68 75 into
2158 3033 113 75 infipiii

1710 3078 20 75 8
1754 3078 29 75 F

2092 3078 9 75 '
2154 3078 121 75 hollow
