2493 3387
583 178 242 75 ARM

1153 178 19 75 (
1230 178 85 75 426
1373 178 18 75 )

1712 178 42 75 A
1813 178 37 75 R
1907 178 44 75 N

255 251 35 75 to
304 251 96 75 adore
416 251 55 75 the
489 251 89 75 Holy
594 251 107 75 Ghofl:
710 251 100 75 pand
825 251 72 75 that
914 251 91 75 Jefus
1024 251 27 75 is
1074 251 58 75 not
1148 251 96 75 equal

256 297 35 75 to
309 297 80 75 God
405 297 55 75 the
476 297 133 75 Father.

213 345 210 75 ARMIRO,
449 345 19 75 a
483 345 88 75 town
588 345 42 75 of
641 345 170 75 European
823 345 131 75 Turky,
979 345 33 75 in
1028 345 56 75 the
1095 345 153 75 province

257 390 217 75 ofThefTaly,
498 390 135 75 fituated
648 390 33 75 in
701 390 40 75 23
741 372 24 49 0
787 390 55 75 3c/
865 390 43 75 E.
927 390 89 75 long.

209 438 257 75 ARMOISIN,
492 438 18 75 a
525 438 58 75 filk
599 438 86 75 (luff,
710 438 37 75 or
772 438 78 75 kind
873 438 40 75 of
930 438 127 75 taffety,
1083 438 162 75 manufac-

255 483 94 75 tured
365 483 33 75 in
415 483 54 75 the
487 483 43 75 E.
549 483 120 75 Indies,
687 483 32 75 at
737 483 112 75 Lyons
862 483 31 75 in
907 483 135 75 France,
1060 483 64 75 and
1135 483 112 75 Lucca

254 530 33 75 in
303 530 98 75 Italy.
450 530 92 75 That
568 530 41 75 of
628 530 56 75 the
711 530 109 75 Indies
848 530 25 75 is
899 530 130 75 flighter
1052 530 78 75 than
1155 530 92 75 thofe

254 577 93 75 made
363 577 32 75 in
412 577 145 75 Euiope,

213 626 279 75 ARMONIAC,
518 626 38 75 or
566 626 235 75 Ammoniac,
822 626 19 75 a
851 626 130 75 volatile
998 626 71 75 fait,
1090 626 41 75 of
1141 626 105 75 which

255 671 91 75 there
363 671 53 75 are
433 671 67 75 two
511 671 106 75 kinds,
632 671 125 75 ancient
775 671 62 75 and
849 671 143 75 modern.
1028 671 76 75 The
1122 671 124 75 ancient

252 718 81 75 fort,
350 718 166 75 defcribed
532 718 44 75 by
592 718 96 75 Pliny
703 718 63 75 and
785 718 223 75 Diofcorides,
1025 718 64 75 was
1107 718 18 75 a
1139 718 106 75 native

254 764 71 75 fait,
336 764 173 75 generated
520 764 33 75 in
564 764 90 75 thofe
663 764 88 75 large
760 764 71 75 inns
843 764 39 75 or
893 764 231 75 caravanferas,
1137 764 108 75 where

254 811 55 75 the
322 811 102 75 croud
440 811 40 75 of
487 811 155 75 pilgrims,
657 811 128 75 coming
798 811 85 75 from
899 811 56 75 the
971 811 118 75 temple
1104 811 41 75 of
1151 811 94 75 Jupi-

251 858 51 75 ter
313 858 155 75 Ammon,
482 858 75 75 ufed
569 858 35 75 to
615 858 117 75 lodge;
753 858 84 75 who,
856 858 31 75 in
906 858 89 75 thofe
1008 858 99 75 parts,
1125 858 118 75 travel-

254 905 55 75 ing
325 905 86 75 upon
427 905 130 75 camels,
582 905 65 75 and
661 905 91 75 thofe
768 905 160 75 creatures
941 905 92 75 when
1051 905 31 75 in
1100 905 142 75 Gyrene,

253 951 19 75 a
292 951 150 75 province
467 951 40 75 of
527 951 125 75 Egypt,
677 951 107 75 where
811 951 72 75 that
910 951 183 75 celebrated
1125 951 119 75 temple

218 998 2 75 .
255 998 104 75 flood,
393 998 127 75 urining
543 998 32 75 in
604 998 56 75 the
686 998 128 75 /tables,
847 998 50 75 or,
921 998 55 75 fay
1003 998 98 75 fome,
1127 998 33 75 in
1188 998 57 75 the

251 1045 141 75 parched
408 1045 106 75 fands,
539 1045 57 75 out
613 1045 40 75 of
664 1045 65 75 this
745 1045 102 75 urine,
873 1045 105 75 which
995 1045 27 75 is
1040 1045 203 75 remarkably

254 1092 119 75 ftrong,
399 1092 88 75 arofe
510 1092 19 75 a
545 1092 78 75 kind
639 1092 42 75 of
698 1092 72 75 fait,
795 1092 227 75 denominated
1048 1092 194 75 fometimes,

251 1138 86 75 from
353 1138 57 75 the
427 1138 131 75 temple.
569 1138 204 75 Ammoniac^
798 1138 62 75 and
876 1138 194 75 fometimes,
1087 1138 84 75 from
1186 1138 58 75 the

253 1184 148 75 country,
427 1184 167 75 Cyreniac.
645 1184 95 75 Since
764 1184 56 75 the
844 1184 149 75 ceflation
1012 1184 41 75 of
1070 1184 87 75 thefe
1183 1184 58 75 pil-

252 1232 170 75 grimages,
441 1232 42 75 no
496 1232 88 75 more
596 1232 41 75 of
651 1232 64 75 this
733 1232 58 75 fait
808 1232 26 75 is
851 1232 163 75 produced
1030 1232 114 75 there;
1164 1232 76 75 and,

251 1278 84 75 Rom
352 1278 65 75 this
433 1278 186 75 deficiency,
644 1278 86 75 fome
747 1278 119 75 fufpeiSt
882 1278 93 75 there
992 1278 65 75 was
1070 1278 97 75 never
1179 1278 63 75 any

253 1325 75 75 fuch
345 1325 113 75 thing:
478 1325 67 75 But
561 1325 65 75 this
640 1325 153 75 fufpicion
806 1325 26 75 is
845 1325 164 75 removed,
1027 1325 43 75 by
1082 1325 55 75 the
1152 1325 90 75 large

254 1371 173 75 quantities
440 1371 41 75 of
492 1371 18 75 a
527 1371 71 75 fait,
623 1371 111 75 nearly
745 1371 40 75 of
797 1371 55 75 the
869 1371 82 75 fame
964 1371 124 75 nature,
1113 1371 128 75 thrown

252 1418 58 75 out
328 1418 43 75 by
387 1418 111 75 mount
515 1418 116 75 ./Etna.
678 1418 76 75 The
772 1418 178 75 charaflers
978 1418 42 75 of
1036 1418 55 75 the
1116 1418 126 75 ancient

251 1465 44 75 fal
313 1465 160 75 armoniac
497 1465 66 75 are,
582 1465 70 75 that
668 1465 27 75 it
707 1465 91 75 cools
815 1465 112 75 water,
945 1465 90 75 turns
1052 1465 84 75 aqua
1147 1465 96 75 fortis

250 1512 70 75 into
337 1512 85 75 aqua
438 1512 99 75 regia,
563 1512 62 75 and
641 1512 228 75 confequently
885 1512 147 75 diffolves
1049 1512 90 75 gold.

299 1560 76 75 The
392 1560 132 75 modern
551 1560 43 75 fal
615 1560 159 75 armoniac
789 1560 27 75 is
833 1560 136 75 entirely
981 1560 171 75 fadlitious,
1177 1560 65 75 and

249 1605 94 75 made
358 1605 32 75 in
407 1605 132 75 Egypt;
566 1605 107 75 where
688 1605 119 75 feveral
823 1605 214 75 long^necked
1060 1605 83 75 glafs
1167 1605 73 75 bot-

250 1653 76 75 tles,
350 1653 95 75 being
472 1653 88 75 filled
586 1653 81 75 with
694 1653 82 75 foot,
803 1653 19 75 a
842 1653 83 75 little
941 1653 139 75 fea-falt,
1106 1653 60 75 and
1184 1653 58 75 the

250 1699 92 75 urine
358 1699 39 75 of
408 1699 111 75 cattle,
544 1699 63 75 and
622 1699 118 75 having
767 1699 84 75 their
879 1699 112 75 mouth
1016 1699 91 75 luted
1123 1699 79 75 with
1223 1699 19 75 a

248 1745 91 75 piece
357 1745 41 75 of
409 1745 63 75 wet
487 1745 126 75 cotton,
638 1745 54 75 are
709 1745 112 75 placed
842 1745 77 75 over
943 1745 39 75 an
1007 1745 81 75 oven
1108 1745 38 75 or
1171 1745 69 75 fur-

250 1792 89 75 nace,
364 1792 167 75 contrived
557 1792 51 75 for
637 1792 55 75 the
721 1792 145 75 purpofe,
891 1792 32 75 in
952 1792 18 75 a
999 1792 89 75 thick
1116 1792 62 75 bed
1205 1792 42 75 of

250 1838 100 75 afhes,
368 1838 135 75 nothing
519 1838 57 75 but
592 1838 57 75 the
666 1838 96 75 necks
780 1838 184 75 appearing,
982 1838 62 75 and
1059 1838 77 75 kept
1148 1838 94 75 there

250 1884 67 75 two
341 1884 78 75 days
444 1884 64 75 and
528 1884 18 75 a
568 1884 105 75 night,
698 1884 79 75 with
806 1884 19 75 a
851 1884 160 75 continual
1035 1884 106 75 ftrong
1167 1884 71 75 fire.

249 1931 79 75 The
351 1931 95 75 fleam
467 1931 103 75 fwells
587 1931 43 75 up
652 1931 56 75 the
726 1931 123 75 cotton,
875 1931 62 75 and
954 1931 101 75 forms
1071 1931 18 75 a
1104 1931 85 75 pafte
1206 1931 33 75 at

250 1978 56 75 the
321 1978 180 75 vent-hole,
526 1978 169 75 hindering
718 1978 56 75 the
797 1978 76 75 falts
897 1978 85 75 from
1006 1978 206 75 evaporating
1226 1978 10 75 ;

249 2025 119 75 which,
393 2025 96 75 being
506 2025 157 75 confined,
688 2025 79 75 flick
790 2025 36 75 to
841 2025 56 75 the
913 2025 56 75 top
986 2025 41 75 of
1049 2025 55 75 the
1120 2025 115 75 bottle,

251 2071 63 75 and
341 2071 66 75 are,
433 2071 85 75 upon
543 2071 152 75 breaking
721 2071 39 75 it,
786 2071 95 75 taken
906 2071 57 75 out
986 2071 33 75 in
1042 2071 91 75 thofe
1149 2071 90 75 large

250 2119 108 75 cakes,
383 2119 103 75 which
504 2119 78 75 they
598 2119 78 75 fend
691 2119 36 75 to
742 2119 163 75 England.
964 2119 92 75 Only
1081 2119 71 75 foot
1179 2119 60 75 ex-

250 2165 97 75 haled
365 2165 83 75 from
466 2165 100 75 dung,
590 2165 27 75 is
635 2165 55 75 the
705 2165 116 75 proper
837 2165 180 75 ingredient
1033 2165 31 75 in
1082 2165 65 75 this
1167 2165 72 75 pre-

249 2211 144 75 paration
407 2211 10 75 ;
445 2211 62 75 and
519 2211 55 75 the
591 2211 87 75 dung
695 2211 39 75 of
745 2211 117 75 camels
879 2211 120 75 affords
1015 2211 56 75 the
1087 2211 156 75 ftrongeft

250 2257 63 75 and
330 2257 78 75 beft.
452 2257 61 75 See
530 2257 249 75 Chemistr.y.

202 2305 283 75 ARMORIAL,
505 2305 179 75 fomething
700 2305 139 75 relating
859 2305 36 75 to
917 2305 97 75 arms,
1039 2305 37 75 or
1093 2305 87 75 coats
1203 2305 44 75 of

253 2351 95 75 arms.
400 2351 61 75 See
477 2351 128 75 Arms.

202 2397 224 75 ARMORY,
453 2397 17 75 a
486 2397 183 75 warehoufe
685 2397 43 75 of
743 2397 109 75 arms,,
865 2397 39 75 or
920 2397 124 75 a.place
1058 2397 109 75 where
1182 2397 59 75 the

254 2444 141 75 military
410 2444 54 75 hal
475 2444 137 75 iliments
630 2444 54 75 are
703 2444 90 75 kept,
817 2444 37 75 to
873 2444 39 75 be
929 2444 99 75 ready
1044 2444 53 75 for
1115 2444 66 75 ufe.

205 2491 182 75 Armory,
396 2491 26 75 is
436 2491 64 75 alfo
517 2491 19 75 a
551 2491 121 75 branch
683 2491 40 75 of
734 2491 54 75 the
800 2491 120 75 fcience
932 2491 39 75 of
978 2491 164 75 heraldry,
1160 2491 77 75 con-

251 2537 102 75 fiding
369 2537 33 75 in
419 2537 55 75 the
490 2537 190 75 knowledge
697 2537 40 75 of
758 2537 89 75 coats
864 2537 41 75 of
928 2537 95 75 arms,
1050 2537 34 75 as
1100 2537 35 75 to
1151 2537 87 75 their

251 2583 132 75 blazons
401 2583 60 75 and
480 2583 125 75 various
622 2583 228 75 intendments.
899 2583 62 75 See
977 2583 233 75 Heraldry.

202 2630 216 75 ARMOUR
434 2630 132 75 denotes
583 2630 77 75 fuch
673 2630 232 75 habiliments*-,
913 2630 34 75 as
964 2630 88 75 ferve
1068 2630 35 75 to
1118 2630 119 75 defend

250 2678 54 75 the
321 2678 88 75 body
424 2678 85 75 from
529 2678 147 75 wounds,
701 2678 168 75 efpecially
893 2678 40 75 of
955 2678 105 75 darts,
1082 2678 20 75 a
1117 2678 118 75 fword,

249 2724 20 75 a
293 2724 105 75 lance,
423 2724 66 75 &c.
537 2724 33 75 A
599 2724 157 75 complete
784 2724 61 75 fuit
868 2724 41 75 of
928 2724 130 75 armour
1082 2724 155 75 formerly

248 2771 153 75 confifted
427 2771 40 75 of
486 2771 20 75 a
527 2771 132 75 helmet,
686 2771 18 75 a
727 2771 111 75 fhield,
864 2771 18 75 a
904 2771 143 75 cuirafle,
1073 2771 20 75 a
1113 2771 71 75 coat
1201 2771 41 75 of

251 2817 88 75 mail,
364 2817 20 75 a
406 2817 136 75 gantlet*
568 2817 64 75 &c.
658 2817 42 75 all
717 2817 74 75 now
807 2817 64 75 laid
888 2817 94 75 afide.

203 2863 293 75 ARMOURER,
522 2863 18 75 a
564 2863 114 75 perfon
700 2863 75 75 who
799 2863 108 75 makes
932 2863 39 75 or
994 2863 89 75 deals
1102 2863 33 75 in
1151 2863 84 75 arms

252 2910 62 75 and
330 2910 140 75 armour.
512 2910 12 75 "

204 2957 134 75 ARMS
364 2957 42 75 of
422 2957 152 75 eourteJ)i
600 2957 36 75 or
659 2957 137 75 parade,
822 2957 84 75 were
931 2957 105 75 lances
1062 2957 57 75 not
1143 2957 90 75 Ihod,

251 3001 120 75 {words
395 3001 139 75 without
557 3001 80 75 edge
660 3001 38 75 or
722 3001 101 75 point,
849 3001 66 75 eirc.
940 3001 76 75 ufed
1040 3001 33 75 in
1097 3001 57 75 the
1177 3001 57 75 an-

251 3053 86 75 cient
351 3053 229 75 tournaments.
631 3053 62 75 See
704 3053 291 75 Tournament,

1299 254 82 75 Pafs
1405 254 43 75 of
1454 254 131 75 Arms,
1612 254 19 75 a
1647 254 78 75 kind
1741 254 40 75 of
1800 254 141 75 combat,
1966 254 94 75 when
2082 254 161 75 anciently
2264 254 66 75 two

1344 299 38 75 or
1397 299 89 75 more
1502 299 155 75 cavaliers
1675 299 181 75 undertook
1880 299 36 75 to
1941 299 120 75 defend
2087 299 18 75 a
2121 299 69 75 pafs
2215 299 118 75 againft

1344 346 43 75 all
1404 346 137 75 attacks.

1297 393 111 75 Arms
1430 393 42 75 of
1478 393 170 75 armories,
1673 393 32 75 in
1723 393 165 75 heraldry,
1913 393 107 75 marks
2039 393 40 75 of
2095 393 126 75 honour
2233 393 100 75 borne

1343 440 85 75 upon
1447 440 129 75 fhields,
1600 440 149 75 banners,
1778 440 63 75 and
1866 440 101 75 coats,
1991 440 34 75 in
2052 440 95 75 order
2172 440 35 75 to
2223 440 109 75 diftin-

1344 488 84 75 guifti
1443 488 106 75 ftates,
1575 488 149 75 families,
1750 488 62 75 and
1828 488 139 75 perfons.
2019 488 61 75 See
2098 488 232 75 Heraldry.

1296 533 150 75 Charged
1458 533 125 75 Arms,
1610 533 52 75 are
1678 533 77 75 fuch
1780 533 34 75 as
1839 533 101 75 retain
1957 533 85 75 their
2058 533 126 75 ancient
2200 533 132 75 integri-

1343 579 49 75 ty,
1418 579 77 75 with
1515 579 57 75 the
1595 579 144 75 addition
1764 579 41 75 of
1827 579 85 75 fome
1936 579 72 75 new
2023 579 199 75 honourable
2239 579 92 75 bear-

1342 626 66 75 ing.

1295 674 155 75 Canting,
1476 674 37 75 or
1529 674 97 75 vocal
1639 674 126 75 Arms,
1791 674 90 75 thofe
1898 674 32 75 in
1946 674 106 75 which
2068 674 92 75 there
2176 674 53 75 are
2245 674 87 75 fome

1341 720 116 75 figures
1474 720 144 75 alluding
1637 720 35 75 to
1688 720 55 75 the
1761 720 90 75 name
1869 720 40 75 of
1920 720 56 75 the
1992 720 126 75 family.

1294 767 91 75 Full,
1410 767 38 75 or
1467 767 108 75 entire
1599 767 127 75 Arms,
1751 767 76 75 fuch
1845 767 36 75 as
1904 767 55 75 are
1980 767 58 75 not
2062 767 220 75 conformable
2296 767 38 75 to

1344 814 54 75 the
1418 814 84 75 rules
1520 814 41 75 of
1571 814 164 75 heraldry.

1293 860 125 75 Arms,
1443 860 32 75 in
1495 860 158 75 falconry,
1679 860 54 75 the
1752 860 69 75 legs
1843 860 41 75 of
1903 860 19 75 a
1943 860 98 75 hawk
2063 860 86 75 from
2164 860 55 75 the
2236 860 95 75 thigh

1341 906 36 75 to
1398 906 56 75 the
1474 906 83 75 foot.

1292 955 298 75 ARMUYDEN,
1615 955 19 75 a
1649 955 142 75 fea-port
1806 955 87 75 town
1921 955 41 75 of
1980 955 56 75 the
2062 955 98 75 illand
2188 955 41 75 of
2253 955 80 75 Zet-

1339 1000 88 75 land,
1452 1000 135 75 fituated
1605 1000 30 75 at
1653 1000 56 75 the
1725 1000 113 75 mouth
1863 1000 41 75 of
1926 1000 57 75 the
2007 1000 90 75 canal
2121 1000 40 75 of
2181 1000 150 75 Middle-

1338 1047 94 75 burg,
1457 1047 33 75 in
1515 1047 20 75 2
1535 1029 23 49 0
1580 1047 41 75 35
1621 1029 13 49 /
1651 1047 44 75 E.
1713 1047 89 75 long,
1828 1047 64 75 and
1911 1047 38 75 51
1949 1029 27 49 0
1997 1047 55 75 30'
2068 1047 48 75 N.
2134 1047 58 75 lat.

1293 1093 154 75 ARMY,
1472 1093 19 75 a
1506 1093 90 75 large
1612 1093 133 75 number
1762 1093 39 75 of
1820 1093 146 75 foldiers,
1992 1093 164 75 confiding
2174 1093 40 75 of
2234 1093 99 75 horfe

1339 1139 63 75 and
1418 1139 82 75 foot,
1526 1139 194 75 completely
1734 1139 120 75 armed,
1881 1139 61 75 and
1964 1139 155 75 provided
2136 1139 76 75 with
2239 1139 90 75 artil-

1335 1186 85 75 lery,
1452 1186 221 75 ammunition,
1710 1186 187 75 provifions,
1928 1186 56 75 <bc
2032 1186 104 75 under
2160 1186 55 75 the
2240 1186 92 75 com-

1337 1232 96 75 mand
1449 1232 42 75 of
1502 1232 61 75 one
1579 1232 141 75 general,
1746 1232 117 75 having
1884 1232 348 75 lieutenant-generals,
2260 1232 67 75 ma-

1334 1279 231 75 jor-generals,
1591 1279 190 75 brigadiers,
1806 1279 61 75 and
1880 1279 95 75 other
1991 1279 128 75 officers
2134 1279 100 75 under
2246 1279 81 75 him.

1338 1325 56 75 An
1408 1325 89 75 army
1509 1325 27 75 is
1549 1325 168 75 compofed
1730 1325 40 75 of
1781 1325 176 75 fquadrons
1974 1325 63 75 and
2054 1325 185 75 battalions,
2264 1325 65 75 and

1338 1372 26 75 is
1389 1372 124 75 ufually
1534 1372 130 75 divided
1686 1372 70 75 into
1778 1372 91 75 three
1893 1372 107 75 corps,
2028 1372 62 75 and
2115 1372 127 75 formed
2256 1372 71 75 into

1338 1419 91 75 three
1445 1419 80 75 lines
1540 1419 10 75 ;
1581 1419 55 75 the
1653 1419 64 75 firft
1734 1419 64 75 line
1814 1419 28 75 is
1859 1419 104 75 called
1979 1419 55 75 the
2051 1419 190 75 van-guard,
2268 1419 57 75 the

1337 1466 116 75 fecond
1471 1466 54 75 the
1543 1466 84 75 main
1652 1466 100 75 body,
1778 1466 60 75 and
1864 1466 56 75 the
1944 1466 90 75 third
2051 1466 54 75 the
2122 1466 202 75 rear-guard,

1338 1512 37 75 or
1392 1512 87 75 body
1495 1512 42 75 of
1547 1512 136 75 referve.
1733 1512 75 75 The
1823 1512 123 75 middle
1968 1512 41 75 of
2025 1512 79 75 each
2128 1512 65 75 line
2209 1512 27 75 is
2253 1512 73 75 pof-

1338 1559 97 75 fefied
1451 1559 44 75 by
1500 1559 68 75 "the
1585 1559 92 75 foot;
1705 1559 55 75 the
1776 1559 127 75 cavalry
1915 1559 84 75 form
2012 1559 57 75 the
2082 1559 86 75 right
2184 1559 62 75 and
2264 1559 61 75 left

1337 1605 86 75 wing
1447 1605 40 75 of
1505 1605 78 75 each
1607 1605 64 75 line
1686 1605 11 75 ;
1732 1605 63 75 and
1817 1605 179 75 fometimes
2018 1605 80 75 they
2119 1605 88 75 place
2231 1605 95 75 fqua-

1338 1652 97 75 drons
1453 1652 40 75 of
1509 1652 92 75 horfe
1617 1652 32 75 in
1667 1652 55 75 the
1738 1652 151 75 intervals
1906 1652 143 75 between
2065 1652 55 75 the
2137 1652 186 75 battalions.

1337 1699 112 75 When
1469 1699 56 75 the
1548 1699 91 75 army
1654 1699 26 75 is
1703 1699 109 75 drawn
1833 1699 44 75 up
1899 1699 32 75 ih
1954 1699 96 75 order
2072 1699 40 75 of
2129 1699 113 75 battle,
2268 1699 56 75 the

1337 1746 92 75 horfe
1446 1746 53 75 are
1516 1746 111 75 placed
1643 1746 33 75 at
1698 1746 61 75 five
1783 1746 67 75 feet
1866 1746 137 75 diftance
2019 1746 83 75 from
2120 1746 76 75 eafch
2214 1746 109 75 other,

1336 1792 61 75 and
1415 1792 55 75 the
1487 1792 70 75 foot
1574 1792 33 75 at
1623 1792 103 75 three.
1776 1792 39 75 In
1835 1792 78 75 each
1929 1792 64 75 line
2010 1792 54 75 the
2080 1792 172 75 battalions
2269 1792 53 75 are

1336 1839 116 75 diftant
1467 1839 85 75 from
1569 1839 78 75 each
1664 1839 95 75 other
1774 1839 60 75 one
1858 1839 145 75 hundred
2028 1839 62 75 and
2113 1839 113 75 eighty
2243 1839 79 75 feet,

1336 1885 106 75 which
1467 1885 26 75 is
1516 1885 110 75 nearly
1642 1885 96 75 equal
1762 1885 36 75 to
1820 1885 57 75 the
1901 1885 114 75 extent
2037 1885 40 75 of
2096 1885 85 75 their
2205 1885 114 75 front;

1337 1931 62 75 and
1416 1931 55 75 the
1487 1931 83 75 fame
1587 1931 94 75 holds
1698 1931 40 75 of
1749 1931 56 75 the
1822 1931 187 75 fquadrons,
2035 1931 105 75 which
2154 1931 53 75 are
2223 1931 101 75 about

1336 1978 92 75 three
1452 1978 147 75 hundred
1622 1978 68 75 feet
1714 1978 128 75 diftant,
1873 1978 56 75 the
1951 1978 113 75 extent
2088 1978 41 75 of
2147 1978 84 75 their
2247 1978 74 75 own

1336 2024 101 75 front.
1483 2024 110 75 Thefe
1609 2024 151 75 intervals
1778 2024 53 75 are
1846 2024 60 75 left
1922 2024 52 75 for
1993 2024 55 75 the
2063 2024 177 75 fquadrons
2258 2024 62 75 and

1336 2071 172 75 battalions
1525 2071 41 75 of
1584 2071 55 75 the
1662 2071 117 75 fecond
1803 2071 64 75 line
1891 2071 36 75 to
1951 2071 96 75 range
2071 2071 189 75 themfelves
2285 2071 35 75 a-

1335 2117 100 75 gainft
1458 2117 57 75 the
1537 2117 153 75 intervals
1711 2117 42 75 of
1770 2117 54 75 the
1841 2117 77 75 firft,
1944 2117 69 75 that
2041 2117 79 75 both
2138 2117 74 75 may
2230 2117 91 75 more

1335 2164 124 75 readily
1475 2164 108 75 march
1600 2164 141 75 through
1759 2164 87 75 thefe
1862 2164 106 75 fpaces
1981 2164 36 75 to
2032 2164 55 75 the
2099 2164 133 75 enemy:
2262 2164 59 75 the

1335 2211 64 75 firft
1416 2211 62 75 line
1495 2211 27 75 is
1539 2211 123 75 ufually
1679 2211 90 75 three
1785 2211 147 75 hundred
1949 2211 65 75 feet
2030 2211 115 75 diftant
2163 2211 84 75 from
2263 2211 57 75 the

1334 2258 128 75 fecond,
1482 2258 60 75 and
1560 2258 55 75 the
1626 2258 115 75 fecond
1753 2258 84 75 from
1853 2258 56 75 the
1925 2258 102 75 third*
2055 2258 71 75 that
2137 2258 92 75 there
2244 2258 77 75 may

1335 2306 39 75 be
1397 2306 154 75 fufficient
1575 2306 90 75 room
1682 2306 35 75 to
1733 2306 95 75 rally,
1853 2306 36 75 w'
1889 2306 58 75 hen
1973 2306 56 75 the
2053 2306 174 75 fquadrons
2256 2306 64 75 and

1334 2352 172 75 battalions
1523 2352 54 75 are
1592 2352 136 75 broken.

1382 2399 85 75 This
1484 2399 29 75 is
1528 2399 37 75 to
1588 2399 39 75 be
1643 2399 191 75 underftood
1850 2399 41 75 of
1909 2399 19 75 a
1949 2399 76 75 land
2040 2399 91 75 army
2146 2399 89 75 only.
2284 2399 35 75 A

1335 2445 105 75 naval,
1466 2445 38 75 or
1527 2445 51 75 fea
1601 2445 100 75 army,
1724 2445 26 75 is
1772 2445 18 75 a
1814 2445 134 75 number
1965 2445 42 75 of
2024 2445 82 75 ffiips
2126 2445 40 75 of
2182 2445 77 75 war,
2284 2445 34 75 e-

1333 2492 140 75 quipped
1490 2492 61 75 and
1567 2492 137 75 manned
1719 2492 80 75 with
1816 2492 110 75 failors
1945 2492 62 75 and
2023 2492 165 75 mariners,
2218 2492 101 75 under

1333 2539 55 75 the
1410 2539 167 75 command
1595 2539 39 75 of
1654 2539 39 75 an
1711 2539 148 75 admiral,
1884 2539 81 75 with
1982 2539 95 75 other
2096 2539 134 75 inferior
2246 2539 73 75 offi-

1333 2584 68 75 cers
1419 2584 99 75 under
1535 2584 79 75 him.
1665 2584 61 75 See
1738 2584 128 75 Navy.

1284 2631 385 75 ARNAY-LE-DUC,
1695 2631 18 75 a
1729 2631 86 75 town
1832 2631 42 75 of
1883 2631 179 75 Burgundy
2072 2631 32 75 in
2120 2631 135 75 France,
2279 2631 38 75 fi-

1332 2679 111 75 tuated
1460 2679 43 75 on
1526 2679 57 75 the
1607 2679 85 75 river
1714 2679 148 75 Arroux,
1887 2679 36 75 in
1940 2679 22 75 4
1962 2661 22 49 0
2002 2679 45 75 E.
2064 2679 88 75 long,
2182 2679 62 75 and
2261 2679 57 75 47'

1332 2726 47 75 N.
1398 2726 57 75 lat.

1285 2772 246 75 ARNHEIM,
1558 2772 17 75 a
1587 2772 88 75 large
1691 2772 66 75 city
1769 2772 39 75 of
1820 2772 235 75 Guelderland,
2079 2772 32 75 in
2124 2772 55 75 the
2190 2772 128 75 United

1332 2818 235 75 Netherlands,
1596 2818 136 75 fituated
1757 2818 41 75 on
1822 2818 56 75 the
1902 2818 84 75 river
2011 2818 102 75 Lech,
2149 2818 96 75 about
2274 2818 44 75 10

1332 2866 91 75 miles
1448 2866 95 75 north
1564 2866 39 75 of
1622 2866 194 75 Nhneguen,
1849 2866 34 75 in
1908 2866 19 75 5
1927 2848 24 49 0
1980 2866 54 75 5c/
2058 2866 42 75 E.
2128 2866 89 75 long,
2253 2866 64 75 and

1336 2913 39 75 52
1419 2913 47 75 N.
1484 2913 60 75 lat.

1285 2958 202 75 ARNICA,
1512 2958 32 75 in
1568 2958 133 75 botany,
1726 2958 19 75 a
1767 2958 98 75 genus
1882 2958 41 75 of
1938 2958 56 75 the
2018 2958 177 75 fyngenefia
2222 2958 92 75 poly-

1333 3004 103 75 gamia
1453 3004 154 75 fuperflua
1624 3004 88 75 clafs.
1763 3004 78 75 The
1857 3004 176 75 receptacle
2046 3004 38 75 of
2098 3004 54 75 the
2170 3004 104 75 arnica
2286 3004 26 75 is

1333 3058 107 75 naked
1449 3058 12 75 j
1487 3058 27 75 it
1532 3058 59 75 Las
1607 3058 20 75 a
1641 3058 107 75 fimple
1763 3058 146 75 pappus;
1938 3058 64 75 and
2018 3058 58 75 the
2088 3058 155 75 filaments
2260 3058 54 75 are

2237 3094 90 75 five,.,
