2483 3387
189 154 80 75 $$$

464 154 15 75 ^

637 154 42 75 A
757 154 36 75 R
871 154 17 75 I
967 154 40 75 T
1098 154 47 75 H
1217 154 35 75 l'

234 221 50 75 Or
307 221 50 75 we
378 221 75 75 may
477 221 149 75 conceive
651 221 55 75 the
731 221 221 75 denominator
979 221 40 75 of
1042 221 19 75 a
1088 221 134 75 decimal

187 270 35 75 to
245 270 40 75 be
313 270 126 75 formed
460 270 43 75 by
527 270 54 75 the
606 270 164 75 continual
793 270 312 75 multiplication-of
1132 270 92 75 unity

189 315 68 75 into
289 315 54 75 10,
369 315 33 75 as
435 315 90 75 often
553 315 33 75 as
615 315 91 75 there
732 315 54 75 are
811 315 125 75 ciphers
965 315 33 75 in
1015 315 38 75 it.
1113 315 109 75 Thus,

195 356 12 75 i
223 356 29 75 X
267 356 39 75 io
316 356 35 75 —
365 356 52 75 to,
436 356 64 75 and
516 356 184 75 iXioXto
707 356 36 75 —
749 356 75 75 ioo,
842 356 62 75 and
923 356 55 75 rX
993 356 80 75 10X
1090 356 78 75 iaX
1184 356 40 75 10

190 407 35 75 —
238 407 100 75 xooo,
356 407 65 75 &c.
472 407 77 75 And
559 407 133 75 becaufe
709 407 55 75 the
781 407 151 75 fraflions
949 407 60 75 -j%,
1009 439 33 49 T
1042 407 24 75 %
1066 389 10 49 9

1076 439 9 49 0
1085 407 18 75 -,

191 455 63 75 fee.
280 455 80 75 have
388 455 62 75 the:
480 455 123 75 highefl:
634 455 198 75 numerators
860 455 142 75 poffible,
1024 455 28 75 it
1077 455 25 75 is
1127 455 96 75 plain,

191 500 69 75 tliat
278 500 54 75 the
356 500 134 75 number
505 500 40 75 of
556 500 115 75 figures
688 500 37 75 or
748 500 153 75 placesdn
918 500 55 75 the
992 500 182 75 numerator
1190 500 40 75 of

193 548 16 75 a
221 548 135 75 decimal
376 548 57 75 can
450 548 96 75 never
563 548 121 75 exceed
701 548 54 75 the
775 548 132 75 number
927 548 39 75 of
978 548 125 75 ciphers
1120 548 35 75 in
1171 548 55 75 the

193 590 231 75 denominator.

240 637 31 75 It
287 637 32 75 if
333 637 85 75 ufual
436 637 35 75 to
486 637 92 75 write
594 637 96 75 down
706 637 78 75 only
800 637 55 75 the
868 637 190 75 numerator
1072 637 41 75 of
1131 637 20 75 a
1169 637 56 75 de-

194 680 6 75 l
211 680 74 75 irtral
312 680 147 75 fradhon^
482 680 152 75 omitting
660 680 54 75 the
741 680 224 75 denominator
986 680 11 75 •
1042 680 64 75 and
1132 680 95 75 when

194 733 54 75 the
265 733 181 75 nhfner^tor
462 733 57 75 has
537 733 54 75 the
608 733 83 75 lame
707 733 133 75 nijmber
856 733 40 75 of
914 733 116 75 figures
1055 733 38 75 or
1120 733 105 75 places

195 778 32 75 as
250 778 56 75 the
333 778 221 75 denominator
569 778 56 75 has
643 778 138 75 ciphers,
806 778 26 75 it
859 778 28 75 is
915 778 83 75 dope
1025 778 45 75 by
1097 778 130 75 writing

194 824 93 75 dbwn
305 824 55 75 the
376 824 115 75 figures
509 824 39 75 of
559 824 264 75 the-numerator,
842 824 64 75 and
915 824 159 75 prefixing
1090 824 19 75 a
1125 824 100 75 point,

195 871 34 75 to
245 871 179 75 difiingui/h
437 871 89 75 them
543 871 83 75 from
643 871 17 75 a
673 871 105 75 whole
794 871 145 75 number.
974 871 47 75 So
1099 871 27 75 is
1139 871 88 75 writ-

194 916 53 75 ten
263 916 87 75 thus,
378 916 58 75 .7;
465 916 61 75 and
631 916 29 75 is
674 916 127 75 written
819 916 86 75 thus,
933 916 71 75 .2j.
1044 916 78 75 The
1138 916 90 75 point

195 963 73 75 thus
285 963 142 75 prefixed
444 963 27 75 is
488 963 104 75 caHed
608 963 54 75 the
684 963 140 75 decimal
832 963 106 75 point.

240 1010 67 75 But
322 1010 93 75 when
432 1010 56 75 the
510 1010 184 75 numerator
709 1010 131 75 has-not
864 1010 33 75 lb
926 1010 98 75 many
1046 1010 127 75 figures-
1190 1010 41 75 or

198 1057 106 75 places
322 1057 33 75 as
376 1057 91 75 there
484 1057 53 75 are
554 1057 124 75 ciphers
706 1057 33 75 ip
765 1057 54 75 the
840 1057 234 75 denominator,
1099 1057 56 75 the
1171 1057 57 75 de-

197 1103 62 75 fed
284 1103 27 75 is
339 1103 144 75 fupplied
505 1103 45 75 by
577 1103 157 75 prefixing
758 1103 19 75 a
803 1103 108 75 cipher
930 1103 52 75 for
1004 1103 100 75 every,
1129 1103 100 75 figure

195 1151 153 75 wasting,
373 1151 62 75 and
451 1151 77 75 then
543 1151 127 75 placing
687 1151 54 75 the
763 1151 137 75 decimal
924 1151 90 75 point
1030 1151 41 75 on
1087 1151 56 75 the
1155 1151 72 75 left.

198 1198 45 75 So
262 1230 71 49 T^g
349 1198 25 75 is
393 1198 127 75 written
536 1198 87 75 thus,
646 1198 78 75 .03;
760 1198 68 75 and'

982 1198 88 75 thus,
1097 1198 102 75 .0075
1216 1198 11 75 ;

196 1238 62 75 and

407 1238 88 75 thus,
523 1238 132 75 .0005.,

245 1288 96 75 From
358 1288 63 75 this
439 1288 131 75 manner
586 1288 40 75 of
649 1288 157 75 notation,
832 1288 26 75 it
882 1288 27 75 is
938 1288 73 75 eafy
1040 1288 34 75 to
1104 1288 78 75 read
1211 1288 19 75 a

198 1334 147 75 decimal,
371 1334 37 75 or
433 1334 34 75 to
492 1334 96 75 know
612 1334 41 75 its
676 1334 247 75 denominator,,
941 1334 69 75 viz.
1042 1334 136 75 imagine
1211 1334 13 75 1

198 1383 33 75 to
250 1383 88 75 (land
365 1383 101 75 under
493 1383 56 75 the
575 1383 135 75 decimal
740 1383 101 75 point,
866 1383 62 75 and
956 1383 18 75 a
1002 1383 108 75 cipher
1128 1383 101 75 under

197 1426 95 75 every
303 1426 147 75 .decimal
468 1426 100 75 place.
618 1426 107 75 Thus,
754 1426 34 75 .9
806 1426 26 75 is
849 1458 25 49 T
874 1426 9 75 ®
901 1426 9 75 ,
936 1426 62 75 and
1017 1426 56 75 .48
1098 1426 25 75 is

197 1475 62 75 and
285 1475 54 75 .05
374 1475 26 75 is

542 1475 63 75 and
634 1475 80 75 .007
746 1475 29 75 is
808 1475 105 75 y-ggg,
945 1475 63 75 and
1040 1475 129 75 .00036
1201 1475 27 75 is

252 1506 8 75 ;
271 1506 40 75 Sp
341 1506 9 75 -

243 1566 111 75 Hence
378 1566 25 75 it
431 1566 26 75 is
486 1566 97 75 plain,
608 1566 71 75 that
706 1566 164 75 decimals,
896 1566 64 75 like
983 1566 151 75 integers,
1171 1566 56 75 de-

198 1606 103 75 creafe
318 1606 84 75 from
417 1606 57 75 the
490 1606 61 75 left
567 1606 35 75 to
619 1606 61 75 the
692 1606 97 75 right,
816 1606 63 75 and
904 1606 137 75 increafe
1065 1606 85 75 from
1173 1606 63 75 the'

198 1660 86 75 right
301 1660 35 75 to
353 1660 54 75 the
423 1660 73 75 left,
521 1660 32 75 in
570 1660 19 75 a
604 1660 133 75 decuple
762 1660 199 75 proportion.
1009 1660 54 75 On
1081 1660 55 75 the
1153 1660 75 75 con-

198 1707 101 75 trary,
324 1707 61 75 any
401 1707 133 75 decimal
563 1707 113 75 figure,
701 1707 44 75 by
773 1707 94 75 being
895 1707 151 75 removed
1062 1707 61 75 one
1139 1707 95 75 place,

198 1752 120 75 toward
337 1752 56 75 the
409 1752 72 75 left,
506 1752 146 75 becomes
669 1752 52 75 ten
739 1752 93 75 times
849 1752 138 75 greater.

245 1800 54 75 An
322 1800 135 75 integer,
481 1800 45 75 by
549 1800 160 75 annexing
735 1800 138 75 ciphers,
898 1800 27 75 is
943 1800 100 75 raifed
1060 1800 35 75 to
1113 1800 115 75 higher

197 1847 105 75 places
319 1847 42 75 op
377 1847 54 75 the
447 1847 74 75 left,
545 1847 63 75 and
630 1847 74 75 may
720 1847 43 75 by
780 1847 63 75 this
860 1847 106 75 means
982 1847 80 75 have
1078 1847 42 75 its
1136 1847 93 75 value

199 1889 163 75 ir.creafed
378 1889 36 75 to
430 1889 137 75 infinity.
617 1889 54 75 On
700 1889 56 75 the
783 1889 93 75 other
902 1889 98 75 hand,
1037 1889 19 75 a
1081 1889 149 75 decimal,

199 1940 43 75 by
258 1940 157 75 prefixing
431 1940 137 75 ciphers,
593 1940 26 75 is
637 1940 162 75 depreffed
824 1940 34 75 to
881 1940 99 75 lower
994 1940 106 75 places
1116 1940 40 75 on
1174 1940 55 75 the

199 1984 98 75 right,
322 1984 62 75 and
399 1984 73 75 may
488 1984 44 75 by
549 1984 63 75 this
629 1984 107 75 means
753 1984 81 75 have
856 1984 42 75 its
926 1984 92 75 value
1045 1984 186 75 diminiftied

200 2033 34 75 to
250 2033 138 75 infinity.

246 2075 137 75 Ciphers
406 2075 146 75 annexed
578 2075 36 75 to
642 2075 152 75 decimals
818 2075 43 75 do
885 2075 58 75 not
967 2075 121 75 change
1104 2075 56 75 the
1176 2075 53 75 va-

201 2126 52 75 lue
270 2126 39 75 of
321 2126 56 75 the
395 2126 165 75 decimals.
606 2126 109 75 Thus,
743 2126 142 75 .50=5,
911 2126 62 75 and
996 2126 165 75 .500=5,
1179 2126 53 75 for

203 2171 101 75 .50=
315 2171 171 75 ^=^
494 2171 36 75 =
538 2171 52 75 .5;
617 2171 61 75 and
696 2203 18 49 T
714 2171 80 75 4|?°
804 2171 36 75 =
848 2171 154 75 ^=.5.

249 2211 166 75 Decimals
432 2211 74 75 may
520 2211 39 75 be
577 2211 143 75 refolved
735 2211 68 75 into
819 2211 190 75 conftituent
1036 2211 100 75 parts,
1170 2211 62 75 and

200 2265 55 75 the
283 2265 85 75 parts
397 2265 72 75 may
497 2265 40 75 be
563 2265 88 75 read,
676 2265 188 75 feparately,
890 2265 88 75 thus,
1011 2265 83 75 .847
1112 2265 36 75 =
1159 2265 20 75 8
1194 2265 39 75 +

205 2319 104 75 .'04-f
323 2319 80 75 .007
415 2319 91 75 =-r5
520 2319 38 75 +
567 2319 242 75 t^o+T3^>’

250 2358 38 75 In
304 2358 150 75 decimals
473 2358 54 75 the
544 2358 99 75 figure
660 2358 79 75 next
755 2358 54 75 the
837 2358 103 75 point,
964 2358 96 75 being
1086 2358 56 75 the
1168 2358 65 75 firft

205 2405 133 75 decimal
364 2405 101 75 place,
489 2405 27 75 is
541 2405 178 75 fometimes
741 2405 102 75 called
864 2405 133 75 primes,
1023 2405 62 75 and
1109 2405 55 75 the
1186 2405 47 75 fe-

206 2451 81 75 cond
304 2451 99 75 figure
419 2451 83 75 from
529 2451 56 75 the
613 2451 89 75 point
729 2451 26 75 is
780 2451 103 75 called
901 2451 145 75 feconds,
1071 2451 56 75 the
1155 2451 79 75 next

205 2499 119 75 thirds,
349 2499 61 75 &c.
457 2499 109 75 Thus,
590 2499 32 75 in
642 2499 77 75 .875
738 2499 55 75 the
809 2499 99 75 figure
925 2499 20 75 8
963 2499 27 75 is
1015 2499 129 75 primes,
1171 2499 18 75 7
1207 2499 26 75 is

206 2545 144 75 feconds,
375 2545 62 75 and
456 2545 15 75 5
491 2545 26 75 is
534 2545 117 75 thirds.

255 2590 97 75 From
370 2590 63 75 this
450 2590 87 75 brief
560 2590 133 75 account
722 2590 40 75 of
784 2590 54 75 the
865 2590 114 75 nature
1006 2590 40 75 of
1068 2590 165 75 decimals,

207 2640 25 75 it
259 2640 141 75 follows,
430 2640 71 75 that
525 2640 55 75 the
612 2640 129 75 manner
768 2640 41 75 of
832 2640 164 75 operation
1023 2640 31 75 in
1083 2640 160 75 decimals-

208 2685 66 75 will
291 2685 39 75 be
347 2685 54 75 the
418 2685 81 75 fame
517 2685 32 75 as
577 2685 32 75 in
637 2685 105 75 whole
769 2685 148 75 numbers
932 2685 10 75 ;
977 2685 60 75 and
1061 2685 76 75 alfo,
1164 2685 71 75 that

208 2729 154 75 the-fame
388 2729 130 75 number
544 2729 73 75 may
641 2729 45 75 be
708 2729 184 75 differently
918 2729 176 75 exprefied,
1127 2729 107 75 accor-

209 2777 76 75 ding
302 2777 33 75 as
358 2777 58 75 the
428 2777 123 75 integer
566 2777 26 75 is
608 2777 128 75 chofen.
783 2777 108 75 Thus,
908 2777 56 75 the
984 2777 75 75 time
1077 2777 81 75 fince
1176 2777 61 75 our

212 2822 163 75 Saviour’s
403 2822 85 75 birth
513 2822 71 75 may
613 2822 39 75 be
678 2822 129 75 written
833 2822 88 75 thus,
950 2822 111 75 1769;
1088 2822 37 75 or
1149 2822 86 75 thus,

214 2873 125 75 176.9;
358 2873 36 75 or
410 2873 87 75 thus,
520 2873 122 75 17.69;
661 2873 38 75 or
711 2873 87 75 thus,
821 2873 120 75 1.769;
961 2873 37 75 or
1009 2873 87 75 thus,
1117 2873 27 75 .1
1155 2873 79 75 769,

212 2915 168 75 according
407 2915 34 75 as
464 2915 61 75 one
552 2915 88 75 year,
673 2915 19 75 a
708 2915 113 75 decad,
854 2915 19 75 a
894 2915 144 75 century,
1064 2915 19 75 a
1105 2915 128 75 chiliad,

210 2963 38 75 or
275 2963 135 75 myriad,
446 2963 27 75 is
500 2963 77 75 ufed
603 2963 34 75 as
665 2963 56 75 the
746 2963 136 75 integer.
930 2963 113 75 Hence
1067 2963 94 75 arifes
1180 2963 55 75 the

209 3009 138 75 fuperior
363 3009 186 75 excellency
576 3009 39 75 of
638 3009 134 75 decimal
798 3009 194 75 arithmetic,
1017 3009 101 75 above
1139 3009 97 75 every

1258 150 13 75 r
1343 150 34 75 e
1454 150 40 75 t
1570 150 30 75 r
1669 150 38 75 c
1781 150 52 75 k.

1275 213 93 75 other
1395 213 67 75 fort
1489 213 41 75 of
1552 213 175 75 numerical
1754 213 244 75 computation;
2038 213 34 75 as
2099 213 67 75 will
2193 213 112 75 appear

1271 261 31 75 in
1327 261 55 75 the
1405 261 122 75 fequel.

1515 364 48 75 II.
1613 364 177 75 Reduftion
1814 364 43 75 of
1871 364 184 75 Decimals.

1320 451 121 75 Paob.
1466 451 31 75 I.
1553 451 57 75 To
1626 451 118 75 reduce
1761 451 18 75 a
1794 451 113 75 vulgar
1922 451 133 75 fraftion
2072 451 36 75 to
2124 451 18 75 a
2158 451 149 75 decimal.

1321 498 123 75 Rule.
1492 498 57 75 To
1565 498 55 75 the
1637 498 183 75 numerator
1836 498 41 75 of
1887 498 56 75 the
1956 498 113 75 vulgar
2081 498 133 75 fradtion
2232 498 77 75 affix

1273 544 19 75 a
1307 544 90 75 point
1413 544 39 75 or
1474 544 138 75 comma,
1637 544 77 75 then
1738 544 105 75 annex
1870 544 19 75 a
1912 544 182 75 competent
2116 544 135 75 number
2274 544 41 75 of

1274 589 135 75 ciphers,
1435 589 63 75 and
1513 589 108 75 divide
1637 589 44 75 by
1697 589 56 75 the
1768 589 245 75 denominator;
2040 589 57 75 the
2113 589 80 75 quot
2201 589 35 75 as
2253 589 57 75 the

1273 636 184 75 numerator
1474 636 40 75 of
1526 636 55 75 the
1597 636 150 75 decimal,
1764 636 62 75 and
1846 636 55 75 the
1918 636 136 75 cyphers
2067 636 244 75 annexedfhow

1273 683 57 75 the
1344 683 135 75 number
1494 683 40 75 of
1544 683 136 75 decimal
1697 683 119 75 places.

1321 729 151 75 Examp.
1498 729 30 75 I.
1577 729 134 75 Reduce
1768 729 35 75 to
1819 729 19 75 a
1852 729 134 75 decimal
1999 729 13 75 ?

1320 776 89 75 Here
1425 776 43 75 to.
1476 776 58 75 the
1547 776 185 75 numerator
1751 776 13 75 1
1783 776 105 75 annex
1904 776 60 75 one
1980 776 122 75 cipher,
2153 776 154 75 2)1.o(.5

1276 821 61 75 and
1353 821 144 75 dividing
1513 821 45 75 by
1574 821 56 75 the
1645 821 222 75 denominator
1892 821 34 75 2,
1951 821 56 75 the
2023 821 82 75 quot
2204 821 52 75 10

1274 867 27 75 is
1321 867 33 75 5,
1378 867 63 75 and
1457 867 23 75 o
1497 867 158 75 remains;
1682 867 62 75 and
1765 867 133 75 becaufe
1914 867 19 75 a
1948 867 96 75 fingle
2062 867 45 75 ci-
2207 867 50 75 —

1276 914 79 75 pher
1372 914 78 75 only
1465 914 65 75 was
1548 914 146 75 annexed
1711 914 35 75 to
1762 914 55 75 the
1835 914 194 75 numerator,
2053 914 56 75 the
2207 914 55 75 (o)

1275 961 135 75 decimal
1433 961 183 75 numerator
1633 961 63 75 will
1721 961 109 75 confift
1853 961 57 75 but
1933 961 41 75 of
1993 961 60 75 one
2070 961 38 75 fi-

1277 1008 89 75 gure,
1391 1008 126 75 namely
1536 1008 17 75 5
1567 1008 10 75 ;
1604 1008 35 75 to
1661 1008 118 75 which,
1804 1008 174 75 therefore,
2004 1008 103 75 prefix
2134 1008 56 75 the
2216 1008 87 75 deci-

1277 1054 62 75 mal
1356 1054 100 75 point.
1508 1054 44 75 So
1574 1054 103 75 *=.5.

1324 1101 112 75 Hence
1466 1101 133 75 appears
1631 1101 56 75 the
1721 1101 110 75 reafon
1863 1101 40 75 of
1937 1101 56 75 the
2025 1101 70 75 rule
2117 1101 10 75 ;
2169 1101 141 75 namely,

1279 1148 19 75 2
1319 1148 9 75 :
1353 1148 14 75 1
1391 1148 25 75 ::
1441 1148 40 75 10
1500 1148 9 75 :
1531 1148 41 75 5;
1599 1148 73 75 that
1686 1148 41 75 is,
1752 1148 35 75 as
1816 1148 55 75 the
1893 1148 114 75 vulgar
2031 1148 222 75 denominator
2275 1148 36 75 to

1278 1193 55 75 the
1358 1193 109 75 vulgar
1494 1193 194 75 numerator,
1712 1193 35 75 fo
1762 1193 27 75 is
1806 1193 56 75 the
1877 1193 137 75 decimal
2038 1193 220 75 denominator
2274 1193 36 75 to

1278 1239 54 75 the
1349 1239 134 75 decimal
1499 1239 195 75 numerator.

1324 1283 151 75 Examp.
1500 1283 47 75 II.
1598 1283 133 75 Reduce
1746 1283 25 75 ^
1787 1283 35 75 to
1839 1283 18 75 a
1872 1283 148 75 decimal.

1321 1332 56 75 To
1395 1332 55 75 the
1465 1332 183 75 numerator
1660 1332 32 75 3,
1711 1332 106 75 annex
1827 1332 67 75 two
1907 1332 122 75 ciphers
2041 1332 11 75 ;
2102 1332 62 75 4)3
2172 1332 135 75 .o©(.75

1276 1377 75 75 and,
1368 1377 143 75 dividing
1522 1377 44 75 by
1579 1377 55 75 the
1645 1377 236 75 denominator,
1897 1377 56 75 the
1972 1377 81 75 quot
2148 1377 43 75 28

1276 1425 88 75 gives
1383 1425 40 75 75
1442 1425 52 75 for
1511 1425 54 75 the
1582 1425 183 75 numerator
1780 1425 40 75 of
1832 1425 55 75 the
1903 1425 167 75 decimal,.

1278 1471 65 75 two
1376 1471 124 75 ciphers
1531 1471 118 75 having
1681 1471 83 75 been
1788 1471 159 75 annexed.
2013 1471 46 75 So
2171 1471 47 75 20

1275 1529 153 75 i=-75-

2171 1529 46 75 20

1323 1704 147 75 Though
1487 1704 125 75 ciphers
1628 1704 74 75 may
1722 1704 42 75 be
1790 1704 145 75 annexed
1960 1704 33 75 at
2018 1704 156 75 pleafure,
2199 1704 56 75 yet
2281 1704 29 75 it

1275 1750 27 75 is
1321 1750 55 75 the
1399 1750 141 75 ciphers'
1540 1750 81 75 ufed
1646 1750 79 75 that:
1743 1750 175 75 determine
1949 1750 55 75 the
2037 1750 132 75 number
2185 1750 41 75 of
2250 1750 57 75 de-

1277 1796 92 75 cimal
1387 1796 106 75 places
1508 1796 32 75 in
1558 1796 53 75 the
1628 1796 106 75 quot;
1761 1796 61 75 and
1845 1796 32 75 at
1902 1796 63 75 firft
1992 1796 27 75 it
2042 1796 26 75 is
2097 1796 159 75 fufficienti
2274 1796 36 75 to

1277 1843 104 75 annex
1397 1843 33 75 fo
1448 1843 93 75 many
1558 1843 34 75 as
1616 1843 88 75 ferve
1729 1843 35 75 to
1790 1843 158 75 complete
1979 1843 55 75 the
2061 1843 66 75 firft
2152 1843 157 75 dividual,

1276 1887 126 75 leaving
1415 1887 98 75 .room
1530 1887 35 75 to
1580 1887 106 75 annex
1702 1887 88 75 more
1806 1887 33 75 as
1858 1887 63 75 you
1936 1887 140 75 proceed
2096 1887 34 75 in
2156 1887 56 75 the
2231 1887 76 75 ope-

1277 1934 103 75 ration
1396 1934 10 75 ;
1432 1934 39 75 or
1488 1934 108 75 rather
1611 1934 104 75 annex
1732 1934 55 75 the
1800 1934 98 75 other
1913 1934 127 75 ciphers
2056 1934 34 75 to
2102 1934 57 75 the
2174 1934 135 75 remain*

1276 1980 87 75 ders,
1389 1980 138 75 without
1548 1980 109 75 giving
1674 1980 87 75 them
1778 1980 20 75 a
1813 1980 89 75 place
1915 1980 34 75 in
1967 1980 54 75 the
2037 1980 163 75 dividend.

1322 2027 79 75 The
1427 2027 65 75 firft
1519 2027 141 75 dividual
1686 2027 65 75 alfo
1778 2027 101 75 ffiows
1904 2027 145 75 whether
2066 2027 124 75 ciphers
2207 2027 104 75 ought

1278 2073 35 75 to
1337 2073 40 75 be
1401 2073 145 75 prefixed
1566 2073 35 75 to
1628 2073 55 75 the
1706 2073 94 75 quot,
1826 2073 62 75 and
1903 2073 75 75 how
1994 2073 124 75 many..
2148 2073 111 75 Thus,
2283 2073 33 75 i£

1277 2122 138 75 the.firft
1434 2122 141 75 dividual
1591 2122 74 75 take
1692 2122 33 75 in
1753 2122 77 75 only
1857 2122 61 75 one
1946 2122 40 75 of
2008 2122 56 75 the
2091 2122 147 75 annexed
2264 2122 46 75 ci-

1278 2166 108 75 phers,
1411 2166 54 75 the
1482 2166 102 75 figure
1605 2166 58 75 put
1683 2166 33 75 in
1742 2166 56 75 the
1820 2166 79 75 quot
1922 2166 27 75 is
1973 2166 128 75 primes,
2127 2166 62 75 and
2205 2166 43 75 no
2264 2166 44 75 ci-

1279 2212 79 75 pher
1377 2212 35 75 to
1435 2212 39 75 be
1498 2212 157 75 prefixed.
1715 2212 37 75 If
1774 2212 55 75 the
1851 2212 65 75 firft
1931 2212 141 75 dividual
2095 2212 223 75 comprehend

1280 2259 66 75 two
1361 2259 40 75 of
1411 2259 56 75 the
1484 2259 147 75 annexed
1646 2259 135 75 ciphers,
1807 2259 55 75 the
1877 2259 100 75 figure
2001 2259 58 75 put
2085 2259 32 75 in
2145 2259 56 75 the
2229 2259 86 75 quot

1280 2306 26 75 is
1332 2306 144 75 feconds,
1501 2306 63 75 and
1594 2306 61 75 one
1685 2306 111 75 cipher
1822 2306 80 75 muft
1928 2306 40 75 he
1994 2306 157 75 prefixed.
2199 2306 38 75 If
2253 2306 61 75 the.

1280 2351 64 75 firft
1359 2351 141 75 dividual
1517 2351 213 75 comprehend
1752 2351 91 75 three
1867 2351 40 75 of
1928 2351 68 75 the.
2008 2351 144 75 annexed
2170 2351 146 75 ciphers,,

1281 2399 55 75 the
1351 2399 100 75 figure
1467 2399 58 75 put
1542 2399 32 75 in
1591 2399 55 75 the
1662 2399 80 75 quot
1757 2399 28 75 is
1802 2399 117 75 thirds,
1937 2399 62 75 and
2010 2399 66 75 two
2088 2399 125 75 ciphers
2229 2399 81 75 muft

1279 2445 40 75 be
1346 2445 156 75 prefixed,
1528 2445 64 75 &c.
1652 2445 125 75 Hence,
1801 2445 32 75 in
1862 2445 154 75 reducing
2040 2445 19 75 a
2084 2445 116 75 vulgar,
2223 2445 86 75 frac-

1281 2491 67 75 tion
1364 2491 36 75 to
1424 2491 18 75 a
1457 2491 147 75 decimal,
1629 2491 56 75 the
1702 2491 123 75 natural
1842 2491 64 75 and
1921 2491 73 75 eafy
2009 2491 70 75 way
2096 2491 40 75 is,
2161 2491 35 75 to
2219 2491 91 75 place

1281 2537 63 75 firft
1361 2537 54 75 the
1431 2537 134 75 decimal
1581 2537 89 75 point
1686 2537 33 75 in
1736 2537 57 75 the
1810 2537 92 75 quot,
1934 2537 63 75 and
2013 2537 82 75 after
2111 2537 25 75 it
2159 2537 19 75 a
2200 2537 110 75 cipher

1281 2583 37 75 or
1334 2583 136 75 ciphers,
1494 2583 38 75 or
1555 2583 55 75 the
1634 2583 277 75 quotient-figure,
1935 2583 35 75 as
1994 2583 55 75 the
2077 2583 64 75 firft
2167 2583 142 75 dividual

1280 2631 129 75 direds.

1329 2676 37 75 In
1382 2676 153 75 reducing
1549 2676 21 75 a
1584 2676 114 75 vulgar
1715 2676 133 75 fradion
1860 2676 36 75 to
1913 2676 19 75 a
1950 2676 148 75 decimal,
2121 2676 33 75 if
2165 2676 23 75 o
2203 2676 33 75 at
2252 2676 58 75 laft

1281 2723 146 75 remains,
1454 2723 35 75 as
1511 2723 33 75 in
1569 2723 42 75 all
1635 2723 56 75 the
1715 2723 100 75 above
1839 2723 176 75 examples,
2039 2723 64 75 the'
2103 2723 31 75 d'
2135 2723 122 75 ecimal
2282 2723 27 75 is

1282 2769 151 75 precifely
1449 2769 93 75 equal
1559 2769 36 75 to
1612 2769 55 75 the
1690 2769 112 75 vulgar
1817 2769 145 75 fra&ion,
1989 2769 62 75 and
2066 2769 26 75 is
2110 2769 103 75 called
2238 2769 70 75 ay?-

1283 2817 68 75 nite
1367 2817 37 75 or
1420 2817 175 75 terminate
1612 2817 148 75 decimal.

1331 2863 38 75 Id
1384 2863 87 75 finite
1487 2863 164 75 decimals,
1675 2863 55 75 the
1746 2863 220 75 denominator
1986 2863 28 75 is
2039 2863 118 75 always
2174 2863 86 75 fome
2275 2863 35 75 a-

1281 2908 105 75 liquot
1402 2908 77 75 part,
1489 2908 40 75 of
1547 2908 55 75 the
1618 2908 182 75 numerator
1825 2908 161 75 increafed
2009 2908 42 75 by
2075 2908 161 75 annexing
2263 2908 46 75 ci-

1282 2955 111 75 phers;
1436 2955 62 75 and
1525 2955 76 75 fuch
1613 2955 5 75 •
1627 2955 151 75 decimals
1801 2955 75 75 take
1898 2955 85 75 their
2007 2955 58 75 rife
2089 2955 84 75 from
2197 2955 113 75 vulgar

1281 3003 149 75 fradions
1447 3003 106 75 whofe
1568 3003 223 75 denominator
1804 3003 27 75 is
1850 3003 18 75 2
1887 3003 38 75 or
1942 3003 33 75 5,
1999 3003 38 75 or
2052 3003 86 75 fome
2149 3003 110 75 power
2273 3003 42 75 of

2227 3044 17 75 2
2270 3044 38 75 or
