2456 3337
571 173 39 60 A
659 173 35 60 B
743 173 45 60 E.

1162 173 19 60 (
1238 173 24 60 ^

246 261 72 37 fake
345 261 40 37 of
401 261 86 37 their
513 261 190 37 monaftery,
729 261 86 37 were
839 261 95 37 made
961 261 148 37 deniforts
1130 261 41 37 of
1189 261 44 37 all

246 307 153 37 England
415 307 157 37 (London
590 307 173 37 excepted)
782 307 45 37 by
837 307 90 37 King
939 307 99 37 John.

200 354 287 37 ABERDEEN,
510 354 56 37 the
578 354 91 37 name
681 354 40 37 of
732 354 64 37 two
808 354 91 37 cities
912 354 31 37 in
962 354 168 37 Scotland,
1155 354 77 37 call-

248 398 41 37 ed
305 398 56 37 the
377 398 67 37 Old
464 398 63 37 and
543 398 89 37 New
651 398 133 37 Towns,
807 398 136 37 fituated
958 398 42 37 on
1016 398 55 37 the
1087 398 147 37 German

248 445 127 37 Ocean,
396 445 33 37 in
446 445 13 37 i
495 445 57 37 45.
571 445 60 37 W.
648 445 66 37 ion.
740 445 65 37 and
824 445 55 37 57.
895 445 54 37 n,
966 445 49 37 N.
1032 445 58 37 lat.

294 491 77 37 The
387 491 56 37 old
457 491 88 37 town
560 491 58 37 lies
638 491 97 37 awont
755 491 18 37 a
789 491 74 37 mile
880 491 36 37 to
935 491 56 37 the
1006 491 97 37 north
1119 491 41 37 of
1178 491 56 37 the

190 537 8 37 -
248 537 83 37 new,
357 537 32 37 at
407 537 55 37 the
479 537 113 37 mouth
608 537 40 37 of
665 537 55 37 the
737 537 85 37 river
838 537 91 37 Don,
955 537 78 37 over
1049 537 105 37 which
1171 537 27 37 is
1214 537 21 37 a

233 584 4 37 .
237 570 75 52 ■fine
329 584 123 37 bridge,
477 584 40 37 of
536 584 19 37 a
574 584 97 37 Angle
688 584 88 37 arch,
801 584 106 37 which
920 584 74 37 refts
1008 584 32 37 at
1056 584 80 37 both
1152 584 81 37 fides

249 629 42 37 on
304 629 66 37 two
386 629 106 37 rocks.
540 629 78 37 The
627 629 57 37 old
701 629 86 37 tov/n
799 629 65 37 was
876 629 156 37 formerly
1045 629 57 37 the
1117 629 66 37 feat
1198 629 41 37 of

249 676 57 37 the
321 676 123 37 biihop,
470 676 63 37 and
556 676 64 37 had
640 676 19 37 a
685 676 89 37 large
799 676 164 37 cathedral
987 676 134 37 church,
1145 676 89 37 com-

250 720 111 37 monly
376 720 104 37 called
496 720 40 37 St
560 720 181 37 Macher's.
789 720 86 37 This
902 720 163 37 cathedral
1087 720 67 37 had
1179 720 55 37 an-

193 768 7 37 .
250 768 120 37 ciently
386 768 69 37 two
476 768 87 37 rows
584 768 40 37 of
642 768 86 37 Hone
756 768 109 37 pillars
890 768 105 37 acrofs
1015 768 61 37 .the
1100 768 133 37 church,

250 814 65 37 and
325 814 90 37 three
431 814 117 37 turrets
560 814 11 37 ;
595 814 57 37 the
662 814 128 37 fteeple,
807 814 107 37 which
927 814 64 37 was
1004 814 55 37 the
1071 814 116 37 largeft
1199 814 41 37 of

250 860 89 37 thefe
355 860 131 37 turrets,
512 860 102 37 felled
632 860 85 37 upon
728 860 45 37 an
796 860 90 37 arch,
915 860 171 37 fupported
1101 860 44 37 by
1161 860 75 37 four

251 907 123 37 pillars.
421 907 40 37 In
481 907 67 37 this
573 907 164 37 cathedral
760 907 93 37 there
874 907 67 37 was
965 907 21 37 a
1007 907 62 37 fine
1090 907 143 37 library;

252 953 58 37 but
321 953 100 37 about
433 953 54 37 the
500 953 75 37 year
589 953 88 37 1560
689 953 25 37 it
727 953 64 37 was
804 953 111 37 almoft
926 953 117 37 totally
1054 953 169 37 delboyed

301 999 66 37 But
378 999 55 37 the
446 999 114 37 capital
573 999 143 37 building
729 999 26 37 is
771 999 55 37 the
842 999 268 37 King’s-college,
1127 999 43 37 on
1182 999 55 37 the

252 1045 94 37 fouth
362 1045 63 37 fide
438 1045 39 37 of
489 1045 55 37 the
560 1045 99 37 town,
685 1045 107 37 which
809 1045 27 37 is
849 1045 18 37 a
883 1045 87 37 large
988 1045 63 37 and
1061 1045 111 37 (lately
1187 1045 49 37 fa-

252 1091 82 37 bric.
383 1091 77 37 The
476 1091 115 37 fteeplc
605 1091 28 37 is
647 1091 128 37 vaulted
790 1091 78 37 with
882 1091 19 37 a
917 1091 117 37 double
1050 1091 84 37 crofs
1147 1091 90 37 arch,

253 1138 102 37 above
371 1138 106 37 which
494 1138 27 37 is
541 1138 40 37 an
597 1138 143 37 imperial
757 1138 120 37 crown,
902 1138 173 37 fupported
1089 1138 44 37 by
1149 1138 89 37 eight

254 1184 87 37 ftone
364 1184 122 37 pillars,
511 1184 63 37 and
597 1184 107 37 clofed
726 1184 79 37 with
822 1184 20 37 a
856 1184 95 37 globe
967 1184 65 37 and
1047 1184 66 37 two
1129 1184 111 37 gilded

255 1230 126 37 crolfes.
420 1230 40 37 In
471 1230 55 37 the
539 1230 75 37 year
627 1230 84 37 1631
728 1230 65 37 this
805 1230 114 37 fteeple
928 1230 65 37 was
1005 1230 128 37 thrown
1145 1230 97 37 down

252 1276 48 37 by
316 1276 19 37 a
350 1276 108 37 ftorm,
484 1276 57 37 but
553 1276 64 37 was
630 1276 76 37 (bon
723 1276 84 37 after
824 1276 117 37 rebuilt
956 1276 33 37 in
1006 1276 19 37 a
1041 1276 88 37 more
1146 1276 94 37 (late-

255 1322 36 37 ly
316 1322 97 37 form.
460 1322 86 37 This
575 1322 122 37 college
721 1322 66 37 was
810 1322 143 37 founded
981 1322 43 37 by
1042 1322 118 37 Bifhop
1181 1322 44 37 El

200 1368 5 37 •
256 1368 146 37 phindpn
418 1368 32 37 in
467 1368 56 37 the
538 1368 78 37 year
632 1368 109 37 1500;
768 1368 57 37 but
835 1368 109 37 James
956 1368 63 37 IV.
1038 1368 138 37 claimed
1187 1368 55 37 the

257 1415 173 37 patronage
446 1415 40 37 of
496 1415 38 37 it,
552 1415 64 37 and
631 1415 26 37 it
668 1415 57 37 has
742 1415 81 37 fince
841 1415 78 37 been
937 1415 103 37 called
1056 1415 55 37 the
1124 1415 120 37 King's

257 1461 136 37 Colldge.
446 1461 89 37 This
557 1461 135 37 college,
722 1461 62 37 and
803 1461 56 37 the
881 1461 307 37 M.arifiiall-college
1210 1461 33 37 in

257 1506 58 37 the
331 1506 69 37 new
416 1506 98 37 town,
541 1506 159 37 form-one
712 1506 181 37 univerfity,
911 1506 104 37 called
1030 1506 55 37 the
1101 1506 142 37 Univer-

248 1553 69 37 Jity
334 1553 42 37 of
392 1553 90 37 King
497 1553 145 37 Charles.

307 1598 75 37 The
392 1598 69 37 new
473 1598 87 37 town
573 1598 26 37 is
612 1598 55 37 the
679 1598 115 37 capital
803 1598 40 37 of
855 1598 55 37 the
920 1598 80 37 (hire
1011 1598 41 37 of
1058 1598 186 37 Aberdeen.

262 1644 67 37 For
347 1644 170 37 largenefs,
541 1644 103 37 trade,
669 1644 64 37 and
752 1644 134 37 beauty,
912 1644 26 37 it
963 1644 125 37 greatly
1107 1644 139 37 exceeds

260 1690 65 37 any
339 1690 89 37 town
443 1690 33 37 in
492 1690 56 37 the
563 1690 124 37 North.
736 1690 33 37 It
780 1690 103 37 (lands
895 1690 86 37 upon
994 1690 19 37 a
1024 1690 57 37 hill
1099 1690 38 37 or
1155 1690 93 37 rifing

265 1736 138 37 ground.
427 1736 77 37 The
518 1736 161 37 buildings
695 1736 54 37 are
766 1736 162 37 generally
941 1736 73 37 four
1029 1736 109 37 (lories
1155 1736 92 37 high,

264 1781 64 37 and
336 1781 95 37 have,
443 1781 50 37 for
502 1781 55 37 the
569 1781 78 37 mod
657 1781 82 37 part,
753 1781 134 37 gardens
897 1781 120 37 behind
1027 1781 101 37 them,
1142 1781 107 37 which

264 1827 88 37 gives
368 1827 26 37 it
406 1827 19 37 a
439 1827 155 37 beautiful
612 1827 204 37 appearance.
867 1827 54 37 On
938 1827 56 37 tire
1011 1827 77 37 high
1112 1827 93 37 dreet
1221 1827 28 37 is

265 1873 20 37 a
300 1873 86 37 large
402 1873 133 37 church,
561 1873 104 37 which
680 1873 158 37 formerly
849 1873 159 37 belonged
1023 1873 35 37 to
1073 1873 56 37 the
1146 1873 102 37 Fran-

265 1919 133 37 cifcans.
444 1919 86 37 This
551 1919 120 37 church
687 1919 66 37 was
776 1919 104 37 begun
896 1919 44 37 by
956 1919 51 37 Bp
1022 1919 151 37 William
1189 1919 60 37 El-

266 1966 158 37 phindon,
449 1966 63 37 and
525 1966 131 37 finifhed
673 1966 43 37 by
731 1966 148 37 Gavinus
900 1966 150 37 Dunbar,
1076 1966 118 37 Bidiop
1214 1966 41 37 of

266 2011 185 37 Aberdeen,
476 2011 97 37 about
590 2011 56 37 the
667 2011 100 37 1500.
814 2011 53 37 Bp
884 2011 139 37 Dunbar
1040 2011 27 37 is
1088 2011 66 37 faid
1169 2011 81 37 like-

269 2057 73 37 wife
354 2057 35 37 to
404 2057 80 37 have
495 2057 82 37 built
592 2057 54 37 the
663 2057 110 37 bridge
786 2057 78 37 over
879 2057 55 37 the
948 2057 85 37 Dee,
1051 2057 106 37 which
1174 2057 76 37 Con-

269 2103 63 37 fids
356 2103 41 37 of
415 2103 91 37 feven
532 2103 124 37 arches..
704 2103 77 37 The
806 2103 91 37 chief
915 2103 108 37 public
1048 2103 147 37 building
1218 2103 33 37 in

268 2149 58 37 the
353 2149 70 37 new
449 2149 87 37 town
560 2149 27 37 is
610 2149 55 37 the
692 2149 320 37 Maridrall-college,
1044 2149 142 37 founded
1207 2149 46 37 by

272 2195 132 37 George
425 2195 101 37 Keith
551 2195 78 37 Earl
655 2195 40 37 of
713 2195 77 37 Mar
792 2195 90 37 (hall,
906 2195 32 37 in
958 2195 56 37 the
1038 2195 75 37 year
1137 2195 113 37 1593;

270 2241 59 37 but
345 2241 57 37 has
427 2241 79 37 fince
529 2241 79 37 been
631 2241 123 37 greatly
771 2241 191 37 augmented
983 2241 78 37 with
1079 2241 173 37 additional

269 2287 178 37 buildings.
495 2287 38 37 In
550 2287 80 37 both
646 2287 55 37 the
724 2287 166 37 Mariihali
914 2287 62 37 and
998 2287 257 37 King’s-college

273 2332 56 37 the
341 2332 183 37 languages,
549 2332 234 37 mathematics,
797 2332 136 37 -natural
945 2332 202 37 philofophy,
1172 2332 82 37 divi-

274 2377 83 37 nity,
383 2377 65 37 (be.
474 2377 52 37 are
542 2377 113 37 taught
671 2377 43 37 by
726 2377 78 37 very
820 2377 71 37 able
907 2377 170 37 profefi'ors

229 2424 282 37 ABERDOUR,
538 2424 18 37 a
576 2424 89 37 fmall
682 2424 86 37 town
784 2424 32 37 in
837 2424 165 37 Fifdhire,
1029 2424 167 37 Scotland,
1214 2424 43 37 on

276 2469 57 37 the
348 2469 81 37 frith
446 2469 39 37 of
504 2469 115 37 Forth,
645 2469 96 37 about
763 2469 57 37 ten
843 2469 90 37 miles
949 2469 48 37 N.
1016 2469 63 37 W.
1095 2469 41 37 of
1154 2469 103 37 Edin-

277 2514 119 37 burgh.

233 2560 346 37 ABERGAVENY,
596 2560 31 37 in
640 2560 292 37 Monmouthfhire,
952 2560 162 37 England,
1140 2560 18 37 a
1170 2560 90 37 well-

280 2605 82 37 built
378 2605 100 37 town,
502 2605 90 37 lying
611 2605 62 37 142
693 2605 90 37 miles
798 2605 62 37 W.
878 2605 44 37 by
933 2605 49 37 N,
999 2605 39 37 of
1050 2605 152 37 London,
1227 2605 34 37 in

286 2652 55 37 51.
362 2652 55 37 50.
434 2652 46 37 N.
499 2652 58 37 lat.
584 2652 62 37 and
659 2652 58 37 36.
737 2652 16 37 5
785 2652 50 37 W
861 2652 68 37 Ion.
976 2652 85 37 This
1077 2652 88 37 town
1185 2652 77 37 Con-

281 2697 63 37 fids
356 2697 40 37 of
414 2697 97 37 about
531 2697 66 37 500
612 2697 127 37 houfes,
767 2697 57 37 has
842 2697 19 37 a
876 2697 125 37 Weekly
1016 2697 123 37 market
1152 2697 42 37 on
1206 2697 56 37 the

283 2742 181 37 Tuefdays,
483 2742 78 37 .and
586 2742 137 37 another
745 2742 41 37 on
811 2742 56 37 the
890 2742 157 37 Fridays;
1084 2742 64 37 and
1172 2742 91 37 three

285 2788 77 37 fairs
374 2788 51 37 for
441 2788 121 37 horfes,
587 2788 103 37 (beep,
718 2788 60 37 and
791 2788 94 37 black
900 2788 111 37 cattle.

239 2834 357 37 ABERMURDER,
621 2834 40 37 an
678 2834 56 37 old
743 2834 160 37 law-term
919 2834 52 37 for
987 2834 139 37 murder,
1144 2834 125 37 proved

288 2880 32 37 in
343 2880 19 37 a
377 2880 133 37 judicial
526 2880 144 37 manner,
695 2880 106 37 which
826 2880 96 37 could
944 2880 55 37 not
1021 2880 41 37 be
1078 2880 118 37 atoned
1212 2880 53 37 for

289 2925 78 37 with
382 2925 128 37 money.

243 2972 330 37 ABERRATION,
598 2972 33 37 in
654 2972 191 37 adronorrty,
871 2972 18 37 a
911 2972 88 37 fmall
1024 2972 150 37 apparent
1194 2972 72 37 mo-

291 3017 68 37 tion
373 3017 40 37 of
430 3017 55 37 the
500 3017 88 37 fixed
602 3017 90 37 dars,
716 3017 64 37 fird
796 3017 184 37 difeovered
995 3017 43 37 by
1057 3017 51 37 Dr
1124 3017 144 37 Bradley

1323 165 20 67 >

1726 165 193 67 Ant

1325 259 64 37 and
1402 259 60 37 Mr
1477 259 199 37 MoHineux,
1702 259 63 37 and
1777 259 101 37 found
1894 259 35 37 to
1945 259 41 37 be
1999 259 107 37 owing
2117 259 36 37 to
2169 259 57 37 the
2235 259 74 37 pro-

1324 306 130 37 grefiive
1473 306 126 37 motion
1615 306 43 37 of
1675 306 96 37 light,
1797 306 63 37 and
1880 306 58 37 the
1960 306 121 37 earth’s
2105 306 116 37 annual
2242 306 69 37 mo-

1325 352 69 37 tion
1411 352 32 37 in
1460 352 42 37 its
1516 352 98 37 orbit.
1662 352 39 37 If
1720 352 19 37 a
1757 352 88 37 lucid
1867 352 105 37 objeft
1995 352 40 37 be
2051 352 101 37 fixed,
2177 352 64 37 and
2255 352 57 37 the

1326 398 57 37 eye
1405 398 42 37 of
1465 398 56 37 the
1538 398 148 37 obferver
1701 398 129 37 moving
1846 398 95 37 along
1963 398 32 37 in
2020 398 62 37 any
2097 398 95 37 other
2208 398 104 37 direc-

1326 444 68 37 tion
1410 444 79 37 than
1505 444 72 37 that
1601 444 41 37 of
1660 444 20 37 a
1702 444 132 37 dreight
1855 444 69 37 line
1944 444 86 37 from
2044 444 57 37 the
2125 444 59 37 eye
2204 444 37 37 to
2256 444 58 37 the

1327 489 116 37 objeifl,
1469 489 26 37 it
1511 489 26 37 is
1561 489 98 37 plain,
1688 489 71 37 that
1775 489 56 37 the
1843 489 105 37 objedt
1968 489 79 37 mud
2062 489 83 37 have
2161 489 39 37 an
2215 489 98 37 appa-

1328 536 71 37 rent
1413 536 136 37 motion,
1576 536 127 37 greater
1716 536 39 37 or
1769 536 73 37 lefs,
1868 536 170 37 according
2049 536 35 37 to
2101 536 56 37 the
2171 536 144 37 velocity

1327 582 79 37 with
1419 582 106 37 which
1541 582 56 37 the
1614 582 62 37 eye
1697 582 26 37 is
1741 582 127 37 moved,
1896 582 62 37 and
1973 582 56 37 the
2045 582 137 37 didance
2198 582 41 37 of
2257 582 57 37 the

1327 628 106 37 objefl
1448 628 85 37 from
1545 628 56 37 the
1618 628 72 37 eye.
1741 628 62 37 See
1820 629 265 36 ASTRONOMY.

1278 676 339 37 ABERRATION,
1641 676 34 37 in
1690 676 119 37 optics,
1835 676 19 37 a
1869 676 163 37 deviation
2047 676 40 37 of
2104 676 56 37 the
2182 676 73 37 rays
2279 676 41 37 of

1330 721 85 37 light
1438 721 106 37 which
1566 721 149 37 prevents
1741 721 87 37 their
1852 721 125 37 uniting
2000 721 34 37 in
2057 721 56 37 the
2130 721 84 37 fame
2230 721 86 37 focal

1330 766 103 37 point,
1458 766 64 37 and
1537 766 28 37 is
1582 766 184 37 occafioned
1780 766 46 37 by
1841 766 85 37 their
1941 766 96 37 being
2057 766 158 37 refradted
2237 766 44 37 by
2297 766 20 37 a

1328 814 155 37 fpherical
1507 814 83 37 lens,
1619 814 38 37 or
1680 814 150 37 reiledted
1848 814 45 37 by
1916 814 20 37 a
1962 814 156 37 fpherical
2138 814 176 37 fpeculum.

1331 859 61 37 See
1409 860 152 36 OPTICS.

1283 907 340 37 ABERYSWITH,
1649 907 19 37 a
1683 907 229 37 market-town
1938 907 31 37 in
1987 907 129 37 Wales,
2141 907 90 37 lying
2251 907 65 37 199

1331 951 90 37 miles
1438 951 61 37 V/.
1520 951 37 37 S.
1574 951 61 37 W.
1654 951 41 37 of
1713 951 153 37 London,
1892 951 34 37 in
1949 951 55 37 52.
2021 951 56 37 30.
2102 951 49 37 N.
2169 951 59 37 lat.
2255 951 63 37 and

1334 998 44 37 40
1414 998 38 37 15
1487 998 60 37 W.
1566 998 88 37 long.

1284 1044 205 37 ABESTA,
1515 1044 56 37 the
1591 1044 92 37 name
1699 1044 39 37 of
1756 1044 61 37 one
1830 1044 43 37 of
1888 1044 57 37 the
1964 1044 109 37 facred
2088 1044 102 37 books
2207 1044 41 37 of
2261 1044 57 37 the

1332 1090 125 37 Perfian
1474 1090 96 37 magi,
1596 1090 106 37 which
1717 1090 80 37 they
1808 1090 121 37 aferibe
1943 1090 36 37 to
1996 1090 84 37 their
2095 1090 91 37 great
2201 1090 117 37 found-

1325 1136 41 37 .•er
1380 1136 168 37 Zeroader
1607 1136 77 37 The
1703 1136 104 37 abeda
1822 1136 27 37 is
1862 1136 20 37 a
1897 1136 219 37 commentary
2132 1136 41 37 on
2194 1136 67 37 twt)
2282 1136 35 37 o-

1332 1182 89 37 thers
1433 1182 40 37 of
1479 1182 89 37 their
1579 1182 151 37 religious
1742 1182 102 37 books
1858 1182 104 37 called
1974 1182 101 37 Zend
2081 1182 66 37 mi.
2158 1182 158 37 Pazend\

1334 1228 55 37 the
1405 1228 92 37 three
1521 1228 148 37 together
1691 1228 164 37 including
1863 1228 63 37 the
1949 1228 106 37 whole
2071 1228 112 37 fydem
2200 1228 41 37 of
2262 1228 56 37 the

1331 1274 160 37 Ignicold,
1517 1274 38 37 or
1571 1274 208 37 worlhippers
1795 1274 41 37 of
1854 1274 58 37 fire

1288 1321 241 37 ABESTON,
1555 1321 19 37 a
1584 1321 192 37 blundering
1791 1321 72 37 way
1877 1321 41 37 of
1928 1321 129 37 writing
2068 1321 151 37 Abedus.
2257 1321 62 37 See

1336 1368 194 36 ABESTUS.

1289 1413 247 37 ABETTOR,
1562 1413 19 37 a
1596 1413 174 37 law-term,
1795 1413 156 37 implying
1967 1413 61 37 one
2040 1413 74 37 who
2126 1413 194 37 encourages

1337 1458 134 37 another
1494 1458 34 37 to
1552 1458 55 37 the
1631 1458 220 37 performance
1873 1458 41 37 of
1932 1458 86 37 fome
2043 1458 144 37 criminal
2204 1458 115 37 adlion,

1337 1505 38 37 or
1390 1505 75 37 who
1481 1505 35 37 is.
1525 1505 48 37 art
1586 1505 64 37 and
1664 1505 73 37 part
1749 1505 31 37 in
1797 1505 55 37 the
1862 1505 220 37 performance
2092 1505 98 37 itfelf.
2214 1505 106 37 Trea-

1337 1551 55 37 fon
1408 1551 27 37 is
1445 1551 55 37 the
1517 1551 76 37 only
1606 1551 98 37 crime
1719 1551 33 37 in
1763 1551 105 37 which
1880 1551 145 37 abettors
2037 1551 53 37 are
2102 1551 160 37 excluded
2278 1551 44 37 by

1338 1597 74 37 law,
1436 1597 99 37 every
1550 1597 174 37 individual
1737 1597 178 37 concerned
1936 1597 95 37 being
2047 1597 184 37 confidered
2248 1597 33 37 as
2303 1597 19 37 a

1339 1642 166 37 principal.
1554 1642 32 37 It
1606 1642 27 37 is
1656 1642 56 37 the
1734 1642 84 37 fame
1841 1642 79 37 with
1942 1642 58 37 art
2021 1642 71 37 and
2107 1642 82 37 part
2211 1642 111 37 in'the

1341 1688 94 37 Scots
1452 1688 74 37 law.

1294 1736 402 37 ABEVACUATION,
1722 1736 32 37 in
1771 1736 168 37 medicine,
1965 1736 19 37 a
1999 1736 106 37 gentle
2121 1736 200 37 evacuation.

1344 1779 60 37 See
1419 1780 282 36 EVACUATION.

1293 1825 145 37 ABEX,
1463 1825 56 37 the
1536 1825 92 37 name
1644 1825 40 37 of
1702 1825 20 37 a
1736 1825 89 37 large
1840 1825 81 37 trad!
1945 1825 39 37 of
1999 1825 92 37 land,
2116 1825 90 37 lying
2230 1825 95 37 along

1341 1869 55 37 the
1414 1869 75 37 wed
1505 1869 82 37 coad
1603 1869 41 37 of
1655 1869 55 37 the
1723 1869 154 37 Red-fea,
1902 1869 93 37 fouth
2006 1869 42 37 of
2058 1869 124 37 Egypt,
2207 1869 120 37 fubjedt

1341 1916 36 37 to
1389 1916 55 37 the
1457 1916 157 37 Ottoman
1631 1916 112 37 Porte.

1295 1960 274 37 ABEYANCE,
1606 1960 33 37 in
1665 1960 74 37 law,
1775 1960 57 37 the
1859 1960 197 37 expedtancy
2082 1960 41 37 of
2149 1960 41 37 an
2215 1960 109 37 edate.

1341 2006 96 37 Thus
1454 2006 31 37 if
1502 2006 93 37 lands
1611 2006 41 37 be
1674 2006 107 37 leafed
1793 2006 38 37 to
1855 2006 60 37 one
1938 2006 114 37 perfon
2078 2006 52 37 for
2150 2006 72 37 life,
2247 2006 80 37 with

1343 2051 156 37 reverfion
1511 2051 36 37 to
1564 2051 132 37 another
1712 2051 53 37 for
1775 2051 107 37 years,
1905 2051 57 37 the
1972 2051 181 37 remainder
2168 2051 52 37 for
2231 2051 94 37 years

1344 2099 27 37 is
1385 2099 39 37 an
1442 2099 158 37 abeyance
1616 2099 51 37 till
1684 2099 55 37 the
1751 2099 97 37 death
1860 2099 40 37 of
1919 2099 55 37 the
1990 2099 107 37 leflee.

1297 2146 179 37 ABHEL,
1501 2146 32 37 in
1549 2146 134 37 botany,
1708 2146 40 37 an
1765 2146 145 37 obfolete
1925 2146 92 37 name
2034 2146 41 37 of
2092 2146 56 37 the
2164 2146 108 37 fabina
2293 2146 37 37 or

1345 2191 99 37 favin.
1494 2191 62 37 See
1573 2192 168 36 JUNIPER
1759 2191 63 37 and
1839 2192 161 36 SABINA.

1300 2238 127 37 ABIB,
1452 2238 170 37 fignifying
1645 2238 40 37 an
1700 2238 55 37 ear
1778 2238 40 37 of
1837 2238 90 37 corn,
1953 2238 19 37 a
1991 2238 91 37 name
2098 2238 92 37 given
2213 2238 47 37 by
2275 2238 55 37 the

1348 2283 87 37 Jews
1446 2283 35 37 to
1502 2283 56 37 the
1574 2283 64 37 fird
1655 2283 111 37 month
1782 2283 41 37 of
1841 2283 86 37 their
1938 2283 214 37 ecdefiadical
2169 2283 89 37 year,
2283 2283 48 37 af-

1349 2329 154 37 terwards
1521 2329 104 37 called
1646 2329 120 37 Nifan.
1816 2329 33 37 It
1868 2329 205 37 commenced
2095 2329 32 37 at
2143 2329 56 37 the
2223 2329 108 37 vernal

1350 2374 155 37 equinox,
1522 2374 75 37 and,
1615 2374 173 37 according
1802 2374 37 37 to
1849 2374 57 37 the
1918 2374 109 37 courfe
2039 2374 41 37 of
2089 2374 56 37 the
2162 2374 109 37 moon,
2289 2374 44 37 by

1350 2421 106 37 which
1472 2421 86 37 their
1581 2421 130 37 months
1728 2421 84 37 were
1837 2421 175 37 regulated,
2037 2421 159 37 anfwered
2217 2421 35 37 to
2276 2421 56 37 the

1352 2467 97 37 latter
1460 2467 72 37 part
1543 2467 41 37 of
1595 2467 60 37 our
1666 2467 131 37 March,
1814 2467 64 37 and
1893 2467 169 37 beginning
2079 2467 39 37 of
2129 2467 107 37 April.

1305 2514 211 37 ABIDING
1530 2514 34 37 by
1580 2514 21 37 a
1617 2514 151 37 writing,
1794 2514 31 37 in
1843 2514 94 37 Scots
1956 2514 60 37 law
2028 2514 8 37 :
2065 2514 110 37 When
2192 2514 140 37 aperfoa

1353 2560 117 37 founds
1486 2560 86 37 upon
1590 2560 18 37 a
1623 2560 128 37 writing
1767 2560 147 37 alledged
1925 2560 40 37 to
1980 2560 40 37 be
2036 2560 90 37 falfe,
2150 2560 42 37 he
2207 2560 74 37 may
2293 2560 41 37 be

1352 2606 131 37 obliged
1500 2606 34 37 to
1541 2606 133 37 declare
1687 2606 178 37 judicially,
1890 2606 146 37 whether
2057 2606 41 37 he
2114 2606 65 37 will
2197 2606 88 37 dand
2297 2606 38 37 or

1356 2652 93 37 abide
1466 2652 42 37 by
1524 2652 26 37 it
1567 2652 33 37 as
1618 2652 19 37 a
1660 2652 71 37 true
1747 2652 94 37 deed.
1890 2652 49 37 As
1963 2652 36 37 to
2021 2652 58 37 the
2102 2652 233 37 confequences

1355 2696 41 37 of
1407 2696 129 37 abiding
1547 2696 56 37 by,
1622 2696 36 37 or
1674 2696 220 37 paflingfrom,
1910 2696 21 37 a
1946 2696 78 37 falfe'
2039 2696 94 37 deed,
2150 2696 50 37 fee
2218 2697 117 36 SCOTS

1357 2743 102 36 LAW,
1484 2742 83 37 title,
1594 2742 136 37 Crimes.

1310 2789 153 37 ABIES,
1488 2789 56 37 the
1556 2789 134 37 fir-tree,
1714 2789 32 37 in
1762 2789 133 37 botany,
1910 2789 133 37 belongs
2052 2789 42 37 to
2113 2789 56 37 the
2185 2789 153 37 monaecia

1358 2833 222 37 monadelphia
1592 2833 78 37 clafs
1688 2833 40 37 of
1733 2833 168 37 Linnieus.
1950 2833 65 37 For
2024 2833 41 37 its
2079 2833 189 37 charadters,
2285 2833 51 37 fee

1359 2879 134 36 PINUS,
1518 2878 41 37 of
1577 2878 105 37 which
1694 2878 25 37 it
1731 2878 27 37 is
1775 2878 19 37 a
1809 2878 131 37 (pecies,

1313 2926 232 37 ABIGEAT,
1576 2926 39 37 an
1643 2926 55 37 old
1724 2926 173 37 law-term,
1925 2926 153 37 denoting
2100 2926 56 37 the
2180 2926 97 37 crime
2301 2926 41 37 of

1361 2970 128 37 dealing
1511 2970 98 37 cattle
1630 2970 45 37 by
1692 2970 115 37 droves
1831 2970 39 37 or
1889 2970 110 37 herds.
2046 2970 86 37 This
2152 2970 97 37 crime
2270 2970 67 37 was

1362 3017 86 37 more
1472 3017 141 37 feverely
1636 3017 150 37 punifiied
1811 3017 78 37 than
1902 3017 151 37 furittm,
2077 3017 57 37 the
2147 3017 192 37 delinquent

2244 3054 92 37 being

833 3119 15 37 3
