2483 3387
232 224 81 75 59.3

702 224 40 75 A
821 224 37 75 R
935 224 20 75 I
1032 224 39 75 T
1148 224 43 75 H
1269 224 49 75 M

277 289 69 75 We
363 289 73 75 nou'
452 289 122 75 refolve
591 289 32 75 fa
631 289 35 75 :h
683 289 244 75 denoiflinator5
939 289 72 75 iftto
1027 289 85 75 their
1141 289 131 75 cdmpo-

235 336 77 75 nertt
330 336 99 75 parts,
456 336 63 75 and
541 336 108 75 divide
677 336 56 75 the
761 336 183 75 numerator
971 336 48 75 by'
1038 336 61 75 one
1127 336 40 75 of
1186 336 90 75 thefe

234 383 104 75 parts,
362 383 61 75 and
449 383 76 75 then
548 383 107 75 divide
684 383 55 75 the
767 383 82 75 quot
875 383 45 75 by
938 383 54 75 the
1009 383 108 75 other.
1165 383 111 75 Thus,

241 431 203 75 15-5X3.

430 488 116 75 5)4.0(
564 488 22 75 8

850 488 61 75 and
932 488 158 75 3).8(.2^

471 536 54 75 40

989 536 21 75 6

487 629 54 75 (o)

958 611 23 49 #
981 629 59 75 20

1000 675 38 75 18

968 779 97 75 ~V)

287 831 76 75 The
380 831 135 75 number
530 831 42 75 of
590 831 107 75 places
714 831 33 75 in
771 831 62 75 the
845 831 88 75 finite
950 831 71 75 part
1038 831 42 75 of
1096 831 18 75 a
1130 831 83 75 mixt
1232 831 49 75 re-

243 877 106 75 peater
366 877 75 75 may
457 877 40 75 be
514 877 196 75 afcertained
737 877 87 75 from
851 877 56 75 the
924 877 134 75 number
1086 877 41 75 of
1145 877 86 75 units
1248 877 33 75 in

244 926 54 75 the
314 926 100 75 index
433 926 41 75 of
489 926 57 75 the
565 926 127 75 powers
708 926 40 75 of
761 926 18 75 2
799 926 38 75 or
856 926 32 75 5.

290 970 90 75 And,
405 970 203 75 univerfally,
637 970 36 75 to
689 970 66 75 find
771 970 57 75 the
843 970 135 75 number
995 970 40 75 of
1054 970 107 75 places
1178 970 32 75 in
1227 970 56 75 the

242 1018 89 75 finite
348 1018 72 75 part
436 1018 41 75 of
493 1018 75 75 fuch
587 1018 164 75 fractions,
776 1018 109 75 divide
902 1018 56 75 the
974 1018 223 75 denominator
1220 1018 64 75 firfl

244 1063 65 75 fey'
309 1063 33 75 3,
367 1063 63 75 and
447 1063 77 75 thefi
542 1063 108 75 divide
667 1063 55 75 the
740 1063 80 75 quot
837 1063 43 75 by
899 1063 32 75 2,
961 1063 35 75 5,
1020 1063 36 75 or
1079 1063 54 75 10,
1159 1063 50 75 till
1227 1063 56 75 the

243 1112 58 75 laft
319 1112 80 75 quot
415 1112 40 75 be
477 1112 30 75 1,
533 1112 64 75 and
612 1112 24 75 o
662 1112 142 75 remain;
831 1112 65 75 and
917 1112 56 75 the
989 1112 135 75 number
1139 1112 40 75 of
1202 1112 81 75 divi-

242 1158 81 75 fors,
349 1158 175 75 excluding
544 1158 32 75 3,
601 1158 100 75 fhows
719 1158 58 75 the
793 1158 134 75 number
943 1158 40 75 of
995 1158 106 75 places
1116 1158 31 75 in
1166 1158 55 75 the
1246 1158 38 75 fi-

244 1204 68 75 nite
329 1204 84 75 part.

294 1249 180 75 Repeating
505 1249 154 75 decimals
691 1249 53 75 are
768 1249 125 75 ufualiy
928 1249 135 75 marked
1096 1249 43 75 by
1167 1249 19 75 a
1209 1249 76 75 dafh

245 1298 143 75 through
415 1298 57 75 the
495 1298 190 75 right-hand
712 1298 113 75 figure,
853 1298 34 75 as
914 1298 34 75 in
978 1298 54 75 the
1059 1298 165 75 examples
1250 1298 34 75 a-

247 1345 102 75 bove:
378 1345 68 75 But
463 1345 85 75 fome
566 1345 92 75 chufe
676 1345 35 75 to
728 1345 92 75 mark
838 1345 87 75 them
943 1345 44 75 by
1003 1345 18 75 a
1038 1345 91 75 point
1145 1345 46 75 fet
1208 1345 77 75 over

244 1407 57 75 the
323 1407 165 75 repeating
512 1407 111 75 figure,
650 1407 86 75 thus,
771 1407 46 75 .3,
843 1407 72 75 .26.
990 1407 78 75 The
1107 1407 179 75 remainder

247 1455 109 75 Where
376 1455 56 75 the
460 1455 172 75 repetition
660 1455 110 75 begins
799 1455 26 75 is
852 1455 183 75 commonly
1057 1455 133 75 marked
1206 1455 80 75 with

248 1502 42 75 an
307 1502 137 75 afterifk.

295 1547 141 75 Becaufe
459 1547 62 75 arty
537 1547 147 75 quotient
703 1547 180 75 multiplied
898 1547 44 75 by
958 1547 56 75 the
1030 1547 120 75 divifor
1174 1547 110 75 repro-

246 1592 102 75 duces
363 1592 55 75 the
434 1592 165 75 dividend,
624 1592 26 75 it
674 1592 141 75 follows,
841 1592 72 75 that
937 1592 61 75 any
1015 1592 136 75 decimal
1176 1592 109 75 multi-

245 1641 88 75 plied
357 1641 43 75 by
425 1641 58 75 the
506 1641 224 75 denominator
758 1641 41 75 of
820 1641 56 75 the
901 1641 113 75 vulgar
1037 1641 134 75 fraftiofl
1200 1641 85 75 from

248 1688 106 75 which
372 1688 26 75 it
414 1688 155 75 refulted,
592 1688 65 75 will
677 1688 174 75 reproduce
868 1688 55 75 the
941 1688 183 75 numerator
1139 1688 78 75 with
1231 1688 59 75 the

247 1737 148 75 annexed
412 1737 139 75 ciphers.
599 1737 110 75 Thus,
735 1737 29 75 if
788 1737 70 75 .75,
884 1737 56 75 the
965 1737 136 75 decimal
1126 1737 41 75 of
1185 1737 35 75 -J-,
1246 1737 41 75 be

247 1781 182 75 multiplied
441 1781 43 75 by
494 1781 34 75 4,
546 1781 25 75 it
585 1781 66 75 will
668 1781 177 75 reproduce
857 1781 54 75 the
929 1781 183 75 numerator
1123 1781 17 75 3
1152 1781 63 75 and
1231 1781 58 75 tbs

248 1829 69 75 two
333 1829 147 75 annexed
497 1829 145 75 ciphers,.

299 1875 101 75 Now,
424 1875 130 75 fuppofe
577 1875 56 75 the
658 1875 92 75 given
775 1875 135 75 decimal
938 1875 36 75 to
1001 1875 41 75 be
1070 1875 18 75 a
1115 1875 146 75 repeater
1275 1875 12 75 }

249 1922 79 75 fach
343 1922 34 75 as
397 1922 46 75 .3-,
470 1922 152 75 refilling
640 1922 85 75 from
748 1922 56 75 the
833 1922 112 75 vulgar
971 1922 133 75 fraflion
1182 1922 32 75 if
1233 1922 56 75 the

250 1970 166 75 repeating
440 1970 135 75 decimal
600 1970 40 75 be
665 1970 179 75 multiplied
861 1970 44 75 by
921 1970 55 75 the
1001 1970 224 75 denominator
1253 1970 36 75 3,

248 2016 27 75 it
299 2016 80 75 will,
404 2016 45 75 by
465 2016 149 75 carrying
637 2016 34 75 at
687 2016 84 75 9.0a
793 2016 55 75 the
876 2016 86 75 right
987 2016 102 75 hand,
1112 2016 176 75 reproduce

247 2062 57 75 the
321 2062 183 75 numerator
527 2062 13 75 1
557 2062 80 75 with
654 2062 56 75 the
726 2062 146 75 annexed
889 2062 121 75 cipher.
1060 2062 42 75 In
1117 2062 63 75 like
1198 2062 88 75 man-

249 2109 72 75 ner,
345 2109 32 75 if
387 2109 56 75 the
459 2109 143 75 repeater
623 2109 36 75 .#
668 2109 36 75 —
711 2109 36 75 4*
836 2109 183 75 multiplied
1033 2109 44 75 by
1097 2109 32 75 3,
1154 2109 25 75 it
1208 2109 82 75 will,

248 2155 46 75 by
314 2155 149 75 carrying
480 2155 32 75 at
538 2155 21 75 9
585 2155 40 75 cm
650 2155 56 75 the
732 2155 85 75 right
840 2155 97 75 hand,
965 2155 176 75 reproduce
1158 2155 54 75 the
1230 2155 57 75 nu-

250 2202 142 75 merator
407 2202 17 75 2
440 2202 76 75 with
532 2202 53 75 the
599 2202 145 75 annexed
757 2202 126 75 cipher..
904 2202 120 75 Again,
1037 2202 31 75 if
1079 2202 55 75 the
1147 2202 144 75 repeater

396 2248 40 75 be
452 2248 181 75 multiplied
657 2248 42 75 by
722 2248 56 75 the
802 2248 223 75 denominator
1041 2248 34 75 9,
1100 2248 26 75 it
1143 2248 77 75 will,
1245 2248 46 75 by

250 2295 151 75 carrying
417 2295 35 75 at
468 2295 21 75 9
513 2295 42 75 on
572 2295 55 75 the
650 2295 87 75 right
756 2295 101 75 hand,
874 2295 175 75 reproduce
1073 2295 55 75 the
1144 2295 146 75 numera-

251 2342 55 75 tor
328 2342 13 75 1
369 2342 81 75 with
472 2342 57 75 the
547 2342 147 75 annexed
717 2342 123 75 cipher.
889 2342 91 75 And,
1005 2342 32 75 if
1055 2342 54 75 the
1132 2342 84 75 mixt
1239 2342 51 75 re-

251 2387 111 75 peater
381 2387 59 75 .2^
451 2387 35 75 =
496 2361 7 104 ■
503 2387 54 75 /(->
584 2387 38 75 be
651 2387 181 75 multiplied
847 2387 44 75 by
907 2387 55 75 the
990 2387 223 75 denominator
1237 2387 57 75 15,

251 2436 28 75 it
298 2436 79 75 will,
401 2436 45 75 by
462 2436 149 75 carrying
633 2436 33 75 at
690 2436 21 75 9
737 2436 41 75 on
803 2436 54 75 the
883 2436 85 75 right
992 2436 97 75 hand,
1115 2436 176 75 reproduce

251 2483 57 75 the
325 2483 185 75 numerator
527 2483 22 75 4
565 2483 80 75 with
662 2483 56 75 the
737 2483 66 75 two
821 2483 146 75 annexed
992 2483 138 75 ciphers.

300 2527 99 75 From
414 2527 89 75 thefe
520 2527 143 75 remarks
679 2527 48 75 we
744 2527 74 75 may
831 2527 169 75 conclude,
1025 2527 71 75 that
1113 2527 56 75 the
1186 2527 102 75 right-

251 2577 87 75 hand
363 2577 99 75 figure
486 2577 41 75 of
548 2577 97 75 every
668 2577 164 75 repeating
858 2577 135 75 decimal
1018 2577 29 75 is
1069 2577 217 75 ninth-parts:

252 2624 64 75 and
330 2624 57 75 the
404 2624 83 75 fame
508 2624 89 75 truth
621 2624 75 75 may
713 2624 38 75 be
767 2624 134 75 evinced
925 2624 43 75 by
987 2624 160 75 refotving
1160 2624 54 75 the
1232 2624 56 75 de-

253 2671 94 75 cimal
363 2671 72 75 into
447 2671 47 75 its
506 2671 191 75 conftituent
713 2671 106 75 parts,,
841 2671 32 75 in
891 2671 55 75 the
962 2671 167 75 following
1145 2671 143 75 manner.

307 2717 77 75 The
408 2717 112 75 vulgar
551 2717 134 75 fraction
764 2717 138 75 reduced
931 2717 36 75 to
995 2717 18 75 a
1039 2717 137 75 decimal
1201 2717 89 75 gives

258 2767 71 75 ^7,
345 2767 88 75 6^.;
461 2767 62 75 and
539 2767 64 75 this
619 2767 146 75 repeater
785 2767 142 75 refolved
944 2767 69 75 into
1025 2767 135 75 decimal
1177 2767 112 75 confti-

253 2811 92 75 tueftt
361 2811 100 75 parts,
479 2811 148 75 becomes
642 2811 44 75 -xo
702 2811 266 75 +-rJo-+-rouo
975 2811 9 75 >
1101 2811 36 75 to
1153 2811 137 75 infinity.

254 2857 68 75 But
338 2857 30 75 if
380 2857 49 75 we
446 2857 117 75 efteem
576 2857 55 75 the
656 2857 189 75 right-hand
865 2857 100 75 figure
978 2857 40 75 to
1026 2857 40 75 be
1079 2857 210 75 ninth-parts,

253 2905 50 75 we
319 2905 80 75 have
415 2905 49 75 To-
472 2905 37 75 +
551 2905 90 75 °f-r?>
649 2905 93 75 —tV
839 2887 37 49 =
876 2905 124 75 +
1007 2905 71 75 -ps5
1086 2887 37 49 =

254 2950 56 75 the
330 2950 93 75 given
444 2950 113 75 vulgar
573 2950 147 75 fradtion.
780 2950 80 75 And
885 2950 33 75 as
942 2950 56 75 the
1020 2950 114 75 vulgar
1155 2950 136 75 fradlion

240 3007 7 75 '
247 3007 32 75 4-
293 3007 31 75 g>
324 2989 56 49 ves
400 3007 70 75 -i7’
487 2989 35 49 fo
538 3007 25 75 #
577 3007 20 75 8
597 2989 73 49 ives
681 3007 57 75 '99
750 3007 9 75 ;
786 3007 71 75 tbat
869 3007 40 75 is,
932 3007 57 75 .$9
1000 3007 37 75 =
1047 3007 67 75 £=
1127 3007 30 75 1.
1197 3007 91 75 And,

253 3042 203 75 univerfally,
483 3042 18 75 a
515 3042 95 75 feries
628 3042 39 75 of
678 3042 89 75 nines
790 3042 156 75 infinitely
962 3042 173 75 continued
1150 3042 27 75 is
1193 3042 96 75 equal

253 3090 36 75 to
311 3090 88 75 auity
424 3090 34 75 in
482 3090 54 75 the
552 3090 91 75 place
670 3090 42 75 on
740 3090 56 75 the
823 3090 64 75 left
903 3090 108 75 hand;
1046 3090 89 75 thus,
1163 3090 126 75 .$99=:

1398 208 34 75 E
1510 208 41 75 T
1626 208 20 75 I
1726 208 38 75 C
1842 208 53 75 K.

1326 278 39 75 I;
1393 278 61 75 and
1474 278 105 75 .0^99
1587 278 36 75 =
1633 278 57 75 .1;
1717 278 63 75 and
1799 278 105 75 .0099
1919 278 38 75 =
1975 278 70 75 .or.
2064 278 69 75 and
2144 278 107 75 44.^9
2259 278 37 75 =
2304 278 58 75 45.

1374 325 112 75 Hence
1509 325 74 75 may
1612 325 41 75 be
1682 325 195 75 afcertained
1905 325 56 75 the
1992 325 93 75 value
2113 325 40 75 of
2176 325 42 75 an
2244 325 124 75 infinite

1324 371 92 75 feries
1442 371 180 75 decreafmg
1638 371 33 75 in
1687 371 19 75 a
1722 371 139 75 deekple
1879 371 201 75 pioporrion.
2129 371 108 75 Thus,
2262 403 20 49 T
2282 371 29 75 %.
2329 371 38 75 +

1328 429 69 75 tbu
1397 411 3 49 1
1411 429 40 75 *1"
1465 429 107 75 tuW)
1672 429 38 75 —
1723 429 6 75 '
1729 429 31 75 J*
1809 429 79 75 And
1902 429 49 75 -j^.
1967 429 38 75 -f-
2110 429 36 75 -f

2300 429 26 75 C

1377 512 37 75 If
1425 512 57 75 the
1504 512 224 75 denominator
1753 512 41 75 of
1812 512 18 75 a
1850 512 114 75 vulgar
1983 512 136 75 fradlion
2134 512 45 75 be
2191 512 127 75 neither
2347 512 23 75 2

1328 559 58 75 nor
1406 559 35 75 5,
1463 559 61 75 ftor
1551 559 63 75 any
1637 559 110 75 power
1771 559 39 75 of
1832 559 18 75 2
1877 559 40 75 or
1943 559 32 75 5,
2000 559 62 75 nor
2088 559 62 75 any
2174 559 136 75 produdl
2333 559 42 75 of

1329 606 85 75 their
1430 606 124 75 powers
1569 606 10 75 ;
1606 606 60 75 nor
1696 606 32 75 3,
1753 606 59 75 nor
1834 606 34 75 9,
1894 606 59 75 nor
1970 606 62 75 any
2049 606 133 75 prodddl
2195 606 53 75 "&f
2261 606 18 75 3
2299 606 74 75 into

1331 653 20 75 2
1368 653 37 75 or
1436 653 28 75 c,
1495 653 38 75 or
1558 653 68 75 into
1650 653 85 75 fome
1759 653 41 75 of
1821 653 85 75 their
1932 653 137 75 powers,
2105 653 39 75 or
2169 653 136 75 product
2333 653 42 75 of

1331 700 84 75 their
1431 700 137 75 powers,
1594 700 56 75 the
1671 700 137 75 decimal
1832 700 153 75 feftlhing
2005 700 84 75 from
2114 700 75 75 fuch
2215 700 19 75 a
2256 700 114 75 vulgar

1331 747 136 75 fraction
1483 747 66 75 will
1565 747 167 75 circulate.

1377 794 193 75 Circulates,
1595 794 64 75 like
1676 794 175 75 repeaters,
1877 794 53 75 are
1947 794 41 75 of
2000 794 66 75 two
2081 794 101 75 forts,-
2202 794 70 75 viz.
2289 794 81 75 pure

1330 840 63 75 and
1408 840 97 75 mix-t.
1553 840 34 75 A
1605 840 78 75 pure
1708 840 156 75 circulate
1889 840 126 75 coofills
2036 840 46 75 .of
2103 840 56 75 the
2186 840 121 75 figures
2334 840 39 75 of

1330 888 54 75 the
1409 888 97 75 circle
1528 888 98 75 only;
1654 888 33 75 as
1710 888 71 75 .09,
1809 888 58 75 09,
1894 888 65 75 <6r.
1986 888 41 75 or
2054 888 52 75 18,
2135 888 56 75 18,

2337 888 33 75 A

1330 935 83 75 mixt
1425 935 152 75 circulate
1593 935 56 75 has
1668 935 21 75 a
1703 935 87 75 finite
1807 935 73 75 part
1895 935 138 75 betwixt
2051 935 55 75 the
2119 935 138 75 decimal
2275 935 94 75 point

1331 982 63 75 and
1416 982 57 75 the
1495 982 99 75 figure
1618 982 70 75 that
1712 982 111 75 begins
1849 982 55 75 the
1929 982 120 75 circle;
2085 982 35 75 as
2150 982 46 75 .0,
2225 982 61 75 4;,
2312 982 56 75 45,

1412 1031 9 75 ;
1456 1031 38 75 or
1514 1031 71 75 .32,
1617 1031 148 75 142857,
1795 1031 149 75 143857,
1971 1031 63 75 drr.
2094 1031 98 75 Some
2216 1031 94 75 ebufe
2335 1031 35 75 to

1335 1075 180 75 diftinguifh
1540 1075 56 75 the
1612 1075 88 75 finite
1718 1075 71 75 part
1805 1075 84 75 from
1907 1075 55 75 the
1979 1075 109 75 circle,
2115 1075 64 75 and
2194 1075 60 75 one
2272 1075 99 75 circle

1332 1122 85 75 from
1435 1122 146 75 another,
1606 1122 43 75 by
1667 1122 18 75 a
1702 1122 140 75 comma,
1866 1122 33 75 as
1918 1122 112 75 above.
2081 1122 127 75 Others
2222 1122 75 75 dafii
2314 1122 56 75 the

1333 1168 63 75 find
1413 1168 63 75 and
1498 1168 58 75 lad
1572 1168 100 75 figure
1689 1168 41 75 of
1750 1168 56 75 the
1824 1168 109 75 circle.
1981 1168 34 75 It
2031 1168 28 75 is
2074 1168 140 75 likewile
2231 1168 86 75 ufuaJ
2336 1168 36 75 to

1336 1216 90 75 mark
1444 1216 53 75 the
1516 1216 181 75 remainder
1713 1216 108 75 where
1841 1216 57 75 the
1912 1216 73 75 new
2002 1216 96 75 circle
2110 1216 125 75 begins,
2262 1216 42 75 by
2321 1216 49 75 af-

1335 1262 107 75 fixing
1457 1262 40 75 an
1512 1262 140 75 afteriilc.

1380 1308 152 75 Examp.
1551 1308 47 75 V.
1647 1308 136 75 Reduce
1799 1340 26 49 T
1825 1308 24 75 V
1865 1308 37 75 to
1917 1308 18 75 a
1950 1308 149 75 decimal.

1379 1354 77 75 The
1472 1354 224 75 denominator
1715 1354 35 75 it
1780 1354 88 75 gives
1894 1354 20 75 a
1935 1354 78 75 pare
2067 1354 13 75 1
2091 1354 280 75 i)».oo(.09.<>9,

1334 1402 95 75 circle
1446 1402 40 75 of
1506 1402 65 75 two
1588 1402 129 75 figures.

2173 1402 45 75 99

2142 1497 20 75 *
2181 1497 65 75 100

1890 1690 40 75 jV
1941 1672 36 49 :=
1991 1690 71 75 -(>3>
2076 1690 62 75 ^3*

1882 1735 96 75 TT=
1992 1735 70 75 -72,
2078 1735 56 75 72,

1884 1776 48 75 TfT-
1942 1776 36 75 =
1991 1776 72 75 .Bl,
2077 1776 62 75 8l,

1883 1826 49 75 44
1941 1826 37 75 =
1990 1826 72 75 .90,
2077 1826 58 75 90,

1524 1718 24 49 t
1548 1686 10 75 *
1558 1718 14 49 t
1572 1686 130 75 =;.i8,
1721 1686 55 75 18,

1524 1736 49 75 TT
1584 1736 35 75 —
1634 1736 70 75 -27,
1719 1736 58 75 27,

1526 1784 23 75 v
1549 1766 11 49 4
1560 1784 13 75 r
1585 1784 35 75 —
1633 1784 71 75 •36>
1719 1784 58 75 36,

1525 1832 49 75 tt
1584 1832 36 75 —
1633 1832 74 75 *45»
1720 1832 60 75 4S»

1534 1881 244 75 A—•54>I4>

1382 1917 32 75 It
1430 1917 31 75 is
1474 1917 73 75 eafy
1563 1917 35 75 to
1615 1917 157 75 perceive,
1796 1917 74 75 that
1889 1917 36 75 if
1939 1917 64 75 any
2018 1917 44 75 of
2077 1917 56 75 the
2147 1917 115 75 vulgar
2289 1917 83 75 frac-

1336 1963 84 75 tions
1437 1963 31 75 in
1486 1963 56 75 the
1559 1963 101 75 above
1676 1963 156 75 fpecimen
1848 1963 83 75 have
1945 1963 81 75 both
2048 1963 42 75 its
2108 1963 185 75 numerator
2310 1963 64 75 and

1335 2010 223 75 denominator
1574 2010 181 75 multiplied
1773 2010 43 75 by
1834 2010 34 75 9,
1893 2010 92 75 there
2002 2010 67 75 wilt
2086 2010 78 75 arife
2182 2010 18 75 a
2216 2010 71 75 new
2304 2010 74 75 vul-

1337 2055 57 75 gar
1409 2055 135 75 fradtion
1561 2055 43 75 of
1619 2055 55 75 the
1690 2055 84 75 fame
1790 2055 106 75 value,
1923 2055 104 75 whofe
2051 2055 184 75 numerator
2251 2055 67 75 will
2334 2055 41 75 be

1337 2103 56 75 the
1418 2103 118 75 figures
1564 2103 40 75 of
1622 2103 57 75 the
1702 2103 109 75 circle,
1837 2103 63 75 and
1921 2103 43 75 its
1987 2103 218 75 denomirator
2231 2103 56 75 the
2308 2103 68 75 like

1337 2150 134 75 number
1487 2150 39 75 of
1549 2150 62 75 9’s.
1660 2150 111 75 Thus,

1528 2200 100 75 3X9
1670 2200 10 75 ,
1694 2200 14 75 ,
1793 2200 127 75 .7X9
1959 2200 38 75 „,

1532 2253 191 75 iO<9^’
1741 2235 65 49 an<,
1806 2253 90 75 iiX
1896 2285 125 49 9^

1385 2298 49 75 As
1459 2298 57 75 the
1541 2298 223 75 denominator
1791 2298 56 75 11,
1880 2298 151 75 whereof
2048 2298 47 75 90
2117 2298 28 75 is
2170 2298 19 75 a
2213 2298 161 75 multiple,

1339 2346 87 75 gives
1452 2346 18 75 a
1492 2346 77 75 pure
1594 2346 152 75 circulate
1770 2346 41 75 of
1829 2346 66 75 two
1918 2346 120 75 places,
2061 2346 34 75 fo
2110 2346 64 75 any
2190 2346 185 75 denomina-

1338 2391 63 75 tor,
1428 2391 154 75 whereof
1596 2391 81 75 999,
1703 2391 38 75 or
1759 2391 106 75 9999,
1890 2391 38 75 or
1944 2391 134 75 99999,
2101 2391 65 75 <5rc.
2191 2391 56 75 are
2263 2391 110 75 multi-

1338 2439 81 75 ples,
1446 2439 65 75 will
1529 2439 71 75 give
1618 2439 19 75 a
1653 2439 77 75 pure
1744 2439 153 75 circulate
1909 2439 44 75 of
1967 2439 105 75 three,
2097 2439 88 75 four,
2208 2439 74 75 five,
2309 2439 65 75 &c.

1339 2485 126 75 places;
1492 2485 71 75 that
1589 2485 39 75 is,
1655 2485 41 75 of
1715 2485 34 75 as
1774 2485 97 75 many
1895 2485 106 75 places
2026 2485 33 75 as
2084 2485 92 75 there
2197 2485 55 75 are
2275 2485 49 75 p’s
2341 2485 35 75 si

1339 2532 56 75 the
1411 2532 164 75 multiple.
1619 2532 77 75 And
1712 2532 76 75 fuch
1805 2532 240 75 denominators
2061 2532 55 75 are
2133 2532 45 75 all
2200 2532 56 75 the
2273 2532 102 75 prime

1338 2577 160 75 numbers,
1524 2577 117 75 except
1659 2577 33 75 2,
1721 2577 33 75 3,
1780 2577 65 75 and
1863 2577 37 75 5,.
1919 2577 70 75 viz.
2018 2577 33 75 7,
2080 2577 55 75 11,
2165 2577 55 75 13,
2241 2577 55 75 17,
2316 2577 58 75 19,

1340 2618 18 49 2
1358 2636 40 75 3>
1422 2636 58 75 29,
1508 2636 62 75 31,,
1592 2636 61 75 37,
1675 2636 60 75 41,
1759 2636 87 75 &c.)
1872 2636 66 75 alfd
1959 2636 88 75 their
2072 2636 150 75 products
2245 2636 68 75 into
2339 2636 34 75 3,

1339 2672 70 75 viz.
1435 2672 57 75 21,
1520 2672 58 75 33,
1606 2672 55 75 39,
1691 2672 55 75 51-,
1778 2672 60 75 57,
1860 2672 62 75 69,
1946 2672 64 75 &c.
2061 2672 88 75 Such
2173 2672 57 75 too
2254 2672 53 75 are
2330 2672 45 75 all

1337 2718 55 75 the
1417 2718 124 75 powers
1563 2718 46 75 of
1625 2718 34 75 3,
1690 2718 116 75 except
1829 2718 17 75 3
1874 2718 66 75 and
1960 2718 39 75 9,
2020 2718 68 75 viz.
2121 2718 59 75 27,
2205 2718 59 75 81,
2290 2718 86 75 243,

1341 2768 80 75 729,
1448 2768 106 75 2187,.
1575 2768 65 75 6c.

1385 2812 76 75 The
1478 2812 108 75 reafen
1604 2812 25 75 is
1649 2812 83 75 plain
1746 2812 9 75 :
1783 2812 51 75 for
1852 2812 33 75 if
1902 2812 62 75 any
1980 2812 131 75 divifor,
2137 2812 33 75 as
2191 2812 60 75 37,
2265 2812 109 75 divide

1340 2859 82 75 999,
1446 2859 138 75 without
1600 2859 19 75 a
1632 2859 189 75 remainder,
1846 2859 27 75 it
1889 2859 70 75 will
1973 2859 65 75 alfo
2054 2859 107 75 divide
2183 2859 103 75 1000,
2310 2859 64 75 and

1338 2906 89 75 leave
1444 2906 17 75 a
1481 2906 177 75 remainder
1674 2906 42 75 of
1739 2906 28 75 1,
1794 2906 34 75 to
1841 2906 93 75 begin
1953 2906 18 75 a
1988 2906 69 75 new
2074 2906 108 75 circle.

1384 2952 57 75 To
1457 2952 66 75 find
1547 2952 75 75 how
1645 2952 96 75 many
1764 2952 105 75 places
1894 2952 56 75 the
1978 2952 98 75 circle
2102 2952 67 75 will
2196 2952 111 75 coofifi
2322 2952 50 75 cf,

1337 2999 107 75 divide
1461 2999 17 75 a
1494 2999 182 75 competent
1692 2999 134 75 number
1842 2999 41 75 of
1904 2999 49 75 9’s
1976 2999 46 75 by
2045 2999 63 75 any
2131 2999 47 75 of
2191 2999 55 75 the
2269 2999 104 75 above

1336 3046 259 75 dfenominators,.
1603 3046 185 75 continuing
1799 3046 56 75 the
1870 3046 165 75 operation
2050 3046 51 75 till
2110 3046 154 75 ©.remain
2277 3046 11 75 ;
2302 3046 70 75 and

1334 3094 56 75 the
1406 3094 135 75 number
1557 3094 40 75 of
1616 3094 50 75 o’s
1682 3094 78 75 ufed
1775 3094 69 75 will
1858 3094 85 75 fliow
1962 3094 61 75 the.
2034 3094 134 75 number
2190 3094 41 75 of
2249 3094 120 75 places.

2259 3140 117 75 Thus,,
