2428 3377
130 124 102 75 Part
253 124 73 75 VI.

716 124 360 75 ANA

177 188 78 75 The
286 188 165 75 eprgaftric
478 188 112 75 region
622 188 113 75 begins
764 188 217 75 immediately
1000 188 101 75 under
1118 188 57 75 the

135 234 161 75 appendix
313 234 189 75 enliformis,
520 234 33 75 at
570 234 18 75 a
599 234 90 75 fmall
704 234 176 75 fuperficial
889 234 184 75 depreffion,
1098 234 78 75 call-

133 281 42 75 ed
200 281 57 75 the
281 281 47 75 pit
345 281 40 75 of
404 281 55 75 the
491 281 154 75 ftomach,
680 281 64 75 and
771 281 77 75 ends
877 281 100 75 abore
1004 281 55 75 the
1083 281 92 75 navel

133 327 33 75 at
194 327 19 75 a
228 327 173 75 tranfverfe
416 327 77 75 line,
519 327 155 75 fuppofed
693 327 35 75 to
743 327 40 75 be
801 327 111 75 drawn
943 327 145 75 between
1117 327 56 75 the

131 375 59 75 laft
207 375 79 75 falfe
302 375 66 75 ribs
385 375 41 75 on
454 375 78 75 each
549 375 76 75 fide.

178 419 86 75 This
273 419 111 75 region
396 419 26 75 is
435 419 189 75 fubdivided
639 419 69 75 into
725 419 91 75 three
824 419 87 75 parts
924 419 10 75 ;
963 419 61 75 one
1037 419 134 75 middle,

136 467 118 75 named
268 467 200 75 epigaftrium
481 467 10 75 ;
519 467 63 75 and
606 467 66 75 two
689 467 126 75 lateral,
839 467 126 75 termed
987 467 187 75 hypochon-

133 514 85 75 dria.
266 514 77 75 The
360 514 201 75 epigafirium
572 514 8 75 '
580 514 95 75 takes
692 514 33 75 in
742 514 42 75 all
800 514 72 75 that
888 514 91 75 fpace
996 514 108 75 which
1116 514 60 75 lies

134 560 146 75 between
297 560 56 75 the
369 560 79 75 falle
472 560 64 75 ribs
553 560 41 75 of
612 560 85 75 both
713 560 92 75 fides,
831 560 62 75 and
909 560 57 75 the
984 560 189 75 hypochon-

136 607 70 75 dria
222 607 53 75 are
287 607 56 75 the
362 607 106 75 places
485 607 137 75 covered
638 607 45 75 by
698 607 56 75 the
771 607 77 75 falfe
864 607 79 75 ribs.

181 653 78 75 The
284 653 163 75 umbilical
474 653 110 75 region
606 653 111 75 begins
735 653 102 75 above
854 653 55 75 the
941 653 103 75 navel,
1070 653 33 75 at
1119 653 55 75 the

133 699 174 75 tranfverfe
330 699 64 75 line
424 699 131 75 already
572 699 195 75 mentioned,
793 699 63 75 and
877 699 79 75 ends
985 699 106 75 below
1118 699 56 75 the

134 747 91 75 navel
243 747 32 75 at
295 747 135 75 another
452 747 175 75 tranfverfe
651 747 82 75 line,
758 747 152 75 fuppofed
929 747 36 75 to
996 747 40 75 be
1062 747 111 75 drawn

132 793 133 75 parallel
289 793 36 75 to
353 793 56 75 the
434 793 134 75 former,
592 793 147 75 between
759 793 56 75 the
840 793 67 75 two
934 793 97 75 crilhs
1057 793 40 75 of
1116 793 58 75 the

138 839 36 75 os
191 839 103 75 ilium.

178 885 86 75 This
288 885 110 75 region
425 885 27 75 is
476 885 139 75 likewife
631 885 130 75 divided
776 885 69 75 into
862 885 93 75 three
973 885 86 75 parts
1075 885 10 75 ;
1112 885 61 75 one

132 931 133 75 middle,
291 931 106 75 which
406 931 26 75 is
446 931 150 75 properly
611 931 56 75 the
684 931 89 75 regio
790 931 188 75 umbilicalis
990 931 10 75 ;
1027 931 62 75 and
1106 931 66 75 two

133 978 126 75 lateral,
285 978 103 75 called
404 978 67 75 ilia,
500 978 37 75 or
554 978 54 75 the
624 978 122 75 flanks;
773 978 62 75 and
862 978 79 75 they
959 978 215 75 comprehend

133 1024 56 75 the
205 1024 92 75 fpace
313 1024 144 75 between
473 1024 56 75 the
546 1024 76 75 falfe
640 1024 65 75 tibs
722 1024 63 75 and
800 1024 99 75 upper
916 1024 72 75 part
1004 1024 40 75 of
1064 1024 55 75 the
1136 1024 36 75 os

135 1071 90 75 ilium
243 1071 43 75 on
313 1071 78 75 each
408 1071 77 75 fide.

180 1117 76 75 7'he
284 1117 204 75 hypogaftric
519 1117 109 75 region
652 1117 29 75 is
698 1117 164 75 extended
885 1117 187 75 downward
1088 1117 85 75 from

135 1164 60 75 the
211 1164 133 75 inferior
366 1164 85 75 limit
463 1164 40 75 of
521 1164 55 75 the
592 1164 162 75 umbilical
774 1164 124 75 region,
925 1164 59 75 and
1003 1164 25 75 is
1041 1164 133 75 divided

134 1210 70 75 into
220 1210 92 75 three
328 1210 88 75 parts
429 1210 9 75 ;
465 1210 61 75 one
541 1210 134 75 middle,
700 1210 104 75 called
815 1210 92 75 pubis
919 1210 9 75 ;
956 1210 64 75 and
1036 1210 67 75 two
1125 1210 47 75 la-

135 1257 95 75 teral,
256 1257 103 75 called
375 1257 140 75 inguina,
532 1257 40 75 or
585 1257 54 75 the
656 1257 122 75 groins.

177 1303 78 75 The
271 1303 125 75 lumbar
419 1303 111 75 region
545 1303 27 75 is
597 1303 56 75 the
680 1303 153 75 pofterior
849 1303 72 75 part
938 1303 40 75 of
997 1303 57 75 the
1071 1303 101 75 abdo-

136 1349 86 75 men,
257 1349 63 75 and
350 1349 231 75 comprehends
610 1349 43 75 all
682 1349 71 75 that
780 1349 91 75 fpace
907 1349 106 75 which
1040 1349 131 75 reaches

134 1395 86 75 from
236 1395 57 75 the
310 1395 108 75 lowed
435 1395 64 75 ribs
517 1395 43 75 on
586 1395 78 75 each
688 1395 75 75 fide,
789 1395 63 75 and
879 1395 55 75 the
951 1395 57 75 laft
1024 1395 149 75 vertebra

136 1441 42 75 of
197 1441 56 75 the
270 1441 93 75 back,
390 1441 35 75 to
441 1441 56 75 the
514 1441 36 75 os
581 1441 124 75 faerum
737 1441 63 75 and
817 1441 248 75 neighbourings
1083 1441 87 75 parts

133 1487 41 75 of
186 1487 53 75 the
256 1487 64 75 ofla
334 1487 104 75 ilium.
486 1487 79 75 The
596 1487 113 75 lateral
728 1487 85 75 parts
830 1487 40 75 of
893 1487 64 75 this
979 1487 109 75 region
1118 1487 53 75 are

133 1535 125 75 termed
271 1535 53 75 the
341 1535 95 75 loins,
462 1535 59 75 but
537 1535 57 75 the
606 1535 119 75 middle
743 1535 71 75 part
825 1535 58 75 has
896 1535 42 75 no
955 1535 116 75 proper
1080 1535 91 75 name

134 1581 32 75 in
183 1581 85 75 men.

180 1628 125 75 Laftly,
330 1628 56 75 the
394 1628 128 75 bottom
539 1628 40 75 of
590 1628 56 75 the
664 1628 171 75 abdomen,
853 1628 106 75 which
984 1628 134 75 anfwers
1135 1628 35 75 to

133 1673 56 75 the
205 1673 100 75 pelvis
330 1673 41 75 of
390 1673 55 75 the
477 1673 154 75 Ikeleton,
657 1673 27 75 is
712 1673 191 75 terminated
931 1673 175 75 anteriorly
1128 1673 44 75 by

133 1719 57 75 the
218 1719 148 75 pudenda
387 1719 38 75 or
449 1719 87 75 parts
553 1719 41 75 of
612 1719 199 75 generation,
837 1719 62 75 and
925 1719 186 75 polteriorly
1128 1719 43 75 by

135 1765 54 75 the
215 1765 108 75 clunes
343 1765 62 75 and
431 1765 89 75 anus.
568 1765 77 75 The
662 1765 152 75 buttocks
832 1765 53 75 are
902 1765 163 75 feparated
1093 1765 43 75 by
1152 1765 19 75 a

134 1812 91 75 fofla,
251 1812 104 75 which
373 1812 86 75 leads
473 1812 34 75 to
525 1812 55 75 the
604 1812 97 75 anus;
728 1812 63 75 and
807 1812 78 75 each
913 1812 136 75 buttock
1066 1812 25 75 is
1105 1812 64 75 ter-

134 1860 142 75 minated
302 1860 186 75 downward
510 1860 45 75 by
577 1860 19 75 a
618 1860 90 75 large
723 1860 84 75 fold,
833 1860 105 75 which
954 1860 215 75 diftinguilhes

134 1905 26 75 it
177 1905 85 75 from
279 1905 56 75 the
352 1905 60 75 reft
429 1905 40 75 of
480 1905 55 75 the
547 1905 107 75 thigh.

177 1952 77 75 The
272 1952 90 75 fpace
391 1952 143 75 between
548 1952 58 75 the
624 1952 77 75 anus
727 1952 61 75 and
801 1952 59 75 the
876 1952 87 75 parts
977 1952 40 75 of
1035 1952 132 75 genera-

132 1998 80 75 tion,
238 1998 26 75 is
283 1998 102 75 called
413 1998 184 75 perinaeum,
622 1998 61 75 and
701 1998 26 75 is
745 1998 132 75 divided
893 1998 68 75 into
989 1998 67 75 two
1073 1998 94 75 equal

128 2045 116 75 lateral
261 2045 86 75 parts
375 2045 43 75 by
435 2045 19 75 a
475 2045 78 75 very
579 2045 123 75 diftinft
729 2045 77 75 line,
832 2045 107 75 which
963 2045 28 75 is
1006 2045 113 75 longer
1134 2045 34 75 in

133 2090 99 75 males
249 2090 76 75 than
355 2090 33 75 in
406 2090 148 75 females.

179 2138 77 75 The
272 2138 106 75 cavity
394 2138 40 75 of
446 2138 56 75 the
529 2138 169 75 abdomen,
724 2138 127 75 formed
874 2138 43 75 by
940 2138 55 75 the
1016 2138 87 75 parts
1120 2138 46 75 al-

132 2184 99 75 ready
247 2184 194 75 mentioned,
470 2184 58 75 (all
555 2184 108 75 which
692 2184 54 75 are
773 2184 138 75 covered
938 2184 44 75 by
1008 2184 57 75 the
1098 2184 67 75 fldn

132 2231 62 75 and
211 2231 182 75 membrana
409 2231 142 75 adipofa)
578 2231 27 75 is
623 2231 87 75 lined
727 2231 41 75 on
787 2231 53 75 the
856 2231 95 75 infide
968 2231 42 75 by
1027 2231 19 75 a
1065 2231 100 75 parti-

131 2277 88 75 cular
242 2277 192 75 membrane,
476 2277 104 75 called
607 2277 220 75 peritonasum.
876 2277 31 75 It
940 2277 26 75 is
999 2277 166 75 feparated

131 2324 85 75 from
231 2324 56 75 the
304 2324 106 75 cavity
426 2324 40 75 of
472 2324 56 75 the
540 2324 119 75 thorax
675 2324 43 75 by
734 2324 57 75 the
804 2324 198 75 diaphragm,
1029 2324 63 75 and
1099 2324 65 75 ter-

131 2371 142 75 minated
286 2371 107 75 below
405 2371 44 75 by
465 2371 55 75 the
533 2371 135 75 mufculi
685 2371 158 75 levatores
861 2371 64 75 ani.

178 2417 84 75 This
280 2417 106 75 cavity
403 2417 143 75 contains
574 2417 55 75 the
646 2417 154 75 ftomach,
828 2417 63 75 and
910 2417 56 75 the
988 2417 174 75 inteftines.

131 2463 31 75 It
178 2463 144 75 contains
336 2463 140 75 likewife
492 2463 56 75 the
559 2463 190 75 mefentery,
775 2463 388 75 mefocolon/omentum,

129 2510 92 75 liver,
247 2510 64 75 gall
328 2510 147 75 bladder,
502 2510 119 75 fpleen,
647 2510 165 75 pancreas,
837 2510 113 75 glands
979 2510 40 75 of
1031 2510 54 75 the
1098 2510 65 75 me-

129 2556 138 75 fentery,
292 2556 74 75 vafa
388 2556 112 75 la<5iea,
520 2556 234 75 receptaculum
773 2556 100 75 chyli,
899 2556 147 75 kidneys,
1076 2556 88 75 renal

130 2603 125 75 glands,
280 2603 136 75 ureters,
440 2603 146 75 bladder,
612 2603 63 75 and
705 2603 57 75 the
784 2603 136 75 internal
946 2603 87 75 parts
1049 2603 41 75 of
1109 2603 55 75 ge-

130 2649 143 75 neration
291 2649 33 75 in
341 2649 80 75 both
433 2649 108 75 fexes.

176 2695 76 75 The
263 2695 107 75 whole
383 2695 162 75 fore-part
562 2695 40 75 of
622 2695 55 75 the
695 2695 156 75 abdomen
869 2695 99 75 forms
987 2695 38 75 an
1043 2695 121 75 oblong

130 2739 185 75 convexity,
339 2739 64 75 like
419 2739 40 75 an
476 2739 72 75 oval
564 2739 102 75 vault,
692 2739 89 75 more
805 2739 36 75 or
857 2739 61 75 lefs
935 2739 178 75 prominent
1130 2739 34 75 in

130 2785 55 75 the
202 2785 123 75 natural
343 2785 90 75 ftate,
459 2785 31 75 in
508 2785 187 75 proportion
714 2785 34 75 to
760 2785 56 75 the
829 2785 149 75 quantity
994 2785 39 75 of
1040 2785 48 75 fat
1104 2785 59 75 up-

131 2830 41 75 on
199 2830 38 75 it,
264 2830 62 75 and
351 2830 39 75 of
409 2830 79 75 food
513 2830 169 75 contained
703 2830 32 75 in
759 2830 38 75 it,
823 2830 38 75 or
883 2830 35 75 to
942 2830 55 75 the
1013 2830 150 75 different

131 2876 130 75 degrees
279 2876 40 75 of
338 2876 178 75 pregnancy
533 2876 32 75 in
583 2876 137 75 women.
768 2876 78 75 The
872 2876 201 75 hypogaftric
1101 2876 62 75 and

120 2923 171 75 -umbilical
309 2923 126 75 regions
454 2923 52 75 are
524 2923 265 75 moreTubjoiffto
805 2923 88 75 thefe
905 2923 160 75 varieties,
1084 2923 78 75 than

132 2971 54 75 tbe
203 2971 163 75 epigaftrie
383 2971 123 75 region.

224 3016 100 75 Vol.
341 3016 31 75 I.
420 3016 124 75 Numb.
566 3016 54 75 11.

1193 121 38 75 T
1350 121 40 75 O
1507 121 49 75 M
1672 121 52 75 Y.

2185 121 81 75 257

1267 188 77 75 The
1361 188 162 75 appendix
1540 188 174 75 enfiformis
1731 188 41 75 of
1779 188 54 75 the
1846 188 150 75 fternum,
2022 188 55 75 the
2095 188 163 75 cartilagi-

1224 235 78 75 nous
1320 235 144 75 portions
1482 235 40 75 of
1534 235 55 75 the
1606 235 57 75 laft
1683 235 69 75 pair
1776 235 42 75 of
1841 235 71 75 true
1929 235 78 75 ribs,
2035 235 89 75 thofe
2141 235 40 75 of
2208 235 56 75 the

1224 279 64 75 firft
1305 279 74 75 four
1394 279 83 75 pairs
1506 279 40 75 of
1565 279 78 75 falfe
1661 279 78 75 ribs,
1765 279 42 75 all
1831 279 58 75 the
1914 279 74 75 fifth
2015 279 81 75 pair,
2121 279 58 75 the
2205 279 60 75 five

1223 326 125 75 lumbar
1372 326 167 75 vertebrse,
1565 326 56 75 the
1649 326 64 75 offa
1741 326 206 75 innominata,
1982 326 55 75 the
2065 326 37 75 os
2127 326 134 75 facmm,

1222 373 63 75 and
1302 373 35 75 os
1349 373 161 75 coecygis,
1536 373 85 75 form
1634 373 56 75 the
1706 373 89 75 bony
1811 373 79 75 lides
1908 373 40 75 of
1960 373 56 75 the
2032 373 107 75 cavity
2155 373 41 75 of
2209 373 54 75 the

1225 420 170 75 abdomen.

1270 467 77 75 7'he
1362 467 200 75 diaphragm,
1587 467 56 75 the
1659 467 134 75 mufcles
1819 467 105 75 called
1941 467 208 75 particularly
2176 467 84 75 muf-

1224 513 63 75 culi
1304 513 190 75 abdominis,
1519 513 57 75 the
1588 513 148 75 quadrati
1746 513 196 75 lumborum,
1967 513 99 75 pfoai,
2091 513 97 75 iliaci,
2206 513 56 75 the

1224 561 132 75 mufcles
1385 561 41 75 of
1452 561 55 75 the
1541 561 136 75 coccyx,
1704 561 62 75 and
1794 561 41 75 of
1857 561 56 75 the
1929 561 180 75 inteftinum
2126 561 132 75 reftum,

1224 606 83 75 form
1321 606 55 75 the
1393 606 91 75 chief
1495 606 70 75 part
1582 606 40 75 of
1629 606 55 75 the
1701 606 248 75 circumference
1964 606 41 75 of
2016 606 63 75 this
2093 606 119 75 cavity.

1270 654 77 75 The
1364 654 107 75 cavity
1497 654 40 75 of
1557 654 56 75 the
1641 654 158 75 abdomen
1814 654 28 75 is
1859 654 39 75 of
1917 654 39 75 an
1980 654 191 75 irregularly
2186 654 73 75 oval

1223 700 111 75 figure,
1361 700 58 75 but
1434 700 61 75 ftill
1518 700 228 75 fymmetrical.
1795 700 54 75 On
1876 700 55 75 the
1950 700 134 75 forefide
2100 700 26 75 it
2146 700 26 75 is
2190 700 69 75 uni-

1220 746 122 75 formly
1359 746 120 75 arched
1509 746 38 75 or
1564 746 84 75 oval,
1675 746 61 75 and
1753 746 42 75 its
1813 746 136 75 greateft
1965 746 146 75 capacity
2135 746 26 75 is
2181 746 79 75 even

1222 795 80 75 with
1320 795 55 75 the
1392 795 104 75 navel,
1523 795 63 75 and
1619 795 118 75 neareft
1770 795 70 75 part
1865 795 40 75 of
1924 795 56 75 the
2008 795 250 75 hypogaftrium.

1224 838 53 75 On
1294 838 56 75 the
1377 838 101 75 upper
1494 838 63 75 fide
1579 838 26 75 it
1620 838 27 75 is
1664 838 152 75 bounded
1831 838 43 75 by
1891 838 18 75 a
1925 838 128 75 portion
2070 838 40 75 of
2121 838 139 75 avault,

1223 888 77 75 very
1311 888 95 75 much
1424 888 150 75 inclined.
1624 888 55 75 On
1696 888 56 75 the
1771 888 162 75 backfide,
1959 888 26 75 it
2002 888 26 75 is
2043 888 33 75 in
2094 888 18 75 a
2128 888 131 75 manner

1223 934 130 75 divided
1372 934 69 75 into
1459 934 65 75 two
1541 934 130 75 cavities
1688 934 43 75 by
1747 934 55 75 the
1830 934 124 75 jutting
1981 934 57 75 out
2055 934 40 75 of
2114 934 56 75 the
2186 934 72 75 ver-

1223 978 96 75 tebrae
1341 978 40 75 of
1400 978 57 75 the
1472 978 95 75 loins.
1617 978 54 75 On
1688 978 56 75 the
1761 978 99 75 lower
1875 978 76 75 fide,
1968 978 26 75 it
2006 978 158 75 contradts
2181 978 74 75 gra-

1222 1025 109 75 dually
1363 1025 44 75 all
1435 1025 56 75 the
1519 1025 72 75 way
1617 1025 36 75 to
1686 1025 55 75 the
1768 1025 84 75 little
1877 1025 81 75 edge
1990 1025 39 75 of
2059 1025 57 75 the
2141 1025 113 75 pelvis,

1221 1072 62 75 and
1299 1072 85 75 from
1408 1072 115 75 thence
1539 1072 143 75 expands
1699 1072 92 75 again
1819 1072 19 75 a
1858 1072 85 75 little
1968 1072 33 75 as
2020 1072 49 75 far
2086 1072 34 75 as
2144 1072 57 75 the
2217 1072 37 75 03

1221 1120 147 75 coccygis
1393 1120 63 75 and
1472 1120 161 75 tubercles
1657 1120 40 75 of
1708 1120 56 75 the
1775 1120 144 75 ifehium,
1939 1120 204 75 terminating
2155 1120 32 75 in
2200 1120 55 75 the

1221 1168 75 75 void
1307 1168 90 75 Ipace
1411 1168 145 75 between
1572 1168 88 75 thefe
1677 1168 91 75 three
1784 1168 102 75 parts.

1473 1298 441 75 PERITONAEUM.

1267 1392 157 75 Having
1443 1392 158 75 carefully
1620 1392 149 75 removed
1787 1392 55 75 the
1869 1392 134 75 mufcles
2021 1392 39 75 of
2081 1392 56 75 the
2154 1392 99 75 abdo-

1220 1437 84 75 men,
1329 1437 62 75 the'
1408 1437 65 75 firft
1489 1437 91 75 thing
1610 1437 48 75 we
1685 1437 145 75 difeover
1857 1437 30 75 is
1901 1437 55 75 the
1981 1437 220 75 peritonaeum,
2235 1437 19 75 a

1219 1485 221 75 membranous
1457 1485 163 75 covering,
1645 1485 106 75 which
1768 1485 133 75 adheres
1919 1485 216 75 immediately
2146 1485 35 75 to
2198 1485 57 75 the

1218 1531 90 75 inner
1324 1531 123 75 furface
1462 1531 41 75 of
1524 1531 55 75 the
1599 1531 131 75 mufculi
1746 1531 177 75 tranfverfi,
1948 1531 63 75 and
2028 1531 40 75 of
2079 1531 42 75 all
2145 1531 55 75 the
2217 1531 36 75 0-

1219 1576 72 75 ther
1322 1576 88 75 parts
1438 1576 40 75 of
1504 1576 65 75 this
1602 1576 128 75 cavity;
1756 1576 63 75 and
1842 1576 141 75 involves
2001 1576 62 75 and
2079 1576 114 75 inverts
2211 1576 42 75 all

1220 1623 54 75 the
1292 1623 118 75 vifeera
1433 1623 171 75 contained
1616 1623 135 75 therein,
1778 1623 34 75 as
1830 1623 31 75 in
1880 1623 18 75 a
1921 1623 79 75 kind
2024 1623 40 75 of
2082 1623 74 75 bag.

1264 1670 77 75 The
1354 1670 207 75 peritonaeum
1580 1670 33 75 in
1630 1670 127 75 general
1774 1670 27 75 is
1818 1670 19 75 a
1853 1670 181 75 membrane
2051 1670 40 75 of
2109 1670 19 75 a
2144 1670 117 75 pretty'

1219 1716 83 75 dole
1320 1716 142 75 texture,
1488 1716 62 75 and
1562 1716 54 75 yet
1635 1716 76 75 very
1723 1716 127 75 limber,
1868 1716 63 75 and
1947 1716 130 75 capable
2092 1716 41 75 of
2145 1716 19 75 a
2174 1716 80 75 very,

1218 1762 89 75 great
1323 1762 185 75 extenfion;
1535 1762 83 75 after
1636 1762 106 75 which
1759 1762 26 75 it
1796 1762 58 75 caq
1870 1762 129 75 recover
2016 1762 97 75 itfelf,
2138 1762 62 75 and
2212 1762 45 75 be

1218 1809 183 75 contracted
1417 1809 35 75 to
1475 1809 41 75 its
1545 1809 153 75 ordinary
1712 1809 62 75 fize
1784 1809 11 75 ;
1822 1809 34 75 as
1874 1809 48 75 we
1937 1809 50 75 fee
2003 1809 32 75 in
2051 1809 205 75 pregnancy,,

1217 1856 151 75 dropfies,
1395 1856 205 75 corpulency,
1619 1856 63 75 and
1699 1856 170 75 repletion.

1265 1902 31 75 It
1308 1902 99 75 feems
1434 1902 36 75 to
1488 1902 38 75 be
1538 1902 91 75 made
1646 1902 42 75 up
1704 1902 33 75 at
1754 1902 75 75 leaft
1856 1902 40 75 of
1914 1902 65 75 two
2001 1902 158 75 portions,
2187 1902 62 75 one

1216 1949 149 75 internal,
1398 1949 57 75 the
1481 1949 96 75 other
1601 1949 166 75 external;
1794 1949 106 75 which
1921 1949 80 75 have
2026 1949 80 75 been
2131 1949 122 75 looked

1217 1996 85 75 upon
1331 1996 43 75 by
1402 1996 95 75 many
1524 1996 181 75 anatomifts
1729 1996 36 75 as
1783 1996 19 75 a
1817 1996 198 75 duplicatnre
2044 1996 40 75 of
2103 1996 66 75 two
2184 1996 64 75 dif-

1217 2042 77 75 tirtdt
1311 2042 222 75 membranous
1550 2042 137 75 laminae.
1736 2042 79 75 But,
1844 2042 323 75 properlyIpeaking,
2192 2042 56 75 the

1215 2089 135 75 internal
1383 2089 126 75 portion
1540 2089 92 75 alone
1665 2089 144 75 deferves
1840 2089 56 75 the
1922 2089 92 75 name
2041 2089 41 75 of
2099 2089 19 75 a
2149 2089 98 75 mem-

1215 2136 139 75 branous
1370 2136 128 75 lamina,
1524 2136 33 75 as
1575 2136 95 75 being
1696 2136 56 75 the
1777 2136 82 75 main
1888 2136 88 75 body
1998 2136 39 75 cf
2056 2136 55 75 the
2128 2136 118 75 perito-

1215 2182 114 75 naeum.
1377 2182 77 75 The
1481 2182 146 75 external
1651 2182 128 75 portion
1808 2182 27 75 is
1861 2182 42 75 no
1929 2182 89 75 more
2035 2182 77 75 than
2135 2182 18 75 a
2169 2182 79 75 kind

1214 2229 40 75 of
1273 2229 118 75 fibrous
1420 2229 37 75 or
1484 2229 161 75 follicular
1673 2229 164 75 apophyfis
1861 2229 40 75 of
1919 2229 56 75 the
1999 2229 157 75 internal;
2182 2229 65 75 and

1213 2275 72 75 may
1302 2275 150 75 properly
1468 2275 127 75 enough
1611 2275 40 75 be
1675 2275 123 75 termed
1814 2275 54 75 the
1885 2275 131 75 cellular
2033 2275 161 75 fubftance
2209 2275 42 75 of

1214 2321 55 75 the
1285 2321 221 75 peritonaeum.

1259 2367 77 75 The
1352 2367 72 75 true
1456 2367 222 75 membranous
1711 2367 129 75 lamina,
1865 2367 182 75 commonly
2070 2367 104 75 called
2189 2367 61 75 the;

1212 2413 134 75 internal
1362 2413 128 75 lamina,
1516 2413 26 75 is
1559 2413 224 75 veryfmooth,
1808 2413 61 75 and
1883 2413 139 75 poliftied
2039 2413 41 75 on
2098 2413 70 75 that
2181 2413 63 75 fide

1213 2460 104 75 which
1335 2460 26 75 is
1370 2460 115 75 turned
1502 2460 35 75 to
1554 2460 54 75 the
1621 2460 106 75 cavity
1744 2460 61 75 and
1819 2460 119 75 vifeera
1954 2460 39 75 of
2004 2460 56 75 the
2070 2460 171 75 abdomen,

1214 2506 60 75 and
1291 2506 196 75 continually
1503 2506 171 75 mbiftened
1705 2506 43 75 by
1773 2506 19 75 a
1818 2506 107 75 ferous
1953 2506 79 75 fluid
2056 2506 188 75 difeharged

1214 2552 140 75 through
1371 2552 108 75 almoft
1496 2552 238 75 imperceptible
1758 2552 106 75 pores.

1258 2599 77 75 The
1351 2599 131 75 cellular
1494 2599 171 75 fubftance,
1690 2599 36 75 or
1737 2599 145 75 external
1900 2599 128 75 portion
2045 2599 40 75 of
2093 2599 55 75 the
2158 2599 83 75 peri-

1212 2645 150 75 tonaeum,
1387 2645 132 75 adheres
1543 2645 77 75 very
1636 2645 118 75 clofely
1779 2645 34 75 to
1837 2645 56 75 the
1914 2645 85 75 parts
2024 2645 107 75 which
2152 2645 87 75 form

1214 2691 53 75 the
1284 2691 110 75 infides
1412 2691 39 75 of
1463 2691 55 75 the
1534 2691 107 75 cavity
1657 2691 40 75 of
1708 2691 55 75 the
1780 2691 170 75 abdomen.

1257 2738 76 75 The
1349 2738 131 75 cellular
1496 2738 158 75 fubftance
1677 2738 56 75 has
1756 2738 121 75 feveral
1894 2738 211 75 elongations,
2131 2738 108 75 which

1213 2787 79 75 have
1310 2787 77 75 been
1406 2787 102 75 called
1524 2787 201 75 productions
1741 2787 41 75 of
1803 2787 54 75 the
1885 2787 219 75 peritonaeum.
2152 2787 88 75 Two

1213 2830 39 75 of
1271 2830 87 75 thefe
1375 2830 200 75 productions
1588 2830 193 75 accompany
1798 2830 60 75 and
1875 2830 98 75 invert
2000 2830 55 75 the
2074 2830 167 75 fpermatic

1213 2877 91 75 ropes
1321 2877 32 75 in
1370 2877 110 75 males,
1506 2877 62 75 and
1585 2877 54 75 the
1655 2877 142 75 vafcular
1809 2877 106 75 ropes,
1940 2877 182 75 commonly
2138 2877 103 75 called

1213 2924 56 75 the
1286 2924 102 75 round
1403 2924 181 75 ligaments,
1608 2924 34 75 in
1658 2924 136 75 women.
1841 2924 76 75 7'he
1921 2924 32 75 re
1972 2924 54 75 are
2042 2924 95 75 other
2160 2924 78 75 two,

1215 2972 104 75 which
1336 2972 71 75 pafs
1433 2972 102 75 under
1562 2972 56 75 the
1649 2972 205 75 liganientum
1881 2972 172 75 Faiioppii,
2078 2972 79 75 with
2176 2972 64 75 .the

1687 3019 16 75 3
1721 3019 37 75 7

2136 3019 105 75 cmral

907 3029 17 75 3
