2443 3377
709 172 41 75 A
809 172 36 75 R
905 172 35 75 C
997 172 49 75 H
1098 172 18 75 I
1175 172 39 75 T

186 244 36 75 to
240 244 102 75 pleafe
360 244 54 75 the
431 244 70 75 eye.
550 244 68 75 But
642 244 33 75 as
701 244 159 75 grandeur
884 244 141 75 depends
1048 244 108 75 partly
1180 244 41 75 on

187 289 76 75 lize,
289 289 26 75 it
333 289 26 75 is
375 289 141 75 unlucky
529 289 52 75 for
598 289 209 75 ardiite&ure
823 289 71 75 that
918 289 25 75 it
960 289 25 75 is
1003 289 161 75 governed
1180 289 44 75 by

187 333 178 75 regularity
388 333 63 75 and
474 333 199 75 proportion,
699 333 107 75 which
829 333 95 75 never
948 333 128 75 deceive
1094 333 53 75 the
1165 333 58 75 eye

188 381 44 75 by
245 381 129 75 making
390 381 120 75 objects
528 381 115 75 appear
656 381 105 75 larger
777 381 77 75 than
872 381 77 75 they
965 381 53 75 are
1038 381 33 75 in
1095 381 126 75 reality.

189 427 67 75 But
274 427 122 75 though
414 427 177 75 regularity
608 427 63 75 and
687 427 188 75 proportion
891 427 181 75 contribute
1088 427 135 75 nothing

188 473 35 75 to
241 473 169 75 grandeur,
437 473 33 75 fo
488 473 50 75 far
554 473 35 75 as
606 473 71 75 that
689 473 141 75 emolion
846 473 140 75 depends
1003 473 41 75 on
1057 473 62 75 fize
1131 473 10 75 ;
1168 473 55 75 yet

190 520 77 75 they
285 520 180 75 contribute
481 520 127 75 greatly
624 520 34 75 to
674 520 26 75 it
717 520 44 75 by
773 520 159 75 confining
948 520 54 75 the
1025 520 64 75 fize
1109 520 113 75 within

188 566 75 75 fuch
282 566 123 75 bounds
422 566 72 75 that
510 566 25 75 it
552 566 58 75 can
627 566 41 75 be
679 566 95 75 taken
790 566 32 75 in
843 566 63 75 and
921 566 172 75 examined
1108 566 33 75 at
1160 566 62 75 one

188 612 102 75 view;
318 612 64 75 for,
408 612 92 75 when
519 612 120 75 objedts
657 612 54 75 are
727 612 34 75 fo
784 612 87 75 large
896 612 33 75 as
946 612 56 75 not
1020 612 34 75 to
1076 612 41 75 be
1134 612 87 75 com-

188 658 184 75 prehended
387 658 60 75 but
462 658 33 75 in
516 658 99 75 parts,
641 658 78 75 they
730 658 77 75 tend
824 658 108 75 rather
948 658 35 75 to
999 658 128 75 diftradt
1144 658 77 75 than

190 706 113 75 fatisfy
318 706 56 75 the
390 706 101 75 mind.

238 751 68 75 We
322 751 77 75 fiiall
411 751 79 75 next
505 751 68 75 pafs
591 751 35 75 to
637 751 81 75 Tuch
731 751 181 75 ornaments
929 751 33 75 as
988 751 181 75 contribute
1185 751 36 75 to

190 797 71 75 give
277 797 159 75 buildings
453 797 19 75 a
487 797 140 75 peculiar
646 797 188 75 expreffion.
883 797 33 75 It
931 797 57 75 has
1005 797 80 75 been
1102 797 118 75 doubt-

190 844 53 75 ed,
260 844 143 75 whether
419 844 18 75 a
454 844 143 75 building
613 844 57 75 can
688 844 160 75 regularly
864 844 100 75 admit
976 844 62 75 any
1053 844 168 75 ornament

189 890 58 75 but
263 890 86 75 what
364 890 27 75 is
408 890 114 75 ufeful,
547 890 37 75 or
601 890 32 75 at
649 890 76 75 leaft
738 890 55 75 has
811 890 70 75 that
894 890 206 75 appearance.
1137 890 81 75 But,

190 935 195 75 confidering
412 935 55 75 the
494 935 118 75 double
644 935 63 75 aim
740 935 40 75 of
806 935 211 75 architedture
1042 935 33 75 as
1100 935 20 75 a
1144 935 75 75 fine,

191 983 33 75 as
242 983 72 75 well
347 983 33 75 as
404 983 39 75 an
461 983 101 75 ufeful
591 983 62 75 art,
678 983 92 75 there
793 983 26 75 is
842 983 42 75 no
907 983 110 75 reafon
1029 983 81 75 why
1125 983 95 75 orna-

190 1029 104 75 ments
310 1029 74 75 may
399 1029 57 75 not
479 1029 40 75 be
536 1029 105 75 added
663 1029 36 75 to
723 1029 103 75 pleafe
842 1029 56 75 the
914 1029 71 75 eye,
1009 1029 137 75 without
1158 1029 62 75 any

192 1074 134 75 relation
342 1074 36 75 to
393 1074 121 75 utility.
567 1074 29 75 A
613 1074 122 75 private
747 1074 277 75 dwelling-houfe,
1049 1074 69 75 it.is
1135 1074 84 75 true,

191 1120 62 75 and
270 1120 94 75 other
374 1120 140 75 edifices,
540 1120 106 75 where
658 1120 53 75 ufe
728 1120 26 75 is
772 1120 55 75 the
840 1120 91 75 chief
950 1120 74 75 aim,
1050 1120 100 75 admit
1162 1120 57 75 not

191 1167 161 75 regularly
369 1167 62 75 any
443 1167 164 75 ornament
624 1167 57 75 but
698 1167 87 75 what
801 1167 61 75 has"
876 1167 32 75 at
924 1167 76 75 leaft
1020 1167 54 75 the
1091 1167 129 75 appear-

190 1214 78 75 ance
284 1214 40 75 of
342 1214 52 75 ufe
410 1214 8 75 :
452 1214 67 75 But
535 1214 147 75 temples,
708 1214 170 75 triumphal
896 1214 123 75 arches,
1045 1214 63 75 and
1127 1214 93 75 other

190 1260 161 75 buildings
378 1260 152 75 intended
553 1260 115 75 chiefly
695 1260 37 75 or
759 1260 99 75 folely
882 1260 52 75 for
960 1260 97 75 ftiow,
1083 1260 73 75 may
1181 1260 39 75 be

192 1307 113 75 highly
320 1307 220 75 ornamented.

237 1353 85 75 This
339 1353 137 75 fuggefts
494 1353 18 75 a
527 1353 131 75 divifion
671 1353 40 75 of
722 1353 181 75 ornaments
921 1353 69 75 into
1006 1353 90 75 three
1112 1353 107 75 kinds,

170 1399 9 75 l
191 1399 72 75 viz.
292 1399 31 75 x.
348 1399 195 75 Ornaments
560 1399 69 75 that
646 1399 53 75 are
716 1399 155 75 beautiful
888 1399 136 75 without
1037 1399 132 75 relation
1183 1399 35 75 to

191 1444 77 75 ufe;
309 1444 77 75 fuch
418 1444 33 75 as
484 1444 129 75 ftatues,
646 1444 101 75 vafes,
780 1444 93 75 baflb-
897 1444 38 75 or
966 1444 66 75 alto
1065 1444 119 75 relievo
1206 1444 10 75 :

197 1492 34 75 2.
256 1492 127 75 Things
400 1492 32 75 in
448 1492 188 75 themfelves
653 1492 56 75 not
725 1492 168 75 beautiful,
918 1492 57 75 but
991 1492 159 75 poflefling
1165 1492 55 75 the

192 1535 118 75 beauty
328 1535 40 75 of
386 1535 120 75 utility,
531 1535 44 75 by
589 1535 152 75 impofing
757 1535 41 75 on
815 1535 54 75 the
886 1535 166 75 fpedtator,
1078 1535 61 75 and
1164 1535 55 75 ap-

192 1582 131 75 pearing
336 1582 36 75 to
388 1582 39 75 be
442 1582 102 75 ufeful
559 1582 10 75 ;
595 1582 85 75 fuch'
680 1582 36 75 as
732 1582 90 75 blind
836 1582 151 75 windows
998 1582 7 75 :
1005 1582 8 75 •
1096 1582 125 75 Where

194 1629 107 75 things
320 1629 52 75 are
388 1629 154 75 beautiful
560 1629 31 75 in
608 1629 287 75 themfelves,«and
913 1629 32 75 at
968 1629 54 75 the
1038 1629 82 75 fame
1144 1629 77 75 time

193 1675 74 75 take
285 1675 40 75 on
338 1675 55 75 the
411 1675 190 75 appearance
618 1675 41 75 of
678 1675 74 75 ufe;
778 1675 75 75 fuch
870 1675 34 75 as
917 1675 153 75 pilafters.

229 1720 108 75 Witfi
353 1720 115 75 regard
484 1720 34 75 to
534 1720 56 75 the
606 1720 88 75 JirJ},
720 1720 49 75 we
789 1720 157 75 naturally
965 1720 126 75 require
1108 1720 70 75 that
1202 1720 19 75 a

192 1766 99 75 ftatue
309 1766 42 75 be
369 1766 33 75 fo
420 1766 122 75 placed,
568 1766 33 75 as
613 1766 35 75 to
664 1766 40 75 be
720 1766 71 75 feen
808 1766 31 75 in
856 1766 95 75 every
967 1766 166 75 diredtion,
1158 1766 63 75 and

194 1813 168 75 examined
379 1813 32 75 at
422 1813 150 75 different
583 1813 166 75 diftances.
799 1813 142 75 Statues,
966 1813 183 75 therefore,,
1167 1813 52 75 are

192 1859 151 75 properly
354 1859 188 75 introduced
554 1859 35 75 to
606 1859 98 75 adorn
721 1859 56 75 the
795 1859 90 75 great
901 1859 72 75 ftair
990 1859 70 75 that
1080 1859 87 75 leads
1185 1859 34 75 to

192 1907 35 75 to
240 1907 54 75 the
305 1907 152 75 principal
475 1907 81 75 door
571 1907 40 75 of
622 1907 18 75 a
656 1907 120 75 palace,
800 1907 39 75 or
855 1907 33 75 to
904 1907 93 75 leffen
1011 1907 55 75 the
1078 1907 75 75 void
1165 1907 53 75 be-

191 1952 102 75 tween
311 1952 120 75 pillars.
481 1952 66 75 But
568 1952 19 75 a
609 1952 93 75 niche
724 1952 33 75 in
780 1952 55 75 the
852 1952 147 75 external
1023 1952 88 75 front
1131 1952 26 75 is
1179 1952 39 75 an

189 1999 160 75 improper
364 1999 89 75 place
470 1999 50 75 for
533 1999 18 75 a
566 1999 112 75 ftatue.
727 1999 113 75 There
856 1999 84 75 is-an
957 1999 175 75 additional
1149 1999 69 75 rea-

190 2044 55 75 fon
268 2044 116 75 againft
409 2044 124 75 placing
558 2044 88 75 them
671 2044 85 75 upon
779 2044 55 75 the
860 2044 77 75 roof
956 2044 36 75 or
1020 2044 57 75 top
1104 2044 40 75 of
1163 2044 55 75 the

190 2090 112 75 walls;
329 2090 85 75 their
437 2090 22 75 r'
459 2090 102 75 cklifh
584 2090 146 75 fituation
756 2090 87 75 gives
868 2090 85 75 pain,
980 2090 33 75 as
1036 2090 79 75 they
1137 2090 81 75 have

193 2135 55 75 the
272 2135 191 75 appearance
479 2135 40 75 of
536 2135 96 75 being
654 2135 32 75 in
712 2135 119 75 danger
856 2135 39 75 of
915 2135 158 75 tumbling
1095 2135 96 75 down
1205 2135 10 75 ;

192 2180 131 75 befides,
341 2180 49 75 we
402 2180 53 75 are
470 2180 139 75 inclined
621 2180 35 75 to
672 2180 61 75 feel
749 2180 84 75 from
846 2180 83 75 their
944 2180 96 75 being
1056 2180 56 75 too
1124 2180 93 75 much

192 2226 139 75 expofed
350 2226 34 75 to
400 2226 54 75 the
470 2226 219 75 inclemencies
709 2226 40 75 of
767 2226 56 75 the
844 2226 154 75 weather.
1046 2226 56 75 To
1119 2226 99 75 adorn

192 2273 56 75 the
266 2273 56 75 top
339 2273 39 75 of
395 2273 56 75 the
473 2273 72 75 wall
564 2273 78 75 with
660 2273 20 75 a
701 2273 66 75 row
785 2273 40 75 of
843 2273 98 75 vafes,
965 2273 26 75 is
1011 2273 37 75 an
1069 2273 150 75 unhappy

192 2318 136 75 conceit,
354 2318 44 75 by
415 2318 125 75 placing
556 2318 19 75 a
587 2318 107 75 thing,
720 2318 105 75 whofe
841 2318 126 75 natural
982 2318 185 75 deftination
1191 2318 27 75 is

192 2365 121 75 utility,
337 2365 107 75 where
461 2365 25 75 it
502 2365 116 75 cannot
633 2365 81 75 have
731 2365 77 75 even
825 2365 54 75 the
897 2365 190 75 appearance
1099 2365 40 75 of
1151 2365 66 75 ufe.

193 2411 48 75 As
259 2411 34 75 to
310 2411 142 75 carvings
469 2411 83 75 upon
577 2411 56 75 the
649 2411 146 75 external
819 2411 121 75 furface
963 2411 39 75 of
1020 2411 19 75 a
1060 2411 157 75 building,

193 2457 123 75 termed
341 2457 78 75 bajfo
443 2457 118 75 relievo
574 2457 8 75 '
582 2457 94 75 when
702 2457 68 75 flat,
803 2457 63 75 and
890 2457 68 75 alto
984 2457 117 75 relievo
1125 2457 93 75 when

191 2502 191 75 prominent,
409 2502 42 75 all
476 2502 235 75 contradidtory
726 2502 190 75 exprefiions
940 2502 102 75 ought
1063 2502 36 75 to
1123 2502 39 75 be
1185 2502 32 75 a-

190 2549 128 75 voided.
374 2549 99 75 Now,
499 2549 139 75 firmnefs
666 2549 62 75 and
751 2549 129 75 folidity
903 2549 95 75 being
1022 2549 55 75 the
1101 2549 116 75 proper

190 2596 189 75 expreflions
396 2596 40 75 of
447 2596 18 75 a
477 2596 149 75 pedeftal,
652 2596 74 75 and,
744 2596 41 75 on
802 2596 56 75 the
874 2596 162 75 contrary,
1063 2596 152 75 lightnefs

187 2643 66 75 and
268 2643 144 75 delicacy
428 2643 39 75 of
486 2643 114 75 carved
612 2643 102 75 work,
739 2643 55 75 the
810 2643 149 75 pedeftal,
984 2643 144 75 whether
1144 2643 41 75 of
1198 2643 19 75 a

189 2688 127 75 column
330 2688 38 75 or
384 2688 40 75 of
435 2688 18 75 a
468 2688 113 75 ftatue,
606 2688 102 75 ought
723 2688 36 75 to
768 2688 40 75 be
820 2688 159 75 fparingly
995 2688 221 75 ornamented.

185 2734 79 75 The
281 2734 140 75 ancients
446 2734 96 75 never
565 2734 154 75 ventured
743 2734 62 75 any
828 2734 113 75 bolder
957 2734 165 75 ornament
1139 2734 78 75 than

187 2781 56 75 the
260 2781 85 75 baflb
362 2781 131 75 relievo.

234 2826 97 75 With
350 2826 116 75 refpedt
478 2826 233 75 to-ornaments
728 2826 39 75 df
785 2826 65 75 the-
856 2826 122 75 fecond
996 2826 89 75 kind,
1110 2826 26 75 it
1153 2826 26 75 is
1198 2826 18 75 a

188 2873 90 75 great
294 2873 134 75 blunder
444 2873 36 75 to
492 2873 141 75 contrive
649 2873 88 75 them
754 2873 33 75 fo
804 2873 32 75 as
849 2873 35 75 to
896 2873 91 75 make
1002 2873 86 75 them
1100 2873 115 75 appear

187 2919 126 75 ufelefs.
361 2919 34 75 A
411 2919 90 75 blind
517 2919 149 75 window,
691 2919 174 75 therefore,
883 2919 92 75 when
988 2919 158 75 neceflary
1161 2919 53 75 for

183 2965 201 75 regularity,,
398 2965 101 75 ought
515 2965 34 75 to
573 2965 38 75 be
635 2965 35 75 fo
694 2965 155 75 difguifed
867 2965 33 75 as
918 2965 33 75 to
974 2965 116 75 appear
1106 2965 18 75 a
1148 2965 65 75 real

186 3012 156 75 window:
373 3012 110 75 When
499 3012 25 75 it
540 3012 130 75 appears
687 3012 135 75 without
838 3012 145 75 difguife,
1000 3012 26 75 it
1042 3012 26 75 is
1082 3012 130 75 difguft-

233 3059 98 75 Vol*.
356 3059 29 75 I.
435 3059 123 75 Numb.
581 3059 55 75 15.

1271 170 34 75 E
1363 170 35 75 C
1458 170 39 75 T
1556 170 44 75 U
1659 170 36 75 R
1752 170 46 75 E.

2231 170 82 75 349

1275 233 60 75 ful,
1361 233 34 75 as
1412 233 18 75 a
1446 233 224 75 vain-attempt
1686 233 35 75 to
1736 233 113 75 fupply
1873 233 55 75 the
1952 233 86 75 want
2061 233 40 75 of
2119 233 162 75 invention
2294 233 10 75 ;

1270 279 28 75 it
1314 279 102 75 Ihows
1431 279 55 75 the
1502 279 207 75 irregularity
1730 279 32 75 in
1787 279 18 75 a
1829 279 143 75 ftronger
1996 279 97 75 light,
2112 279 48 75 by
2179 279 127 75 fignify-

1273 326 54 75 ing
1349 326 69 75 that
1443 326 18 75 a
1478 326 137 75 window
1631 326 101 75 ought
1750 326 34 75 to
1809 326 39 75 be
1872 326 91 75 there
1985 326 33 75 in
2043 326 88 75 point
2155 326 40 75 of
2213 326 93 75 regu-

1273 373 107 75 larity,
1406 373 57 75 but
1488 373 71 75 that
1581 373 55 75 the
1663 373 153 75 architedt
1841 373 64 75 had
1929 373 68 75 not-
2008 373 70 75 fkill
2100 373 153 75 (uflicient
2271 373 36 75 to

1274 420 130 75 connedl
1420 420 147 75 external
1585 420 174 75 regularity
1775 420 78 75 with
1870 420 376 75 internahconvCnience.

1321 466 47 75 As
1393 466 35 75 to
1452 466 54 75 xhe
1523 466 102 75 third,
1651 466 26 75 it
1693 466 27 75 is
1738 466 40 75 an
1793 466 92 75 error
1899 466 37 75 to
1952 466 66 75 fink
2041 466 141 75 pilafters
2205 466 34 75 fo
2255 466 51 75 far

1273 512 68 75 into
1358 512 55 75 the
1431 512 86 75 wall,
1542 512 32 75 as
1592 512 35 75 to
1652 512 128 75 remove
1805 512 128 75 totally,
1959 512 37 75 or
2020 512 125 75 moftly,
2171 512 55 75 the
2250 512 55 75 ap-

1272 560 155 75 pearance
1442 560 42 75 of
1502 560 66 75 ufe.
1614 560 101 75 They
1724 560 119 75 ilxould
1859 560 118 75 always
2002 560 122 75 projedt
2150 560 33 75 fo
2208 560 96 75 mucir

1272 605 84 75 from
1373 605 55 75 the
1452 605 86 75 wall,
1564 605 32 75 as
1615 605 33 75 to
1665 605 81 75 have
1763 605 56 75 the
1843 605 193 75 appearance
2060 605 41 75 of
2118 605 186 75 fupporting

1272 651 55 75 the
1343 651 198 75 entablature
1553 651 77 75 over
1645 651 101 75 them.

1320 699 97 75 From
1434 699 180 75 ornaments
1640 699 31 75 in
1696 699 142 75 general,
1864 699 47 75 we
1935 699 136 75 defeend
2095 699 34 75 to
2155 699 17 75 a
2195 699 106 75 pillar^

1270 744 56 75 the
1350 744 90 75 chief
1458 744 166 75 ornament
1639 744 32 75 in
1687 744 91 75 great
1793 744 176 75 buildings.
1987 744 6 75 -
2017 744 77 75 The
2106 744 196 75 ideftination

1270 790 41 75 of
1329 790 19 75 a
1364 790 94 75 pillar
1469 790 25 75 is
1508 790 35 75 to
1556 790 142 75 fupport,
1727 790 101 75 really
1844 790 37 75 or
1898 790 31 75 in
1947 790 204 75 appearance,
2169 790 135 75 another

1271 837 72 75 part
1359 837 124 75 termed
1498 837 56 75 the
1569 837 218 75 entablature.
1837 837 98 75 With
1955 837 116 75 regard
2087 837 34 75 to
2139 837 55 75 the
2217 837 86 75 form

1270 883 42 75 of
1329 883 18 75 a
1364 883 104 75 pillar,
1493 883 26 75 it
1536 883 80 75 muft
1632 883 41 75 be
1695 883 165 75 obferved,
1886 883 71 75 that
1975 883 19 75 a
2009 883 96 75 circle
2121 883 27 75 is
2172 883 18 75 a
2213 883 90 75 more

1270 931 166 75 agreeable
1452 931 98 75 figure
1567 931 77 75 than
1662 931 18 75 a
1696 931 124 75 fquare,
1846 931 19 75 a
1875 931 96 75 globe
1988 931 83 75 than'
2082 931 16 75 a
2120 931 92 75 cube,
2238 931 65 75 and

1270 975 18 75 a
1309 975 143 75 cylinder
1475 975 78 75 than
1577 975 18 75 a
1617 975 316 75 parallellopipedon.
1981 975 86 75 This
2094 975 69 75 laft,
2189 975 33 75 in
2246 975 56 75 the

1269 1024 155 75 language
1448 1024 41 75 of
1508 1024 221 75 architedture,
1754 1024 26 75 is
1805 1024 120 75 faying,
1952 1024 70 75 that
2046 1024 18 75 a
2081 1024 126 75 column
2230 1024 26 75 is
2282 1024 20 75 a

1269 1069 89 75 more
1374 1069 165 75 agreeable
1556 1069 99 75 figure
1667 1069 77 75 than
1757 1069 18 75 a
1786 1069 144 75 pilafter;
1958 1069 63 75 and
2035 1069 53 75 for
2104 1069 69 75 that
2191 1069 110 75 reafon

1268 1115 26 75 it
1310 1115 102 75 ought
1437 1115 34 75 to
1496 1115 39 75 be
1558 1115 176 75 preferred,
1759 1115 93 75 when
1877 1115 43 75 all
1944 1115 99 75 other,
2059 1115 242 75 circumftances

1269 1162 53 75 are
1338 1162 107 75 equal.
1496 1162 151 75 Another
1662 1162 109 75 reafon
1795 1162 147 75 concurs,
1968 1162 71 75 that
2064 1162 19 75 a
2099 1162 127 75 column
2243 1162 57 75 an-

1270 1209 106 75 nexed
1392 1209 35 75 to
1444 1209 18 75 a
1478 1209 85 75 wall,
1582 1209 105 75 which
1703 1209 27 75 is
1743 1209 18 75 a
1770 1209 87 75 plaip
1870 1209 134 75 furface,
2022 1209 107 75 makes
2143 1209 18 75 a
2172 1209 128 75 greater

1269 1257 123 75 variety
1408 1257 76 75 than
1502 1257 180 75 a*pilafter.
1731 1257 141 75 Befides,
1897 1257 141 75 pilafters
2063 1257 33 75 at
2120 1257 19 75 a
2160 1257 140 75 diftance

1268 1301 52 75 are
1332 1301 55 75 apt
1398 1301 36 75 to
1446 1301 39 75 be
1497 1301 150 75 miftaken
1659 1301 51 75 for
1724 1301 109 75 pillars
1845 1301 10 75 ;
1874 1301 62 75 and
1955 1301 57 75 the
2028 1301 157 75 fpedtator
2197 1301 26 75 is
2234 1301 65 75 dif-

1268 1349 170 75 appointed
1454 1349 105 75 when,
1577 1349 41 75 on
1634 1349 19 75 a
1668 1349 111 75 nearer
1795 1349 170 75 approach,
1983 1349 40 75 he
2039 1349 158 75 difeovers
2209 1349 91 75 them

1268 1394 34 75 to
1321 1394 37 75 bV
1375 1394 78 75 only
1468 1394 153 75 pilafters.

1315 1441 47 75 As
1380 1441 35 75 to
1431 1441 56 75 the
1503 1441 87 75 parts
1603 1441 41 75 of
1661 1441 19 75 a
1691 1441 140 75 column,
1858 1441 17 75 a
1892 1441 76 75 bare
1982 1441 140 75 uniform
2140 1441 156 75 cylinder,

1268 1487 136 75 without
1429 1487 18 75 a
1469 1487 127 75 capital,
1623 1487 129 75 appears
1776 1487 125 75 naked;
1929 1487 62 75 and
2015 1487 138 75 without
2177 1487 19 75 a
2212 1487 84 75 bate,

1268 1534 129 75 appears
1425 1534 56 75 too
1498 1534 170 75 -ticklifhly
1695 1534 111 75 placed
1834 1534 34 75 to
1896 1534 89 75 ftand
2010 1534 71 75 firm
2094 1534 8 75 j
2102 1534 9 75 -
2140 1534 30 75 It
2195 1534 103 75 ought

1268 1581 162 75 therefore
1450 1581 35 75 to
1500 1581 81 75 have
1597 1581 85 75 fome
1707 1581 144 75 finiflxing
1874 1581 33 75 at
1922 1581 56 75 the
1995 1581 56 75 top
2068 1581 63 75 and
2146 1581 148 75 bottom:

1266 1625 115 75 Hence
1395 1625 55 75 the
1467 1625 90 75 three
1580 1625 90 75 chief
1686 1625 88 75 parts
1792 1625 41 75 of
1850 1625 17 75 a
1884 1625 140 75 column,
2050 1625 55 75 the
2122 1625 92 75 flxaft,
2239 1625 58 75 the

1266 1672 84 75 bafe,
1387 1672 64 75 and
1478 1672 56 75 the
1561 1672 131 75 capital.
1751 1672 126 75 Nature
1904 1672 221 75 undoubtedly
2151 1672 146 75 requires

1267 1720 186 75 proportion
1478 1720 116 75 among
1618 1720 86 75 thefe
1725 1720 103 75 parts,
1854 1720 57 75 but
1935 1720 26 75 it
1982 1720 115 75 admits
2114 1720 41 75 of
2173 1720 125 75 variety

1267 1765 40 75 of
1324 1765 199 75 proportion.
1572 1765 168 75 Vitruvius
1757 1765 62 75 and
1835 1765 86 75 fome
1938 1765 40 75 of
1996 1765 54 75 the
2065 1765 89 75 elder
2170 1765 125 75 writers

1266 1812 83 75 feem
1365 1812 36 75 to
1417 1812 105 75 think,
1548 1812 70 75 that
1635 1812 54 75 the
1701 1812 202 75 proportions
1920 1812 40 75 of
1978 1812 144 75 columns
2139 1812 83 75 were
2237 1812 58 75 de-

1265 1858 91 75 rived
1379 1858 85 75 from
1489 1858 55 75 the
1568 1858 118 75 human
1710 1858 113 75 figure,
1857 1858 55 75 the
1938 1858 115 75 capital
2080 1858 217 75 reprefenting

1266 1906 54 75 the
1347 1906 94 75 head,
1475 1906 55 75 the
1555 1906 72 75 bafe
1652 1906 55 75 the
1735 1906 77 75 feet,
1846 1906 63 75 and
1931 1906 55 75 the
2009 1906 82 75 fliaft
2114 1906 56 75 the
2193 1906 100 75 body.

1264 1952 76 75 The
1356 1952 129 75 Tufcan
1507 1952 57 75 has
1589 1952 79 75 been
1679 1952 212 75 -accordingly
1912 1952 225 75 denominated
2153 1952 56 75 the
2233 1952 62 75 Gi-

1258 1998 118 75 gantic
1385 1998 11 75 ;
1423 1998 54 75 the
1495 1998 116 75 Doric,
1636 1998 55 75 the
1708 1998 209 75 Herculean;
1944 1998 55 75 the
2015 1998 103 75 Ionic,
2145 1998 54 75 the
2212 1998 82 75 Ma-

1264 2043 112 75 tronal
1382 2043 10 75 ;
1419 2043 61 75 and
1505 2043 55 75 the
1584 2043 204 75 Corinthian,
1813 2043 55 75 the
1893 2043 282 75 Virginal:—the
2192 2043 101 75 Cbm-

1263 2090 97 75 pofite
1375 2090 27 75 is
1419 2090 19 75 a
1453 2090 141 75 mixture
1610 2090 40 75 of
1667 2090 56 75 the
1749 2090 191 75 Corinthian
1956 2090 63 75 and
2035 2090 102 75 Ionic.
2186 2090 49 75 As
2257 2090 36 75 to

1265 2137 162 75 the-bafe,
1460 2137 54 75 the
1538 2137 153 75 principle
1716 2137 40 75 of
1775 2137 109 75 utility
1907 2137 175 75 interpofes
2106 2137 35 75 to
2165 2137 80 75 vary
2267 2137 28 75 it

1263 2184 83 75 from
1370 2184 56 75 the
1452 2184 117 75 human
1593 2184 112 75 figure,
1731 2184 61 75 and
1817 2184 35 75 to
1875 2184 189 75 proportion
2087 2184 26 75 it
2136 2184 33 75 fo
2185 2184 35 75 to
2237 2184 56 75 the

1264 2229 116 75 whole,
1405 2229 33 75 as
1456 2229 34 75 to
1507 2229 71 75 give
1594 2229 55 75 the
1665 2229 126 75 column
1805 2229 54 75 the
1872 2229 192 75 appearance
2080 2229 41 75 of
2138 2229 152 75 liability.

1312 2275 130 75 Among
1458 2275 56 75 the
1531 2275 140 75 Greeks,
1697 2275 49 75 we
1768 2275 65 75 find
1850 2275 77 75 only
1942 2275 92 75 three
2050 2275 111 75 orders
2178 2275 41 75 of
2235 2275 57 75 co-

1263 2321 116 75 lumns,
1405 2321 56 75 the
1473 2321 117 75 Doric,
1615 2321 55 75 the
1687 2321 102 75 Ionic,
1814 2321 63 75 and
1889 2321 54 75 the
1960 2321 204 75 Corinthian,
2182 2321 109 75 diftin-

1263 2367 129 75 guiflred
1408 2367 84 75 from
1508 2367 76 75 each
1603 2367 94 75 other
1719 2367 43 75 by
1785 2367 85 75 their
1893 2367 186 75 fteftination
2103 2367 33 75 as
2160 2367 72 75 well
2257 2367 33 75 as

1264 2415 42 75 by
1323 2415 84 75 their
1418 2415 194 75 ornaments.
1661 2415 32 75 It
1706 2415 60 75 has
1783 2415 79 75 been
1878 2415 157 75 difputed,
2061 2415 145 75 whether
2228 2415 64 75 any

1263 2459 71 75 new
1344 2459 96 75 order
1456 2459 57 75 can
1530 2459 39 75 be
1586 2459 104 75 added
1705 2459 34 75 to
1751 2459 86 75 thefe
1849 2459 8 75 :
1887 2459 95 75 Some
1994 2459 80 75 hold
2086 2459 55 75 the
2152 2459 137 75 affirma-

1264 2504 76 75 tive,
1366 2504 61 75 and
1444 2504 72 75 give
1533 2504 50 75 for
1599 2504 151 75 inftances
1766 2504 56 75 the
1846 2504 128 75 Tufcan
1996 2504 62 75 and
2082 2504 182 75 Compofite
2275 2504 12 75 ;

1262 2552 109 75 others
1395 2552 162 75 maintain,
1583 2552 70 75 that
1669 2552 86 75 thefe
1772 2552 150 75 properly
1939 2552 52 75 are
2015 2552 57 75 not
2088 2552 124 75 diftihtf:
2235 2552 52 75 or-

1263 2599 84 75 ders,
1373 2599 57 75 but
1447 2599 76 75 only
1538 2599 55 75 the
1609 2599 133 75 original
1759 2599 111 75 orders
1891 2599 78 75 with
1987 2599 85 75 fome
2088 2599 93 75 flight
2205 2599 83 75 vari-

1262 2644 100 75 ation.
1410 2644 75 75 The
1501 2644 77 75 only
1594 2644 237 75 circumftances
1848 2644 69 75 that
1933 2644 58 75 can
2008 2644 88 75 ferve
2120 2644 35 75 to
2179 2644 108 75 diftin-

1262 2690 86 75 guifli
1366 2690 60 75 one
1449 2690 95 75 order
1559 2690 83 75 from
1666 2690 145 75 another,
1838 2690 52 75 are
1913 2690 57 75 the
1993 2690 83 75 form
2092 2690 40 75 of
2153 2690 54 75 the
2232 2690 54 75 co-

1261 2737 100 75 lumn,
1386 2737 63 75 and
1465 2737 41 75 its
1523 2737 198 75 deftination.
1769 2737 57 75 To
1853 2737 92 75 make
1970 2737 55 75 the
2049 2737 64 75 firft
2138 2737 18 75 a
2178 2737 108 75 diftin-

1261 2783 143 75 guiffiing
1419 2783 89 75 mark
1521 2783 135 75 without
1672 2783 114 75 regard
1800 2783 34 75 to
1851 2783 55 75 the
1922 2783 105 75 other,
2053 2783 109 75 would
2177 2783 109 75 multi-

1260 2830 55 75 ply
1342 2830 111 75 orders
1475 2830 136 75 without
1635 2830 73 75 end.
1761 2830 201 75 Deftination
1988 2830 26 75 is
2037 2830 88 75 more
2148 2830 136 75 limited,

1261 2876 60 75 and
1334 2876 24 75 it
1375 2876 86 75 leads
1478 2876 37 75 us
1533 2876 33 75 to
1584 2876 180 75 diftinguifti
1789 2876 90 75 three
1895 2876 94 75 kinds
2007 2876 39 75 of
2064 2876 111 75 orders
2188 2876 10 75 ;
2225 2876 60 75 one

1260 2923 84 75 plain
1360 2923 61 75 and
1438 2923 117 75 ftrong,
1581 2923 52 75 for
1649 2923 55 75 the
1720 2923 134 75 purpofe
1870 2923 41 75 of
1927 2923 183 75 fupporting
2122 2923 84 75 plain
2224 2923 62 75 and

1259 2969 97 75 mafly
1372 2969 159 75 buildings
1543 2969 10 75 ;
1581 2969 60 75 one
1656 2969 136 75 delicate
1808 2969 64 75 and
1887 2969 156 75 graceful,
2066 2969 53 75 for
2139 2969 147 75 fupport-

1257 3019 54 75 ing
1327 3019 159 75 buildings
1511 3019 40 75 of
1571 3019 71 75 that
1665 3019 183 75 charafier;
1875 3019 62 75 and
1963 3019 144 75 between
2135 3019 99 75 thefe,
2269 3019 19 75 a

1760 3067 20 75 4
1804 3067 35 75 T

2090 3067 9 75 _
2167 3067 6 75 _
2187 3067 100 75 third,
