<?xml version="1.0" encoding="UTF-8"?>
<alto xmlns="http://www.loc.gov/standards/alto/v3/alto.xsd"><Description><MeasurementUnit>pixel</MeasurementUnit><sourceImageInformation><fileName>./data/pdfs/c_188936619/i_144133901/188082693.23.pdf</fileName></sourceImageInformation><OCRProcessing ID="IdOcr"><ocrProcessingStep><processingDateTime>Fri Jul 12 10:37:21 2019
</processingDateTime><processingSoftware><softwareCreator>CONTRIBUTORS</softwareCreator><softwareName>pdfalto</softwareName><softwareVersion>0.1</softwareVersion></processingSoftware></ocrProcessingStep></OCRProcessing></Description><Styles><TextStyle ID="font0" FONTFAMILY="times" FONTSIZE="10.000" FONTTYPE="serif" FONTWIDTH="proportional" FONTCOLOR="#WWWWWW" FONTSTYLE=""/><TextStyle ID="font1" FONTFAMILY="times" FONTSIZE="6.500" FONTTYPE="serif" FONTWIDTH="proportional" FONTCOLOR="#WWWWWW" FONTSTYLE="subscript"/><TextStyle ID="font2" FONTFAMILY="times" FONTSIZE="6.500" FONTTYPE="serif" FONTWIDTH="proportional" FONTCOLOR="#WWWWWW" FONTSTYLE="superscript"/></Styles><Layout><Page ID="Page322" PHYSICAL_IMG_NR="322" WIDTH="2428" HEIGHT="3377"><PrintSpace><TextLine WIDTH="85" HEIGHT="75" ID="p322_t1" HPOS="132" VPOS="172"><String ID="p322_w1" CONTENT="27-2" HPOS="132" VPOS="172" WIDTH="85" HEIGHT="75" STYLEREFS="font0"/></TextLine><TextLine WIDTH="519" HEIGHT="75" ID="p322_t2" HPOS="685" VPOS="172"><String ID="p322_w2" CONTENT="A" HPOS="685" VPOS="172" WIDTH="36" HEIGHT="75" STYLEREFS="font0"/><SP WIDTH="120" VPOS="172" HPOS="721"/><String ID="p322_w3" CONTENT="N" HPOS="841" VPOS="172" WIDTH="44" HEIGHT="75" STYLEREFS="font0"/><SP WIDTH="25" VPOS="172" HPOS="885"/><String ID="p322_w4" CONTENT="•" HPOS="910" VPOS="172" WIDTH="7" HEIGHT="75" STYLEREFS="font0"/><SP WIDTH="88" VPOS="172" HPOS="917"/><String ID="p322_w5" CONTENT="A" HPOS="1005" VPOS="172" WIDTH="40" HEIGHT="75" STYLEREFS="font0"/><SP WIDTH="117" VPOS="172" HPOS="1045"/><String ID="p322_w6" CONTENT="T" HPOS="1162" VPOS="172" WIDTH="42" HEIGHT="75" STYLEREFS="font0"/></TextLine><TextLine WIDTH="1045" HEIGHT="75" ID="p322_t3" HPOS="136" VPOS="228"><String ID="p322_w7" CONTENT="The" HPOS="136" VPOS="228" WIDTH="77" HEIGHT="75" STYLEREFS="font0"/><SP WIDTH="18" VPOS="228" HPOS="213"/><String ID="p322_w8" CONTENT="tunica" HPOS="231" VPOS="228" WIDTH="106" HEIGHT="75" STYLEREFS="font0"/><SP WIDTH="8" VPOS="228" HPOS="337"/><String ID="p322_w9" CONTENT="vaginalis" HPOS="345" VPOS="228" WIDTH="154" HEIGHT="75" STYLEREFS="font0"/><SP WIDTH="12" VPOS="228" HPOS="499"/><String ID="p322_w10" CONTENT="is" HPOS="511" VPOS="228" WIDTH="26" HEIGHT="75" STYLEREFS="font0"/><SP WIDTH="15" VPOS="228" HPOS="537"/><String ID="p322_w11" CONTENT="the" HPOS="552" VPOS="228" WIDTH="55" HEIGHT="75" STYLEREFS="font0"/><SP WIDTH="18" VPOS="228" HPOS="607"/><String ID="p322_w12" CONTENT="mod" HPOS="625" VPOS="228" WIDTH="83" HEIGHT="75" STYLEREFS="font0"/><SP WIDTH="14" VPOS="228" HPOS="708"/><String ID="p322_w13" CONTENT="confiderable" HPOS="722" VPOS="228" WIDTH="214" HEIGHT="75" STYLEREFS="font0"/><SP WIDTH="17" VPOS="228" HPOS="936"/><String ID="p322_w14" CONTENT="of" HPOS="953" VPOS="228" WIDTH="40" HEIGHT="75" STYLEREFS="font0"/><SP WIDTH="12" VPOS="228" HPOS="993"/><String ID="p322_w15" CONTENT="the" HPOS="1005" VPOS="228" WIDTH="55" HEIGHT="75" STYLEREFS="font0"/><SP WIDTH="17" VPOS="228" HPOS="1060"/><String ID="p322_w16" CONTENT="three," HPOS="1077" VPOS="228" WIDTH="104" HEIGHT="75" STYLEREFS="font0"/></TextLine><TextLine WIDTH="1042" HEIGHT="75" ID="p322_t4" HPOS="142" VPOS="274"><String ID="p322_w17" CONTENT="and." HPOS="142" VPOS="274" WIDTH="67" HEIGHT="75" STYLEREFS="font0"/><SP WIDTH="13" VPOS="274" HPOS="209"/><String ID="p322_w18" CONTENT="muft" HPOS="222" VPOS="274" WIDTH="80" HEIGHT="75" STYLEREFS="font0"/><SP WIDTH="15" VPOS="274" HPOS="302"/><String ID="p322_w19" CONTENT="be" HPOS="317" VPOS="274" WIDTH="42" HEIGHT="75" STYLEREFS="font0"/><SP WIDTH="17" VPOS="274" HPOS="359"/><String ID="p322_w20" CONTENT="defcribed" HPOS="376" VPOS="274" WIDTH="167" HEIGHT="75" STYLEREFS="font0"/><SP WIDTH="16" VPOS="274" HPOS="543"/><String ID="p322_w21" CONTENT="firft," HPOS="559" VPOS="274" WIDTH="76" HEIGHT="75" STYLEREFS="font0"/><SP WIDTH="19" VPOS="274" HPOS="635"/><String ID="p322_w22" CONTENT="in" HPOS="654" VPOS="274" WIDTH="33" HEIGHT="75" STYLEREFS="font0"/><SP WIDTH="13" VPOS="274" HPOS="687"/><String ID="p322_w23" CONTENT="order" HPOS="700" VPOS="274" WIDTH="95" HEIGHT="75" STYLEREFS="font0"/><SP WIDTH="17" VPOS="274" HPOS="795"/><String ID="p322_w24" CONTENT="to" HPOS="812" VPOS="274" WIDTH="34" HEIGHT="75" STYLEREFS="font0"/><SP WIDTH="10" VPOS="274" HPOS="846"/><String ID="p322_w25" CONTENT="conceive" HPOS="856" VPOS="274" WIDTH="151" HEIGHT="75" STYLEREFS="font0"/><SP WIDTH="12" VPOS="274" HPOS="1007"/><String ID="p322_w26" CONTENT="the" HPOS="1019" VPOS="274" WIDTH="54" HEIGHT="75" STYLEREFS="font0"/><SP WIDTH="13" VPOS="274" HPOS="1073"/><String ID="p322_w27" CONTENT="ftruc-" HPOS="1086" VPOS="274" WIDTH="98" HEIGHT="75" STYLEREFS="font0"/></TextLine><TextLine WIDTH="1042" HEIGHT="75" ID="p322_t5" HPOS="143" VPOS="322"><String ID="p322_w28" CONTENT="ture" HPOS="143" VPOS="322" WIDTH="73" HEIGHT="75" STYLEREFS="font0"/><SP WIDTH="18" VPOS="322" HPOS="216"/><String ID="p322_w29" CONTENT="and" HPOS="234" VPOS="322" WIDTH="63" HEIGHT="75" STYLEREFS="font0"/><SP WIDTH="15" VPOS="322" HPOS="297"/><String ID="p322_w30" CONTENT="connexion" HPOS="312" VPOS="322" WIDTH="184" HEIGHT="75" STYLEREFS="font0"/><SP WIDTH="18" VPOS="322" HPOS="496"/><String ID="p322_w31" CONTENT="of" HPOS="514" VPOS="322" WIDTH="40" HEIGHT="75" STYLEREFS="font0"/><SP WIDTH="20" VPOS="322" HPOS="554"/><String ID="p322_w32" CONTENT="the" HPOS="574" VPOS="322" WIDTH="57" HEIGHT="75" STYLEREFS="font0"/><SP WIDTH="17" VPOS="322" HPOS="631"/><String ID="p322_w33" CONTENT="cremafter," HPOS="648" VPOS="322" WIDTH="180" HEIGHT="75" STYLEREFS="font0"/><SP WIDTH="27" VPOS="322" HPOS="828"/><String ID="p322_w34" CONTENT="which" HPOS="855" VPOS="322" WIDTH="108" HEIGHT="75" STYLEREFS="font0"/><SP WIDTH="20" VPOS="322" HPOS="963"/><String ID="p322_w35" CONTENT="is" HPOS="983" VPOS="322" WIDTH="27" HEIGHT="75" STYLEREFS="font0"/><SP WIDTH="20" VPOS="322" HPOS="1010"/><String ID="p322_w36" CONTENT="very" HPOS="1030" VPOS="322" WIDTH="78" HEIGHT="75" STYLEREFS="font0"/><SP WIDTH="16" VPOS="322" HPOS="1108"/><String ID="p322_w37" CONTENT="im-" HPOS="1124" VPOS="322" WIDTH="61" HEIGHT="75" STYLEREFS="font0"/></TextLine><TextLine WIDTH="1043" HEIGHT="75" ID="p322_t6" HPOS="143" VPOS="368"><String ID="p322_w38" CONTENT="properly" HPOS="143" VPOS="368" WIDTH="151" HEIGHT="75" STYLEREFS="font0"/><SP WIDTH="16" VPOS="368" HPOS="294"/><String ID="p322_w39" CONTENT="called" HPOS="310" VPOS="368" WIDTH="105" HEIGHT="75" STYLEREFS="font0"/><SP WIDTH="18" VPOS="368" HPOS="415"/><String ID="p322_w40" CONTENT="a" HPOS="433" VPOS="368" WIDTH="18" HEIGHT="75" STYLEREFS="font0"/><SP WIDTH="17" VPOS="368" HPOS="451"/><String ID="p322_w41" CONTENT="coat." HPOS="468" VPOS="368" WIDTH="85" HEIGHT="75" STYLEREFS="font0"/><SP WIDTH="48" VPOS="368" HPOS="553"/><String ID="p322_w42" CONTENT="The" HPOS="601" VPOS="368" WIDTH="78" HEIGHT="75" STYLEREFS="font0"/><SP WIDTH="16" VPOS="368" HPOS="679"/><String ID="p322_w43" CONTENT="albuginea" HPOS="695" VPOS="368" WIDTH="168" HEIGHT="75" STYLEREFS="font0"/><SP WIDTH="15" VPOS="368" HPOS="863"/><String ID="p322_w44" CONTENT="has" HPOS="878" VPOS="368" WIDTH="58" HEIGHT="75" STYLEREFS="font0"/><SP WIDTH="23" VPOS="368" HPOS="936"/><String ID="p322_w45" CONTENT="been" HPOS="959" VPOS="368" WIDTH="80" HEIGHT="75" STYLEREFS="font0"/><SP WIDTH="16" VPOS="368" HPOS="1039"/><String ID="p322_w46" CONTENT="already" HPOS="1055" VPOS="368" WIDTH="131" HEIGHT="75" STYLEREFS="font0"/></TextLine><TextLine WIDTH="459" HEIGHT="75" ID="p322_t7" HPOS="143" VPOS="415"><String ID="p322_w47" CONTENT="defcribed" HPOS="143" VPOS="415" WIDTH="168" HEIGHT="75" STYLEREFS="font0"/><SP WIDTH="17" VPOS="415" HPOS="311"/><String ID="p322_w48" CONTENT="with" HPOS="328" VPOS="415" WIDTH="79" HEIGHT="75" STYLEREFS="font0"/><SP WIDTH="16" VPOS="415" HPOS="407"/><String ID="p322_w49" CONTENT="the" HPOS="423" VPOS="415" WIDTH="56" HEIGHT="75" STYLEREFS="font0"/><SP WIDTH="16" VPOS="415" HPOS="479"/><String ID="p322_w50" CONTENT="teftes." HPOS="495" VPOS="415" WIDTH="107" HEIGHT="75" STYLEREFS="font0"/></TextLine><TextLine WIDTH="996" HEIGHT="75" ID="p322_t8" HPOS="190" VPOS="461"><String ID="p322_w51" CONTENT="The" HPOS="190" VPOS="461" WIDTH="76" HEIGHT="75" STYLEREFS="font0"/><SP WIDTH="25" VPOS="461" HPOS="266"/><String ID="p322_w52" CONTENT="tunica" HPOS="291" VPOS="461" WIDTH="109" HEIGHT="75" STYLEREFS="font0"/><SP WIDTH="22" VPOS="461" HPOS="400"/><String ID="p322_w53" CONTENT="vaginalis" HPOS="422" VPOS="461" WIDTH="154" HEIGHT="75" STYLEREFS="font0"/><SP WIDTH="18" VPOS="461" HPOS="576"/><String ID="p322_w54" CONTENT="is" HPOS="594" VPOS="461" WIDTH="25" HEIGHT="75" STYLEREFS="font0"/><SP WIDTH="27" VPOS="461" HPOS="619"/><String ID="p322_w55" CONTENT="a" HPOS="646" VPOS="461" WIDTH="20" HEIGHT="75" STYLEREFS="font0"/><SP WIDTH="23" VPOS="461" HPOS="666"/><String ID="p322_w56" CONTENT="continuation" HPOS="689" VPOS="461" WIDTH="222" HEIGHT="75" STYLEREFS="font0"/><SP WIDTH="17" VPOS="461" HPOS="911"/><String ID="p322_w57" CONTENT="of" HPOS="928" VPOS="461" WIDTH="41" HEIGHT="75" STYLEREFS="font0"/><SP WIDTH="19" VPOS="461" HPOS="969"/><String ID="p322_w58" CONTENT="the" HPOS="988" VPOS="461" WIDTH="56" HEIGHT="75" STYLEREFS="font0"/><SP WIDTH="28" VPOS="461" HPOS="1044"/><String ID="p322_w59" CONTENT="vagina" HPOS="1072" VPOS="461" WIDTH="114" HEIGHT="75" STYLEREFS="font0"/></TextLine><TextLine WIDTH="1040" HEIGHT="75" ID="p322_t9" HPOS="145" VPOS="508"><String ID="p322_w60" CONTENT="at" HPOS="145" VPOS="508" WIDTH="35" HEIGHT="75" STYLEREFS="font0"/><SP WIDTH="24" VPOS="508" HPOS="180"/><String ID="p322_w61" CONTENT="the" HPOS="204" VPOS="508" WIDTH="57" HEIGHT="75" STYLEREFS="font0"/><SP WIDTH="27" VPOS="508" HPOS="261"/><String ID="p322_w62" CONTENT="fper.matic" HPOS="288" VPOS="508" WIDTH="170" HEIGHT="75" STYLEREFS="font0"/><SP WIDTH="28" VPOS="508" HPOS="458"/><String ID="p322_w63" CONTENT="rope," HPOS="486" VPOS="508" WIDTH="89" HEIGHT="75" STYLEREFS="font0"/><SP WIDTH="16" VPOS="508" HPOS="575"/><String ID="p322_w64" CONTENT=".which," HPOS="591" VPOS="508" WIDTH="129" HEIGHT="75" STYLEREFS="font0"/><SP WIDTH="27" VPOS="508" HPOS="720"/><String ID="p322_w65" CONTENT="as" HPOS="747" VPOS="508" WIDTH="34" HEIGHT="75" STYLEREFS="font0"/><SP WIDTH="23" VPOS="508" HPOS="781"/><String ID="p322_w66" CONTENT="it" HPOS="804" VPOS="508" WIDTH="27" HEIGHT="75" STYLEREFS="font0"/><SP WIDTH="17" VPOS="508" HPOS="831"/><String ID="p322_w67" CONTENT="approaches" HPOS="848" VPOS="508" WIDTH="193" HEIGHT="75" STYLEREFS="font0"/><SP WIDTH="17" VPOS="508" HPOS="1041"/><String ID="p322_w68" CONTENT="the" HPOS="1058" VPOS="508" WIDTH="55" HEIGHT="75" STYLEREFS="font0"/><SP WIDTH="24" VPOS="508" HPOS="1113"/><String ID="p322_w69" CONTENT="te-" HPOS="1137" VPOS="508" WIDTH="48" HEIGHT="75" STYLEREFS="font0"/></TextLine><TextLine WIDTH="1042" HEIGHT="75" ID="p322_t10" HPOS="144" VPOS="555"><String ID="p322_w70" CONTENT="dicle," HPOS="144" VPOS="555" WIDTH="101" HEIGHT="75" STYLEREFS="font0"/><SP WIDTH="26" VPOS="555" HPOS="245"/><String ID="p322_w71" CONTENT="is" HPOS="271" VPOS="555" WIDTH="26" HEIGHT="75" STYLEREFS="font0"/><SP WIDTH="18" VPOS="555" HPOS="297"/><String ID="p322_w72" CONTENT="gradually" HPOS="315" VPOS="555" WIDTH="167" HEIGHT="75" STYLEREFS="font0"/><SP WIDTH="18" VPOS="555" HPOS="482"/><String ID="p322_w73" CONTENT="dilated," HPOS="500" VPOS="555" WIDTH="136" HEIGHT="75" STYLEREFS="font0"/><SP WIDTH="25" VPOS="555" HPOS="636"/><String ID="p322_w74" CONTENT="and" HPOS="661" VPOS="555" WIDTH="63" HEIGHT="75" STYLEREFS="font0"/><SP WIDTH="16" VPOS="555" HPOS="724"/><String ID="p322_w75" CONTENT="forms" HPOS="740" VPOS="555" WIDTH="101" HEIGHT="75" STYLEREFS="font0"/><SP WIDTH="18" VPOS="555" HPOS="841"/><String ID="p322_w76" CONTENT="two" HPOS="859" VPOS="555" WIDTH="66" HEIGHT="75" STYLEREFS="font0"/><SP WIDTH="28" VPOS="555" HPOS="925"/><String ID="p322_w77" CONTENT="capfulse," HPOS="953" VPOS="555" WIDTH="147" HEIGHT="75" STYLEREFS="font0"/><SP WIDTH="25" VPOS="555" HPOS="1100"/><String ID="p322_w78" CONTENT="one" HPOS="1125" VPOS="555" WIDTH="61" HEIGHT="75" STYLEREFS="font0"/></TextLine><TextLine WIDTH="1042" HEIGHT="75" ID="p322_t11" HPOS="145" VPOS="601"><String ID="p322_w79" CONTENT="contained" HPOS="145" VPOS="601" WIDTH="170" HEIGHT="75" STYLEREFS="font0"/><SP WIDTH="34" VPOS="601" HPOS="315"/><String ID="p322_w80" CONTENT="within" HPOS="349" VPOS="601" WIDTH="114" HEIGHT="75" STYLEREFS="font0"/><SP WIDTH="35" VPOS="601" HPOS="463"/><String ID="p322_w81" CONTENT="the" HPOS="498" VPOS="601" WIDTH="55" HEIGHT="75" STYLEREFS="font0"/><SP WIDTH="35" VPOS="601" HPOS="553"/><String ID="p322_w82" CONTENT="other," HPOS="588" VPOS="601" WIDTH="109" HEIGHT="75" STYLEREFS="font0"/><SP WIDTH="34" VPOS="601" HPOS="697"/><String ID="p322_w83" CONTENT="the" HPOS="731" VPOS="601" WIDTH="56" HEIGHT="75" STYLEREFS="font0"/><SP WIDTH="28" VPOS="601" HPOS="787"/><String ID="p322_w84" CONTENT="ext-mal" HPOS="815" VPOS="601" WIDTH="149" HEIGHT="75" STYLEREFS="font0"/><SP WIDTH="35" VPOS="601" HPOS="964"/><String ID="p322_w85" CONTENT="being" HPOS="999" VPOS="601" WIDTH="95" HEIGHT="75" STYLEREFS="font0"/><SP WIDTH="36" VPOS="601" HPOS="1094"/><String ID="p322_w86" CONTENT="the" HPOS="1130" VPOS="601" WIDTH="57" HEIGHT="75" STYLEREFS="font0"/></TextLine><TextLine WIDTH="1044" HEIGHT="75" ID="p322_t12" HPOS="146" VPOS="648"><String ID="p322_w87" CONTENT="longed" HPOS="146" VPOS="648" WIDTH="121" HEIGHT="75" STYLEREFS="font0"/><SP WIDTH="24" VPOS="648" HPOS="267"/><String ID="p322_w88" CONTENT="and" HPOS="291" VPOS="648" WIDTH="63" HEIGHT="75" STYLEREFS="font0"/><SP WIDTH="27" VPOS="648" HPOS="354"/><String ID="p322_w89" CONTENT="broaded" HPOS="381" VPOS="648" WIDTH="147" HEIGHT="75" STYLEREFS="font0"/><SP WIDTH="17" VPOS="648" HPOS="528"/><String ID="p322_w90" CONTENT="at" HPOS="545" VPOS="648" WIDTH="33" HEIGHT="75" STYLEREFS="font0"/><SP WIDTH="17" VPOS="648" HPOS="578"/><String ID="p322_w91" CONTENT="bottom;" HPOS="595" VPOS="648" WIDTH="151" HEIGHT="75" STYLEREFS="font0"/><SP WIDTH="27" VPOS="648" HPOS="746"/><String ID="p322_w92" CONTENT="fo" HPOS="773" VPOS="648" WIDTH="34" HEIGHT="75" STYLEREFS="font0"/><SP WIDTH="18" VPOS="648" HPOS="807"/><String ID="p322_w93" CONTENT="that" HPOS="825" VPOS="648" WIDTH="70" HEIGHT="75" STYLEREFS="font0"/><SP WIDTH="17" VPOS="648" HPOS="895"/><String ID="p322_w94" CONTENT="there" HPOS="912" VPOS="648" WIDTH="92" HEIGHT="75" STYLEREFS="font0"/><SP WIDTH="16" VPOS="648" HPOS="1004"/><String ID="p322_w95" CONTENT="is" HPOS="1020" VPOS="648" WIDTH="26" HEIGHT="75" STYLEREFS="font0"/><SP WIDTH="25" VPOS="648" HPOS="1046"/><String ID="p322_w96" CONTENT="a" HPOS="1071" VPOS="648" WIDTH="19" HEIGHT="75" STYLEREFS="font0"/><SP WIDTH="22" VPOS="648" HPOS="1090"/><String ID="p322_w97" CONTENT="void" HPOS="1112" VPOS="648" WIDTH="78" HEIGHT="75" STYLEREFS="font0"/></TextLine><TextLine WIDTH="1041" HEIGHT="75" ID="p322_t13" HPOS="145" VPOS="695"><String ID="p322_w98" CONTENT="fpace" HPOS="145" VPOS="695" WIDTH="92" HEIGHT="75" STYLEREFS="font0"/><SP WIDTH="17" VPOS="695" HPOS="237"/><String ID="p322_w99" CONTENT="there" HPOS="254" VPOS="695" WIDTH="91" HEIGHT="75" STYLEREFS="font0"/><SP WIDTH="17" VPOS="695" HPOS="345"/><String ID="p322_w100" CONTENT="left" HPOS="362" VPOS="695" WIDTH="61" HEIGHT="75" STYLEREFS="font0"/><SP WIDTH="23" VPOS="695" HPOS="423"/><String ID="p322_w101" CONTENT="between" HPOS="446" VPOS="695" WIDTH="147" HEIGHT="75" STYLEREFS="font0"/><SP WIDTH="25" VPOS="695" HPOS="593"/><String ID="p322_w102" CONTENT="them," HPOS="618" VPOS="695" WIDTH="101" HEIGHT="75" STYLEREFS="font0"/><SP WIDTH="27" VPOS="695" HPOS="719"/><String ID="p322_w103" CONTENT="in" HPOS="746" VPOS="695" WIDTH="34" HEIGHT="75" STYLEREFS="font0"/><SP WIDTH="23" VPOS="695" HPOS="780"/><String ID="p322_w104" CONTENT="which" HPOS="803" VPOS="695" WIDTH="108" HEIGHT="75" STYLEREFS="font0"/><SP WIDTH="25" VPOS="695" HPOS="911"/><String ID="p322_w105" CONTENT="the" HPOS="936" VPOS="695" WIDTH="55" HEIGHT="75" STYLEREFS="font0"/><SP WIDTH="21" VPOS="695" HPOS="991"/><String ID="p322_w106" CONTENT="tedicle" HPOS="1012" VPOS="695" WIDTH="125" HEIGHT="75" STYLEREFS="font0"/><SP WIDTH="23" VPOS="695" HPOS="1137"/><String ID="p322_w107" CONTENT="is" HPOS="1160" VPOS="695" WIDTH="26" HEIGHT="75" STYLEREFS="font0"/></TextLine><TextLine WIDTH="134" HEIGHT="75" ID="p322_t14" HPOS="146" VPOS="743"><String ID="p322_w108" CONTENT="lodged." HPOS="146" VPOS="743" WIDTH="134" HEIGHT="75" STYLEREFS="font0"/></TextLine><TextLine WIDTH="992" HEIGHT="75" ID="p322_t15" HPOS="195" VPOS="788"><String ID="p322_w109" CONTENT="The" HPOS="195" VPOS="788" WIDTH="77" HEIGHT="75" STYLEREFS="font0"/><SP WIDTH="17" VPOS="788" HPOS="272"/><String ID="p322_w110" CONTENT="inner" HPOS="289" VPOS="788" WIDTH="91" HEIGHT="75" STYLEREFS="font0"/><SP WIDTH="14" VPOS="788" HPOS="380"/><String ID="p322_w111" CONTENT="furface" HPOS="394" VPOS="788" WIDTH="124" HEIGHT="75" STYLEREFS="font0"/><SP WIDTH="16" VPOS="788" HPOS="518"/><String ID="p322_w112" CONTENT="of" HPOS="534" VPOS="788" WIDTH="41" HEIGHT="75" STYLEREFS="font0"/><SP WIDTH="18" VPOS="788" HPOS="575"/><String ID="p322_w113" CONTENT="this" HPOS="593" VPOS="788" WIDTH="65" HEIGHT="75" STYLEREFS="font0"/><SP WIDTH="18" VPOS="788" HPOS="658"/><String ID="p322_w114" CONTENT="coat" HPOS="676" VPOS="788" WIDTH="73" HEIGHT="75" STYLEREFS="font0"/><SP WIDTH="16" VPOS="788" HPOS="749"/><String ID="p322_w115" CONTENT="is" HPOS="765" VPOS="788" WIDTH="27" HEIGHT="75" STYLEREFS="font0"/><SP WIDTH="13" VPOS="788" HPOS="792"/><String ID="p322_w116" CONTENT="lined" HPOS="805" VPOS="788" WIDTH="91" HEIGHT="75" STYLEREFS="font0"/><SP WIDTH="16" VPOS="788" HPOS="896"/><String ID="p322_w117" CONTENT="by" HPOS="912" VPOS="788" WIDTH="45" HEIGHT="75" STYLEREFS="font0"/><SP WIDTH="16" VPOS="788" HPOS="957"/><String ID="p322_w118" CONTENT="a" HPOS="973" VPOS="788" WIDTH="19" HEIGHT="75" STYLEREFS="font0"/><SP WIDTH="16" VPOS="788" HPOS="992"/><String ID="p322_w119" CONTENT="fine" HPOS="1008" VPOS="788" WIDTH="62" HEIGHT="75" STYLEREFS="font0"/><SP WIDTH="18" VPOS="788" HPOS="1070"/><String ID="p322_w120" CONTENT="mem-" HPOS="1088" VPOS="788" WIDTH="99" HEIGHT="75" STYLEREFS="font0"/></TextLine><TextLine WIDTH="1044" HEIGHT="75" ID="p322_t16" HPOS="145" VPOS="835"><String ID="p322_w121" CONTENT="brane," HPOS="145" VPOS="835" WIDTH="110" HEIGHT="75" STYLEREFS="font0"/><SP WIDTH="28" VPOS="835" HPOS="255"/><String ID="p322_w122" CONTENT="which" HPOS="283" VPOS="835" WIDTH="106" HEIGHT="75" STYLEREFS="font0"/><SP WIDTH="18" VPOS="835" HPOS="389"/><String ID="p322_w123" CONTENT="drengthens" HPOS="407" VPOS="835" WIDTH="198" HEIGHT="75" STYLEREFS="font0"/><SP WIDTH="19" VPOS="835" HPOS="605"/><String ID="p322_w124" CONTENT="the" HPOS="624" VPOS="835" WIDTH="54" HEIGHT="75" STYLEREFS="font0"/><SP WIDTH="17" VPOS="835" HPOS="678"/><String ID="p322_w125" CONTENT="bottom" HPOS="695" VPOS="835" WIDTH="129" HEIGHT="75" STYLEREFS="font0"/><SP WIDTH="18" VPOS="835" HPOS="824"/><String ID="p322_w126" CONTENT="of" HPOS="842" VPOS="835" WIDTH="40" HEIGHT="75" STYLEREFS="font0"/><SP WIDTH="18" VPOS="835" HPOS="882"/><String ID="p322_w127" CONTENT="the" HPOS="900" VPOS="835" WIDTH="57" HEIGHT="75" STYLEREFS="font0"/><SP WIDTH="16" VPOS="835" HPOS="957"/><String ID="p322_w128" CONTENT="vagina," HPOS="973" VPOS="835" WIDTH="126" HEIGHT="75" STYLEREFS="font0"/><SP WIDTH="27" VPOS="835" HPOS="1099"/><String ID="p322_w129" CONTENT="and" HPOS="1126" VPOS="835" WIDTH="63" HEIGHT="75" STYLEREFS="font0"/></TextLine><TextLine WIDTH="1042" HEIGHT="75" ID="p322_t17" HPOS="147" VPOS="882"><String ID="p322_w130" CONTENT="forms" HPOS="147" VPOS="882" WIDTH="101" HEIGHT="75" STYLEREFS="font0"/><SP WIDTH="17" VPOS="882" HPOS="248"/><String ID="p322_w131" CONTENT="a" HPOS="265" VPOS="882" WIDTH="19" HEIGHT="75" STYLEREFS="font0"/><SP WIDTH="15" VPOS="882" HPOS="284"/><String ID="p322_w132" CONTENT="kind" HPOS="299" VPOS="882" WIDTH="80" HEIGHT="75" STYLEREFS="font0"/><SP WIDTH="16" VPOS="882" HPOS="379"/><String ID="p322_w133" CONTENT="of" HPOS="395" VPOS="882" WIDTH="40" HEIGHT="75" STYLEREFS="font0"/><SP WIDTH="7" VPOS="882" HPOS="435"/><String ID="p322_w134" CONTENT="diaphragm," HPOS="442" VPOS="882" WIDTH="200" HEIGHT="75" STYLEREFS="font0"/><SP WIDTH="25" VPOS="882" HPOS="642"/><String ID="p322_w135" CONTENT="which" HPOS="667" VPOS="882" WIDTH="108" HEIGHT="75" STYLEREFS="font0"/><SP WIDTH="13" VPOS="882" HPOS="775"/><String ID="p322_w136" CONTENT="prevents" HPOS="788" VPOS="882" WIDTH="147" HEIGHT="75" STYLEREFS="font0"/><SP WIDTH="18" VPOS="882" HPOS="935"/><String ID="p322_w137" CONTENT="all" HPOS="953" VPOS="882" WIDTH="43" HEIGHT="75" STYLEREFS="font0"/><SP WIDTH="17" VPOS="882" HPOS="996"/><String ID="p322_w138" CONTENT="communi-" HPOS="1013" VPOS="882" WIDTH="176" HEIGHT="75" STYLEREFS="font0"/></TextLine><TextLine WIDTH="1042" HEIGHT="75" ID="p322_t18" HPOS="148" VPOS="928"><String ID="p322_w139" CONTENT="cation" HPOS="148" VPOS="928" WIDTH="107" HEIGHT="75" STYLEREFS="font0"/><SP WIDTH="16" VPOS="928" HPOS="255"/><String ID="p322_w140" CONTENT="between" HPOS="271" VPOS="928" WIDTH="146" HEIGHT="75" STYLEREFS="font0"/><SP WIDTH="17" VPOS="928" HPOS="417"/><String ID="p322_w141" CONTENT="the" HPOS="434" VPOS="928" WIDTH="55" HEIGHT="75" STYLEREFS="font0"/><SP WIDTH="17" VPOS="928" HPOS="489"/><String ID="p322_w142" CONTENT="vagina" HPOS="506" VPOS="928" WIDTH="115" HEIGHT="75" STYLEREFS="font0"/><SP WIDTH="15" VPOS="928" HPOS="621"/><String ID="p322_w143" CONTENT="of" HPOS="636" VPOS="928" WIDTH="41" HEIGHT="75" STYLEREFS="font0"/><SP WIDTH="18" VPOS="928" HPOS="677"/><String ID="p322_w144" CONTENT="the" HPOS="695" VPOS="928" WIDTH="56" HEIGHT="75" STYLEREFS="font0"/><SP WIDTH="16" VPOS="928" HPOS="751"/><String ID="p322_w145" CONTENT="fpermatic" HPOS="767" VPOS="928" WIDTH="171" HEIGHT="75" STYLEREFS="font0"/><SP WIDTH="16" VPOS="928" HPOS="938"/><String ID="p322_w146" CONTENT="rope" HPOS="954" VPOS="928" WIDTH="79" HEIGHT="75" STYLEREFS="font0"/><SP WIDTH="20" VPOS="928" HPOS="1033"/><String ID="p322_w147" CONTENT="and" HPOS="1053" VPOS="928" WIDTH="64" HEIGHT="75" STYLEREFS="font0"/><SP WIDTH="16" VPOS="928" HPOS="1117"/><String ID="p322_w148" CONTENT="the" HPOS="1133" VPOS="928" WIDTH="57" HEIGHT="75" STYLEREFS="font0"/></TextLine><TextLine WIDTH="549" HEIGHT="75" ID="p322_t19" HPOS="149" VPOS="976"><String ID="p322_w149" CONTENT="tunica" HPOS="149" VPOS="976" WIDTH="109" HEIGHT="75" STYLEREFS="font0"/><SP WIDTH="15" VPOS="976" HPOS="258"/><String ID="p322_w150" CONTENT="vaginalis" HPOS="273" VPOS="976" WIDTH="153" HEIGHT="75" STYLEREFS="font0"/><SP WIDTH="18" VPOS="976" HPOS="426"/><String ID="p322_w151" CONTENT="of" HPOS="444" VPOS="976" WIDTH="40" HEIGHT="75" STYLEREFS="font0"/><SP WIDTH="13" VPOS="976" HPOS="484"/><String ID="p322_w152" CONTENT="the" HPOS="497" VPOS="976" WIDTH="54" HEIGHT="75" STYLEREFS="font0"/><SP WIDTH="13" VPOS="976" HPOS="551"/><String ID="p322_w153" CONTENT="tedicle." HPOS="564" VPOS="976" WIDTH="134" HEIGHT="75" STYLEREFS="font0"/></TextLine><TextLine WIDTH="1024" HEIGHT="75" ID="p322_t20" HPOS="166" VPOS="1022"><String ID="p322_w154" CONTENT="•" HPOS="166" VPOS="1022" WIDTH="3" HEIGHT="75" STYLEREFS="font0"/><SP WIDTH="25" VPOS="1022" HPOS="169"/><String ID="p322_w155" CONTENT="The" HPOS="194" VPOS="1022" WIDTH="79" HEIGHT="75" STYLEREFS="font0"/><SP WIDTH="23" VPOS="1022" HPOS="273"/><String ID="p322_w156" CONTENT="cremafter," HPOS="296" VPOS="1022" WIDTH="183" HEIGHT="75" STYLEREFS="font0"/><SP WIDTH="23" VPOS="1022" HPOS="479"/><String ID="p322_w157" CONTENT="improperly" HPOS="502" VPOS="1022" WIDTH="197" HEIGHT="75" STYLEREFS="font0"/><SP WIDTH="26" VPOS="1022" HPOS="699"/><String ID="p322_w158" CONTENT="termed" HPOS="725" VPOS="1022" WIDTH="127" HEIGHT="75" STYLEREFS="font0"/><SP WIDTH="27" VPOS="1022" HPOS="852"/><String ID="p322_w159" CONTENT="a" HPOS="879" VPOS="1022" WIDTH="19" HEIGHT="75" STYLEREFS="font0"/><SP WIDTH="16" VPOS="1022" HPOS="898"/><String ID="p322_w160" CONTENT="coat," HPOS="914" VPOS="1022" WIDTH="86" HEIGHT="75" STYLEREFS="font0"/><SP WIDTH="26" VPOS="1022" HPOS="1000"/><String ID="p322_w161" CONTENT="is" HPOS="1026" VPOS="1022" WIDTH="26" HEIGHT="75" STYLEREFS="font0"/><SP WIDTH="25" VPOS="1022" HPOS="1052"/><String ID="p322_w162" CONTENT="a" HPOS="1077" VPOS="1022" WIDTH="19" HEIGHT="75" STYLEREFS="font0"/><SP WIDTH="23" VPOS="1022" HPOS="1096"/><String ID="p322_w163" CONTENT="thin" HPOS="1119" VPOS="1022" WIDTH="71" HEIGHT="75" STYLEREFS="font0"/></TextLine><TextLine WIDTH="1041" HEIGHT="75" ID="p322_t21" HPOS="150" VPOS="1069"><String ID="p322_w164" CONTENT="rcufcle" HPOS="150" VPOS="1069" WIDTH="119" HEIGHT="75" STYLEREFS="font0"/><SP WIDTH="11" VPOS="1069" HPOS="269"/><String ID="p322_w165" CONTENT="or" HPOS="280" VPOS="1069" WIDTH="42" HEIGHT="75" STYLEREFS="font0"/><SP WIDTH="20" VPOS="1069" HPOS="322"/><String ID="p322_w166" CONTENT="fklhy" HPOS="342" VPOS="1069" WIDTH="98" HEIGHT="75" STYLEREFS="font0"/><SP WIDTH="18" VPOS="1069" HPOS="440"/><String ID="p322_w167" CONTENT="-plane," HPOS="458" VPOS="1069" WIDTH="111" HEIGHT="75" STYLEREFS="font0"/><SP WIDTH="26" VPOS="1069" HPOS="569"/><String ID="p322_w168" CONTENT="which" HPOS="595" VPOS="1069" WIDTH="106" HEIGHT="75" STYLEREFS="font0"/><SP WIDTH="25" VPOS="1069" HPOS="701"/><String ID="p322_w169" CONTENT="runs" HPOS="726" VPOS="1069" WIDTH="76" HEIGHT="75" STYLEREFS="font0"/><SP WIDTH="16" VPOS="1069" HPOS="802"/><String ID="p322_w170" CONTENT="down" HPOS="818" VPOS="1069" WIDTH="97" HEIGHT="75" STYLEREFS="font0"/><SP WIDTH="27" VPOS="1069" HPOS="915"/><String ID="p322_w171" CONTENT="round" HPOS="942" VPOS="1069" WIDTH="106" HEIGHT="75" STYLEREFS="font0"/><SP WIDTH="16" VPOS="1069" HPOS="1048"/><String ID="p322_w172" CONTENT="the" HPOS="1064" VPOS="1069" WIDTH="56" HEIGHT="75" STYLEREFS="font0"/><SP WIDTH="16" VPOS="1069" HPOS="1120"/><String ID="p322_w173" CONTENT="va-" HPOS="1136" VPOS="1069" WIDTH="55" HEIGHT="75" STYLEREFS="font0"/></TextLine><TextLine WIDTH="1040" HEIGHT="75" ID="p322_t22" HPOS="152" VPOS="1116"><String ID="p322_w174" CONTENT="gina" HPOS="152" VPOS="1116" WIDTH="74" HEIGHT="75" STYLEREFS="font0"/><SP WIDTH="19" VPOS="1116" HPOS="226"/><String ID="p322_w175" CONTENT="of" HPOS="245" VPOS="1116" WIDTH="41" HEIGHT="75" STYLEREFS="font0"/><SP WIDTH="19" VPOS="1116" HPOS="286"/><String ID="p322_w176" CONTENT="the" HPOS="305" VPOS="1116" WIDTH="56" HEIGHT="75" STYLEREFS="font0"/><SP WIDTH="13" VPOS="1116" HPOS="361"/><String ID="p322_w177" CONTENT="fpermatic" HPOS="374" VPOS="1116" WIDTH="171" HEIGHT="75" STYLEREFS="font0"/><SP WIDTH="24" VPOS="1116" HPOS="545"/><String ID="p322_w178" CONTENT="rope," HPOS="569" VPOS="1116" WIDTH="90" HEIGHT="75" STYLEREFS="font0"/><SP WIDTH="25" VPOS="1116" HPOS="659"/><String ID="p322_w179" CONTENT="and" HPOS="684" VPOS="1116" WIDTH="64" HEIGHT="75" STYLEREFS="font0"/><SP WIDTH="15" VPOS="1116" HPOS="748"/><String ID="p322_w180" CONTENT="terminates" HPOS="763" VPOS="1116" WIDTH="186" HEIGHT="75" STYLEREFS="font0"/><SP WIDTH="16" VPOS="1116" HPOS="949"/><String ID="p322_w181" CONTENT="in" HPOS="965" VPOS="1116" WIDTH="33" HEIGHT="75" STYLEREFS="font0"/><SP WIDTH="17" VPOS="1116" HPOS="998"/><String ID="p322_w182" CONTENT="the" HPOS="1015" VPOS="1116" WIDTH="55" HEIGHT="75" STYLEREFS="font0"/><SP WIDTH="13" VPOS="1116" HPOS="1070"/><String ID="p322_w183" CONTENT="tunica" HPOS="1083" VPOS="1116" WIDTH="109" HEIGHT="75" STYLEREFS="font0"/></TextLine><TextLine WIDTH="444" HEIGHT="75" ID="p322_t23" HPOS="149" VPOS="1163"><String ID="p322_w184" CONTENT="vaginalis" HPOS="149" VPOS="1163" WIDTH="155" HEIGHT="75" STYLEREFS="font0"/><SP WIDTH="19" VPOS="1163" HPOS="304"/><String ID="p322_w185" CONTENT="of" HPOS="323" VPOS="1163" WIDTH="40" HEIGHT="75" STYLEREFS="font0"/><SP WIDTH="20" VPOS="1163" HPOS="363"/><String ID="p322_w186" CONTENT="the" HPOS="383" VPOS="1163" WIDTH="55" HEIGHT="75" STYLEREFS="font0"/><SP WIDTH="17" VPOS="1163" HPOS="438"/><String ID="p322_w187" CONTENT="tefticle." HPOS="455" VPOS="1163" WIDTH="138" HEIGHT="75" STYLEREFS="font0"/></TextLine><TextLine WIDTH="995" HEIGHT="75" ID="p322_t24" HPOS="196" VPOS="1208"><String ID="p322_w188" CONTENT="It" HPOS="196" VPOS="1208" WIDTH="33" HEIGHT="75" STYLEREFS="font0"/><SP WIDTH="30" VPOS="1208" HPOS="229"/><String ID="p322_w189" CONTENT="furrounds" HPOS="259" VPOS="1208" WIDTH="173" HEIGHT="75" STYLEREFS="font0"/><SP WIDTH="32" VPOS="1208" HPOS="432"/><String ID="p322_w190" CONTENT="almoft" HPOS="464" VPOS="1208" WIDTH="111" HEIGHT="75" STYLEREFS="font0"/><SP WIDTH="30" VPOS="1208" HPOS="575"/><String ID="p322_w191" CONTENT="the" HPOS="605" VPOS="1208" WIDTH="57" HEIGHT="75" STYLEREFS="font0"/><SP WIDTH="31" VPOS="1208" HPOS="662"/><String ID="p322_w192" CONTENT="whole" HPOS="693" VPOS="1208" WIDTH="107" HEIGHT="75" STYLEREFS="font0"/><SP WIDTH="31" VPOS="1208" HPOS="800"/><String ID="p322_w193" CONTENT="yagina," HPOS="831" VPOS="1208" WIDTH="127" HEIGHT="75" STYLEREFS="font0"/><SP WIDTH="35" VPOS="1208" HPOS="958"/><String ID="p322_w194" CONTENT="and" HPOS="993" VPOS="1208" WIDTH="63" HEIGHT="75" STYLEREFS="font0"/><SP WIDTH="36" VPOS="1208" HPOS="1056"/><String ID="p322_w195" CONTENT="after-" HPOS="1092" VPOS="1208" WIDTH="99" HEIGHT="75" STYLEREFS="font0"/></TextLine><TextLine WIDTH="1045" HEIGHT="75" ID="p322_t25" HPOS="151" VPOS="1255"><String ID="p322_w196" CONTENT="wards" HPOS="151" VPOS="1255" WIDTH="106" HEIGHT="75" STYLEREFS="font0"/><SP WIDTH="17" VPOS="1255" HPOS="257"/><String ID="p322_w197" CONTENT="expands" HPOS="274" VPOS="1255" WIDTH="144" HEIGHT="75" STYLEREFS="font0"/><SP WIDTH="16" VPOS="1255" HPOS="418"/><String ID="p322_w198" CONTENT="itfelf" HPOS="434" VPOS="1255" WIDTH="91" HEIGHT="75" STYLEREFS="font0"/><SP WIDTH="19" VPOS="1255" HPOS="525"/><String ID="p322_w199" CONTENT="on" HPOS="544" VPOS="1255" WIDTH="41" HEIGHT="75" STYLEREFS="font0"/><SP WIDTH="25" VPOS="1255" HPOS="585"/><String ID="p322_w200" CONTENT="the" HPOS="610" VPOS="1255" WIDTH="57" HEIGHT="75" STYLEREFS="font0"/><SP WIDTH="22" VPOS="1255" HPOS="667"/><String ID="p322_w201" CONTENT="upper" HPOS="689" VPOS="1255" WIDTH="99" HEIGHT="75" STYLEREFS="font0"/><SP WIDTH="26" VPOS="1255" HPOS="788"/><String ID="p322_w202" CONTENT="and" HPOS="814" VPOS="1255" WIDTH="62" HEIGHT="75" STYLEREFS="font0"/><SP WIDTH="17" VPOS="1255" HPOS="876"/><String ID="p322_w203" CONTENT="external" HPOS="893" VPOS="1255" WIDTH="146" HEIGHT="75" STYLEREFS="font0"/><SP WIDTH="16" VPOS="1255" HPOS="1039"/><String ID="p322_w204" CONTENT="part" HPOS="1055" VPOS="1255" WIDTH="73" HEIGHT="75" STYLEREFS="font0"/><SP WIDTH="28" VPOS="1255" HPOS="1128"/><String ID="p322_w205" CONTENT="of" HPOS="1156" VPOS="1255" WIDTH="40" HEIGHT="75" STYLEREFS="font0"/></TextLine><TextLine WIDTH="963" HEIGHT="75" ID="p322_t26" HPOS="157" VPOS="1302"><String ID="p322_w206" CONTENT="the" HPOS="157" VPOS="1302" WIDTH="57" HEIGHT="75" STYLEREFS="font0"/><SP WIDTH="16" VPOS="1302" HPOS="214"/><String ID="p322_w207" CONTENT="tunica" HPOS="230" VPOS="1302" WIDTH="109" HEIGHT="75" STYLEREFS="font0"/><SP WIDTH="15" VPOS="1302" HPOS="339"/><String ID="p322_w208" CONTENT="vaginalis," HPOS="354" VPOS="1302" WIDTH="166" HEIGHT="75" STYLEREFS="font0"/><SP WIDTH="26" VPOS="1302" HPOS="520"/><String ID="p322_w209" CONTENT="in" HPOS="546" VPOS="1302" WIDTH="33" HEIGHT="75" STYLEREFS="font0"/><SP WIDTH="18" VPOS="1302" HPOS="579"/><String ID="p322_w210" CONTENT="which" HPOS="597" VPOS="1302" WIDTH="105" HEIGHT="75" STYLEREFS="font0"/><SP WIDTH="17" VPOS="1302" HPOS="702"/><String ID="p322_w211" CONTENT="it" HPOS="719" VPOS="1302" WIDTH="26" HEIGHT="75" STYLEREFS="font0"/><SP WIDTH="26" VPOS="1302" HPOS="745"/><String ID="p322_w212" CONTENT="is" HPOS="771" VPOS="1302" WIDTH="26" HEIGHT="75" STYLEREFS="font0"/><SP WIDTH="19" VPOS="1302" HPOS="797"/><String ID="p322_w213" CONTENT="inferted" HPOS="816" VPOS="1302" WIDTH="139" HEIGHT="75" STYLEREFS="font0"/><SP WIDTH="16" VPOS="1302" HPOS="955"/><String ID="p322_w214" CONTENT="and" HPOS="971" VPOS="1302" WIDTH="63" HEIGHT="75" STYLEREFS="font0"/><SP WIDTH="14" VPOS="1302" HPOS="1034"/><String ID="p322_w215" CONTENT="loft." HPOS="1048" VPOS="1302" WIDTH="72" HEIGHT="75" STYLEREFS="font0"/></TextLine><TextLine WIDTH="1021" HEIGHT="75" ID="p322_t27" HPOS="174" VPOS="1348"><String ID="p322_w216" CONTENT="." HPOS="174" VPOS="1348" WIDTH="3" HEIGHT="75" STYLEREFS="font0"/><SP WIDTH="21" VPOS="1348" HPOS="177"/><String ID="p322_w217" CONTENT="It" HPOS="198" VPOS="1348" WIDTH="34" HEIGHT="75" STYLEREFS="font0"/><SP WIDTH="18" VPOS="1348" HPOS="232"/><String ID="p322_w218" CONTENT="arifes" HPOS="250" VPOS="1348" WIDTH="94" HEIGHT="75" STYLEREFS="font0"/><SP WIDTH="32" VPOS="1348" HPOS="344"/><String ID="p322_w219" CONTENT="partly" HPOS="376" VPOS="1348" WIDTH="108" HEIGHT="75" STYLEREFS="font0"/><SP WIDTH="28" VPOS="1348" HPOS="484"/><String ID="p322_w220" CONTENT="from" HPOS="512" VPOS="1348" WIDTH="85" HEIGHT="75" STYLEREFS="font0"/><SP WIDTH="33" VPOS="1348" HPOS="597"/><String ID="p322_w221" CONTENT="the" HPOS="630" VPOS="1348" WIDTH="56" HEIGHT="75" STYLEREFS="font0"/><SP WIDTH="27" VPOS="1348" HPOS="686"/><String ID="p322_w222" CONTENT="ligamentum" HPOS="713" VPOS="1348" WIDTH="208" HEIGHT="75" STYLEREFS="font0"/><SP WIDTH="26" VPOS="1348" HPOS="921"/><String ID="p322_w223" CONTENT="Fallopii," HPOS="947" VPOS="1348" WIDTH="150" HEIGHT="75" STYLEREFS="font0"/><SP WIDTH="33" VPOS="1348" HPOS="1097"/><String ID="p322_w224" CONTENT="and" HPOS="1130" VPOS="1348" WIDTH="65" HEIGHT="75" STYLEREFS="font0"/></TextLine><TextLine WIDTH="1041" HEIGHT="81" ID="p322_t28" HPOS="151" VPOS="1395"><String ID="p322_w225" CONTENT="partly" HPOS="151" VPOS="1395" WIDTH="109" HEIGHT="75" STYLEREFS="font0"/><SP WIDTH="15" VPOS="1395" HPOS="260"/><String ID="p322_w226" CONTENT="from" HPOS="275" VPOS="1395" WIDTH="86" HEIGHT="75" STYLEREFS="font0"/><SP WIDTH="17" VPOS="1395" HPOS="361"/><String ID="p322_w227" CONTENT="the" HPOS="378" VPOS="1395" WIDTH="55" HEIGHT="75" STYLEREFS="font0"/><SP WIDTH="16" VPOS="1395" HPOS="433"/><String ID="p322_w228" CONTENT="lower" HPOS="449" VPOS="1395" WIDTH="101" HEIGHT="75" STYLEREFS="font0"/><SP WIDTH="16" VPOS="1395" HPOS="550"/><String ID="p322_w229" CONTENT="edge" HPOS="566" VPOS="1395" WIDTH="81" HEIGHT="75" STYLEREFS="font0"/><SP WIDTH="12" VPOS="1395" HPOS="647"/><String ID="p322_w230" CONTENT="4" HPOS="659" VPOS="1427" WIDTH="9" HEIGHT="49" STYLEREFS="font1"/><String ID="p322_w231" CONTENT="of" HPOS="668" VPOS="1395" WIDTH="47" HEIGHT="75" STYLEREFS="font0"/><SP WIDTH="18" VPOS="1395" HPOS="715"/><String ID="p322_w232" CONTENT="the" HPOS="733" VPOS="1395" WIDTH="56" HEIGHT="75" STYLEREFS="font0"/><SP WIDTH="15" VPOS="1395" HPOS="789"/><String ID="p322_w233" CONTENT="internal" HPOS="804" VPOS="1395" WIDTH="136" HEIGHT="75" STYLEREFS="font0"/><SP WIDTH="18" VPOS="1395" HPOS="940"/><String ID="p322_w234" CONTENT="oblique" HPOS="958" VPOS="1395" WIDTH="129" HEIGHT="75" STYLEREFS="font0"/><SP WIDTH="22" VPOS="1395" HPOS="1087"/><String ID="p322_w235" CONTENT="muf-" HPOS="1109" VPOS="1395" WIDTH="83" HEIGHT="75" STYLEREFS="font0"/></TextLine><TextLine WIDTH="1037" HEIGHT="75" ID="p322_t29" HPOS="154" VPOS="1442"><String ID="p322_w236" CONTENT="cle" HPOS="154" VPOS="1442" WIDTH="49" HEIGHT="75" STYLEREFS="font0"/><SP WIDTH="18" VPOS="1442" HPOS="203"/><String ID="p322_w237" CONTENT="of" HPOS="221" VPOS="1442" WIDTH="40" HEIGHT="75" STYLEREFS="font0"/><SP WIDTH="12" VPOS="1442" HPOS="261"/><String ID="p322_w238" CONTENT="the" HPOS="273" VPOS="1442" WIDTH="55" HEIGHT="75" STYLEREFS="font0"/><SP WIDTH="17" VPOS="1442" HPOS="328"/><String ID="p322_w239" CONTENT="abdomen;" HPOS="345" VPOS="1442" WIDTH="178" HEIGHT="75" STYLEREFS="font0"/><SP WIDTH="28" VPOS="1442" HPOS="523"/><String ID="p322_w240" CONTENT="and" HPOS="551" VPOS="1442" WIDTH="62" HEIGHT="75" STYLEREFS="font0"/><SP WIDTH="17" VPOS="1442" HPOS="613"/><String ID="p322_w241" CONTENT="on" HPOS="630" VPOS="1442" WIDTH="41" HEIGHT="75" STYLEREFS="font0"/><SP WIDTH="17" VPOS="1442" HPOS="671"/><String ID="p322_w242" CONTENT="this" HPOS="688" VPOS="1442" WIDTH="64" HEIGHT="75" STYLEREFS="font0"/><SP WIDTH="18" VPOS="1442" HPOS="752"/><String ID="p322_w243" CONTENT="account" HPOS="770" VPOS="1442" WIDTH="136" HEIGHT="75" STYLEREFS="font0"/><SP WIDTH="27" VPOS="1442" HPOS="906"/><String ID="p322_w244" CONTENT="it" HPOS="933" VPOS="1442" WIDTH="26" HEIGHT="75" STYLEREFS="font0"/><SP WIDTH="16" VPOS="1442" HPOS="959"/><String ID="p322_w245" CONTENT="feems" HPOS="975" VPOS="1442" WIDTH="99" HEIGHT="75" STYLEREFS="font0"/><SP WIDTH="17" VPOS="1442" HPOS="1074"/><String ID="p322_w246" CONTENT="fome-" HPOS="1091" VPOS="1442" WIDTH="100" HEIGHT="75" STYLEREFS="font0"/></TextLine><TextLine WIDTH="827" HEIGHT="75" ID="p322_t30" HPOS="152" VPOS="1488"><String ID="p322_w247" CONTENT="times" HPOS="152" VPOS="1488" WIDTH="94" HEIGHT="75" STYLEREFS="font0"/><SP WIDTH="17" VPOS="1488" HPOS="246"/><String ID="p322_w248" CONTENT="to" HPOS="263" VPOS="1488" WIDTH="35" HEIGHT="75" STYLEREFS="font0"/><SP WIDTH="25" VPOS="1488" HPOS="298"/><String ID="p322_w249" CONTENT="arife" HPOS="323" VPOS="1488" WIDTH="79" HEIGHT="75" STYLEREFS="font0"/><SP WIDTH="16" VPOS="1488" HPOS="402"/><String ID="p322_w250" CONTENT="from" HPOS="418" VPOS="1488" WIDTH="85" HEIGHT="75" STYLEREFS="font0"/><SP WIDTH="18" VPOS="1488" HPOS="503"/><String ID="p322_w251" CONTENT="the" HPOS="521" VPOS="1488" WIDTH="55" HEIGHT="75" STYLEREFS="font0"/><SP WIDTH="17" VPOS="1488" HPOS="576"/><String ID="p322_w252" CONTENT="fpine" HPOS="593" VPOS="1488" WIDTH="85" HEIGHT="75" STYLEREFS="font0"/><SP WIDTH="12" VPOS="1488" HPOS="678"/><String ID="p322_w253" CONTENT="of" HPOS="690" VPOS="1488" WIDTH="40" HEIGHT="75" STYLEREFS="font0"/><SP WIDTH="12" VPOS="1488" HPOS="730"/><String ID="p322_w254" CONTENT="the" HPOS="742" VPOS="1488" WIDTH="55" HEIGHT="75" STYLEREFS="font0"/><SP WIDTH="17" VPOS="1488" HPOS="797"/><String ID="p322_w255" CONTENT="os" HPOS="814" VPOS="1488" WIDTH="36" HEIGHT="75" STYLEREFS="font0"/><SP WIDTH="24" VPOS="1488" HPOS="850"/><String ID="p322_w256" CONTENT="ilium." HPOS="874" VPOS="1488" WIDTH="105" HEIGHT="75" STYLEREFS="font0"/></TextLine><TextLine WIDTH="997" HEIGHT="75" ID="p322_t31" HPOS="197" VPOS="1535"><String ID="p322_w257" CONTENT="The" HPOS="197" VPOS="1535" WIDTH="77" HEIGHT="75" STYLEREFS="font0"/><SP WIDTH="12" VPOS="1535" HPOS="274"/><String ID="p322_w258" CONTENT="corpora" HPOS="286" VPOS="1535" WIDTH="137" HEIGHT="75" STYLEREFS="font0"/><SP WIDTH="15" VPOS="1535" HPOS="423"/><String ID="p322_w259" CONTENT="cavernofa" HPOS="438" VPOS="1535" WIDTH="174" HEIGHT="75" STYLEREFS="font0"/><SP WIDTH="27" VPOS="1535" HPOS="612"/><String ID="p322_w260" CONTENT="are" HPOS="639" VPOS="1535" WIDTH="54" HEIGHT="75" STYLEREFS="font0"/><SP WIDTH="17" VPOS="1535" HPOS="693"/><String ID="p322_w261" CONTENT="two" HPOS="710" VPOS="1535" WIDTH="67" HEIGHT="75" STYLEREFS="font0"/><SP WIDTH="23" VPOS="1535" HPOS="777"/><String ID="p322_w262" CONTENT="ligamentary" HPOS="800" VPOS="1535" WIDTH="211" HEIGHT="75" STYLEREFS="font0"/><SP WIDTH="16" VPOS="1535" HPOS="1011"/><String ID="p322_w263" CONTENT="and" HPOS="1027" VPOS="1535" WIDTH="62" HEIGHT="75" STYLEREFS="font0"/><SP WIDTH="25" VPOS="1535" HPOS="1089"/><String ID="p322_w264" CONTENT="very" HPOS="1114" VPOS="1535" WIDTH="80" HEIGHT="75" STYLEREFS="font0"/></TextLine><TextLine WIDTH="1043" HEIGHT="75" ID="p322_t32" HPOS="150" VPOS="1582"><String ID="p322_w265" CONTENT="limber" HPOS="150" VPOS="1582" WIDTH="117" HEIGHT="75" STYLEREFS="font0"/><SP WIDTH="20" VPOS="1582" HPOS="267"/><String ID="p322_w266" CONTENT="tubes," HPOS="287" VPOS="1582" WIDTH="105" HEIGHT="75" STYLEREFS="font0"/><SP WIDTH="26" VPOS="1582" HPOS="392"/><String ID="p322_w267" CONTENT="united" HPOS="418" VPOS="1582" WIDTH="113" HEIGHT="75" STYLEREFS="font0"/><SP WIDTH="15" VPOS="1582" HPOS="531"/><String ID="p322_w268" CONTENT="laterally" HPOS="546" VPOS="1582" WIDTH="148" HEIGHT="75" STYLEREFS="font0"/><SP WIDTH="22" VPOS="1582" HPOS="694"/><String ID="p322_w269" CONTENT="to" HPOS="716" VPOS="1582" WIDTH="35" HEIGHT="75" STYLEREFS="font0"/><SP WIDTH="25" VPOS="1582" HPOS="751"/><String ID="p322_w270" CONTENT="each" HPOS="776" VPOS="1582" WIDTH="79" HEIGHT="75" STYLEREFS="font0"/><SP WIDTH="16" VPOS="1582" HPOS="855"/><String ID="p322_w271" CONTENT="fide," HPOS="871" VPOS="1582" WIDTH="79" HEIGHT="75" STYLEREFS="font0"/><SP WIDTH="23" VPOS="1582" HPOS="950"/><String ID="p322_w272" CONTENT="through" HPOS="973" VPOS="1582" WIDTH="140" HEIGHT="75" STYLEREFS="font0"/><SP WIDTH="25" VPOS="1582" HPOS="1113"/><String ID="p322_w273" CONTENT="the" HPOS="1138" VPOS="1582" WIDTH="55" HEIGHT="75" STYLEREFS="font0"/></TextLine><TextLine WIDTH="1041" HEIGHT="75" ID="p322_t33" HPOS="152" VPOS="1628"><String ID="p322_w274" CONTENT="greateft" HPOS="152" VPOS="1628" WIDTH="135" HEIGHT="75" STYLEREFS="font0"/><SP WIDTH="17" VPOS="1628" HPOS="287"/><String ID="p322_w275" CONTENT="part" HPOS="304" VPOS="1628" WIDTH="72" HEIGHT="75" STYLEREFS="font0"/><SP WIDTH="16" VPOS="1628" HPOS="376"/><String ID="p322_w276" CONTENT="of" HPOS="392" VPOS="1628" WIDTH="40" HEIGHT="75" STYLEREFS="font0"/><SP WIDTH="11" VPOS="1628" HPOS="432"/><String ID="p322_w277" CONTENT="their" HPOS="443" VPOS="1628" WIDTH="86" HEIGHT="75" STYLEREFS="font0"/><SP WIDTH="22" VPOS="1628" HPOS="529"/><String ID="p322_w278" CONTENT="length," HPOS="551" VPOS="1628" WIDTH="127" HEIGHT="75" STYLEREFS="font0"/><SP WIDTH="27" VPOS="1628" HPOS="678"/><String ID="p322_w279" CONTENT="and" HPOS="705" VPOS="1628" WIDTH="62" HEIGHT="75" STYLEREFS="font0"/><SP WIDTH="17" VPOS="1628" HPOS="767"/><String ID="p322_w280" CONTENT="folid" HPOS="784" VPOS="1628" WIDTH="81" HEIGHT="75" STYLEREFS="font0"/><SP WIDTH="23" VPOS="1628" HPOS="865"/><String ID="p322_w281" CONTENT="at" HPOS="888" VPOS="1628" WIDTH="36" HEIGHT="75" STYLEREFS="font0"/><SP WIDTH="22" VPOS="1628" HPOS="924"/><String ID="p322_w282" CONTENT="their" HPOS="946" VPOS="1628" WIDTH="87" HEIGHT="75" STYLEREFS="font0"/><SP WIDTH="16" VPOS="1628" HPOS="1033"/><String ID="p322_w283" CONTENT="two" HPOS="1049" VPOS="1628" WIDTH="65" HEIGHT="75" STYLEREFS="font0"/><SP WIDTH="20" VPOS="1628" HPOS="1114"/><String ID="p322_w284" CONTENT="ex-" HPOS="1134" VPOS="1628" WIDTH="59" HEIGHT="75" STYLEREFS="font0"/></TextLine><TextLine WIDTH="1042" HEIGHT="75" ID="p322_t34" HPOS="153" VPOS="1675"><String ID="p322_w285" CONTENT="tremities," HPOS="153" VPOS="1675" WIDTH="168" HEIGHT="75" STYLEREFS="font0"/><SP WIDTH="37" VPOS="1675" HPOS="321"/><String ID="p322_w286" CONTENT="two" HPOS="358" VPOS="1675" WIDTH="67" HEIGHT="75" STYLEREFS="font0"/><SP WIDTH="33" VPOS="1675" HPOS="425"/><String ID="p322_w287" CONTENT="of" HPOS="458" VPOS="1675" WIDTH="40" HEIGHT="75" STYLEREFS="font0"/><SP WIDTH="21" VPOS="1675" HPOS="498"/><String ID="p322_w288" CONTENT="which" HPOS="519" VPOS="1675" WIDTH="107" HEIGHT="75" STYLEREFS="font0"/><SP WIDTH="29" VPOS="1675" HPOS="626"/><String ID="p322_w289" CONTENT="are" HPOS="655" VPOS="1675" WIDTH="54" HEIGHT="75" STYLEREFS="font0"/><SP WIDTH="29" VPOS="1675" HPOS="709"/><String ID="p322_w290" CONTENT="connected" HPOS="738" VPOS="1675" WIDTH="174" HEIGHT="75" STYLEREFS="font0"/><SP WIDTH="23" VPOS="1675" HPOS="912"/><String ID="p322_w291" CONTENT="together," HPOS="935" VPOS="1675" WIDTH="161" HEIGHT="75" STYLEREFS="font0"/><SP WIDTH="35" VPOS="1675" HPOS="1096"/><String ID="p322_w292" CONTENT="and" HPOS="1131" VPOS="1675" WIDTH="64" HEIGHT="75" STYLEREFS="font0"/></TextLine><TextLine WIDTH="1041" HEIGHT="75" ID="p322_t35" HPOS="153" VPOS="1722"><String ID="p322_w293" CONTENT="rounded" HPOS="153" VPOS="1722" WIDTH="147" HEIGHT="75" STYLEREFS="font0"/><SP WIDTH="16" VPOS="1722" HPOS="300"/><String ID="p322_w294" CONTENT="like" HPOS="316" VPOS="1722" WIDTH="65" HEIGHT="75" STYLEREFS="font0"/><SP WIDTH="24" VPOS="1722" HPOS="381"/><String ID="p322_w295" CONTENT="the" HPOS="405" VPOS="1722" WIDTH="56" HEIGHT="75" STYLEREFS="font0"/><SP WIDTH="17" VPOS="1722" HPOS="461"/><String ID="p322_w296" CONTENT="end" HPOS="478" VPOS="1722" WIDTH="64" HEIGHT="75" STYLEREFS="font0"/><SP WIDTH="13" VPOS="1722" HPOS="542"/><String ID="p322_w297" CONTENT="of" HPOS="555" VPOS="1722" WIDTH="40" HEIGHT="75" STYLEREFS="font0"/><SP WIDTH="19" VPOS="1722" HPOS="595"/><String ID="p322_w298" CONTENT="a" HPOS="614" VPOS="1722" WIDTH="19" HEIGHT="75" STYLEREFS="font0"/><SP WIDTH="23" VPOS="1722" HPOS="633"/><String ID="p322_w299" CONTENT="finger;" HPOS="656" VPOS="1722" WIDTH="120" HEIGHT="75" STYLEREFS="font0"/><SP WIDTH="27" VPOS="1722" HPOS="776"/><String ID="p322_w300" CONTENT="the" HPOS="803" VPOS="1722" WIDTH="56" HEIGHT="75" STYLEREFS="font0"/><SP WIDTH="24" VPOS="1722" HPOS="859"/><String ID="p322_w301" CONTENT="other" HPOS="883" VPOS="1722" WIDTH="95" HEIGHT="75" STYLEREFS="font0"/><SP WIDTH="17" VPOS="1722" HPOS="978"/><String ID="p322_w302" CONTENT="two" HPOS="995" VPOS="1722" WIDTH="65" HEIGHT="75" STYLEREFS="font0"/><SP WIDTH="16" VPOS="1722" HPOS="1060"/><String ID="p322_w303" CONTENT="divari-" HPOS="1076" VPOS="1722" WIDTH="118" HEIGHT="75" STYLEREFS="font0"/></TextLine><TextLine WIDTH="1042" HEIGHT="75" ID="p322_t36" HPOS="152" VPOS="1767"><String ID="p322_w304" CONTENT="cate," HPOS="152" VPOS="1767" WIDTH="83" HEIGHT="75" STYLEREFS="font0"/><SP WIDTH="27" VPOS="1767" HPOS="235"/><String ID="p322_w305" CONTENT="like" HPOS="262" VPOS="1767" WIDTH="63" HEIGHT="75" STYLEREFS="font0"/><SP WIDTH="18" VPOS="1767" HPOS="325"/><String ID="p322_w306" CONTENT="the" HPOS="343" VPOS="1767" WIDTH="54" HEIGHT="75" STYLEREFS="font0"/><SP WIDTH="17" VPOS="1767" HPOS="397"/><String ID="p322_w307" CONTENT="branches" HPOS="414" VPOS="1767" WIDTH="158" HEIGHT="75" STYLEREFS="font0"/><SP WIDTH="18" VPOS="1767" HPOS="572"/><String ID="p322_w308" CONTENT="of" HPOS="590" VPOS="1767" WIDTH="41" HEIGHT="75" STYLEREFS="font0"/><SP WIDTH="11" VPOS="1767" HPOS="631"/><String ID="p322_w309" CONTENT="the" HPOS="642" VPOS="1767" WIDTH="56" HEIGHT="75" STYLEREFS="font0"/><SP WIDTH="11" VPOS="1767" HPOS="698"/><String ID="p322_w310" CONTENT="greek" HPOS="709" VPOS="1767" WIDTH="99" HEIGHT="75" STYLEREFS="font0"/><SP WIDTH="28" VPOS="1767" HPOS="808"/><String ID="p322_w311" CONTENT="Y," HPOS="836" VPOS="1767" WIDTH="44" HEIGHT="75" STYLEREFS="font0"/><SP WIDTH="26" VPOS="1767" HPOS="880"/><String ID="p322_w312" CONTENT="and" HPOS="906" VPOS="1767" WIDTH="63" HEIGHT="75" STYLEREFS="font0"/><SP WIDTH="24" VPOS="1767" HPOS="969"/><String ID="p322_w313" CONTENT="diminifhing" HPOS="993" VPOS="1767" WIDTH="201" HEIGHT="75" STYLEREFS="font0"/></TextLine><TextLine WIDTH="1039" HEIGHT="75" ID="p322_t37" HPOS="160" VPOS="1814"><String ID="p322_w314" CONTENT="gradually" HPOS="160" VPOS="1814" WIDTH="167" HEIGHT="75" STYLEREFS="font0"/><SP WIDTH="15" VPOS="1814" HPOS="327"/><String ID="p322_w315" CONTENT="in" HPOS="342" VPOS="1814" WIDTH="32" HEIGHT="75" STYLEREFS="font0"/><SP WIDTH="24" VPOS="1814" HPOS="374"/><String ID="p322_w316" CONTENT="fize" HPOS="398" VPOS="1814" WIDTH="62" HEIGHT="75" STYLEREFS="font0"/><SP WIDTH="16" VPOS="1814" HPOS="460"/><String ID="p322_w317" CONTENT="after" HPOS="476" VPOS="1814" WIDTH="85" HEIGHT="75" STYLEREFS="font0"/><SP WIDTH="23" VPOS="1814" HPOS="561"/><String ID="p322_w318" CONTENT="the" HPOS="584" VPOS="1814" WIDTH="56" HEIGHT="75" STYLEREFS="font0"/><SP WIDTH="20" VPOS="1814" HPOS="640"/><String ID="p322_w319" CONTENT="divarication," HPOS="660" VPOS="1814" WIDTH="222" HEIGHT="75" STYLEREFS="font0"/><SP WIDTH="25" VPOS="1814" HPOS="882"/><String ID="p322_w320" CONTENT="termihate" HPOS="907" VPOS="1814" WIDTH="170" HEIGHT="75" STYLEREFS="font0"/><SP WIDTH="22" VPOS="1814" HPOS="1077"/><String ID="p322_w321" CONTENT="in" HPOS="1099" VPOS="1814" WIDTH="33" HEIGHT="75" STYLEREFS="font0"/><SP WIDTH="27" VPOS="1814" HPOS="1132"/><String ID="p322_w322" CONTENT="an" HPOS="1159" VPOS="1814" WIDTH="40" HEIGHT="75" STYLEREFS="font0"/></TextLine><TextLine WIDTH="1033" HEIGHT="75" ID="p322_t38" HPOS="165" VPOS="1860"><String ID="p322_w323" CONTENT="oblique" HPOS="165" VPOS="1860" WIDTH="131" HEIGHT="75" STYLEREFS="font0"/><SP WIDTH="17" VPOS="1860" HPOS="296"/><String ID="p322_w324" CONTENT="point." HPOS="313" VPOS="1860" WIDTH="104" HEIGHT="75" STYLEREFS="font0"/><SP WIDTH="48" VPOS="1860" HPOS="417"/><String ID="p322_w325" CONTENT="Thefe" HPOS="465" VPOS="1860" WIDTH="110" HEIGHT="75" STYLEREFS="font0"/><SP WIDTH="16" VPOS="1860" HPOS="575"/><String ID="p322_w326" CONTENT="divaricated" HPOS="591" VPOS="1860" WIDTH="198" HEIGHT="75" STYLEREFS="font0"/><SP WIDTH="21" VPOS="1860" HPOS="789"/><String ID="p322_w327" CONTENT="and" HPOS="810" VPOS="1860" WIDTH="62" HEIGHT="75" STYLEREFS="font0"/><SP WIDTH="28" VPOS="1860" HPOS="872"/><String ID="p322_w328" CONTENT="pointed" HPOS="900" VPOS="1860" WIDTH="131" HEIGHT="75" STYLEREFS="font0"/><SP WIDTH="15" VPOS="1860" HPOS="1031"/><String ID="p322_w329" CONTENT="extremi-" HPOS="1046" VPOS="1860" WIDTH="152" HEIGHT="75" STYLEREFS="font0"/></TextLine><TextLine WIDTH="1044" HEIGHT="75" ID="p322_t39" HPOS="153" VPOS="1907"><String ID="p322_w330" CONTENT="ties" HPOS="153" VPOS="1907" WIDTH="65" HEIGHT="75" STYLEREFS="font0"/><SP WIDTH="14" VPOS="1907" HPOS="218"/><String ID="p322_w331" CONTENT="may" HPOS="232" VPOS="1907" WIDTH="74" HEIGHT="75" STYLEREFS="font0"/><SP WIDTH="24" VPOS="1907" HPOS="306"/><String ID="p322_w332" CONTENT="be" HPOS="330" VPOS="1907" WIDTH="40" HEIGHT="75" STYLEREFS="font0"/><SP WIDTH="17" VPOS="1907" HPOS="370"/><String ID="p322_w333" CONTENT="called" HPOS="387" VPOS="1907" WIDTH="104" HEIGHT="75" STYLEREFS="font0"/><SP WIDTH="15" VPOS="1907" HPOS="491"/><String ID="p322_w334" CONTENT="the" HPOS="506" VPOS="1907" WIDTH="55" HEIGHT="75" STYLEREFS="font0"/><SP WIDTH="16" VPOS="1907" HPOS="561"/><String ID="p322_w335" CONTENT="roots," HPOS="577" VPOS="1907" WIDTH="96" HEIGHT="75" STYLEREFS="font0"/><SP WIDTH="26" VPOS="1907" HPOS="673"/><String ID="p322_w336" CONTENT="and" HPOS="699" VPOS="1907" WIDTH="64" HEIGHT="75" STYLEREFS="font0"/><SP WIDTH="21" VPOS="1907" HPOS="763"/><String ID="p322_w337" CONTENT="the" HPOS="784" VPOS="1907" WIDTH="58" HEIGHT="75" STYLEREFS="font0"/><SP WIDTH="23" VPOS="1907" HPOS="842"/><String ID="p322_w338" CONTENT="round" HPOS="865" VPOS="1907" WIDTH="105" HEIGHT="75" STYLEREFS="font0"/><SP WIDTH="26" VPOS="1907" HPOS="970"/><String ID="p322_w339" CONTENT="extremities" HPOS="996" VPOS="1907" WIDTH="201" HEIGHT="75" STYLEREFS="font0"/></TextLine><TextLine WIDTH="195" HEIGHT="75" ID="p322_t40" HPOS="152" VPOS="1954"><String ID="p322_w340" CONTENT="the" HPOS="152" VPOS="1954" WIDTH="62" HEIGHT="75" STYLEREFS="font0"/><SP WIDTH="24" VPOS="1954" HPOS="214"/><String ID="p322_w341" CONTENT="heads." HPOS="238" VPOS="1954" WIDTH="109" HEIGHT="75" STYLEREFS="font0"/></TextLine><TextLine WIDTH="1012" HEIGHT="75" ID="p322_t41" HPOS="184" VPOS="2000"><String ID="p322_w342" CONTENT="." HPOS="184" VPOS="2000" WIDTH="6" HEIGHT="75" STYLEREFS="font0"/><SP WIDTH="10" VPOS="2000" HPOS="190"/><String ID="p322_w343" CONTENT="Thefe" HPOS="200" VPOS="2000" WIDTH="110" HEIGHT="75" STYLEREFS="font0"/><SP WIDTH="17" VPOS="2000" HPOS="310"/><String ID="p322_w344" CONTENT="two" HPOS="327" VPOS="2000" WIDTH="66" HEIGHT="75" STYLEREFS="font0"/><SP WIDTH="13" VPOS="2000" HPOS="393"/><String ID="p322_w345" CONTENT="bodies" HPOS="406" VPOS="2000" WIDTH="112" HEIGHT="75" STYLEREFS="font0"/><SP WIDTH="19" VPOS="2000" HPOS="518"/><String ID="p322_w346" CONTENT="are" HPOS="537" VPOS="2000" WIDTH="54" HEIGHT="75" STYLEREFS="font0"/><SP WIDTH="24" VPOS="2000" HPOS="591"/><String ID="p322_w347" CONTENT="almoft" HPOS="615" VPOS="2000" WIDTH="111" HEIGHT="75" STYLEREFS="font0"/><SP WIDTH="17" VPOS="2000" HPOS="726"/><String ID="p322_w348" CONTENT="cylindrical," HPOS="743" VPOS="2000" WIDTH="200" HEIGHT="75" STYLEREFS="font0"/><SP WIDTH="25" VPOS="2000" HPOS="943"/><String ID="p322_w349" CONTENT="being" HPOS="968" VPOS="2000" WIDTH="95" HEIGHT="75" STYLEREFS="font0"/><SP WIDTH="17" VPOS="2000" HPOS="1063"/><String ID="p322_w350" CONTENT="round," HPOS="1080" VPOS="2000" WIDTH="116" HEIGHT="75" STYLEREFS="font0"/></TextLine><TextLine WIDTH="1040" HEIGHT="75" ID="p322_t42" HPOS="155" VPOS="2045"><String ID="p322_w351" CONTENT="and" HPOS="155" VPOS="2045" WIDTH="64" HEIGHT="75" STYLEREFS="font0"/><SP WIDTH="17" VPOS="2045" HPOS="219"/><String ID="p322_w352" CONTENT="of" HPOS="236" VPOS="2045" WIDTH="39" HEIGHT="75" STYLEREFS="font0"/><SP WIDTH="12" VPOS="2045" HPOS="275"/><String ID="p322_w353" CONTENT="an" HPOS="287" VPOS="2045" WIDTH="39" HEIGHT="75" STYLEREFS="font0"/><SP WIDTH="17" VPOS="2045" HPOS="326"/><String ID="p322_w354" CONTENT="equal" HPOS="343" VPOS="2045" WIDTH="95" HEIGHT="75" STYLEREFS="font0"/><SP WIDTH="25" VPOS="2045" HPOS="438"/><String ID="p322_w355" CONTENT="diameter" HPOS="463" VPOS="2045" WIDTH="155" HEIGHT="75" STYLEREFS="font0"/><SP WIDTH="28" VPOS="2045" HPOS="618"/><String ID="p322_w356" CONTENT="from" HPOS="646" VPOS="2045" WIDTH="86" HEIGHT="75" STYLEREFS="font0"/><SP WIDTH="24" VPOS="2045" HPOS="732"/><String ID="p322_w357" CONTENT="the" HPOS="756" VPOS="2045" WIDTH="55" HEIGHT="75" STYLEREFS="font0"/><SP WIDTH="27" VPOS="2045" HPOS="811"/><String ID="p322_w358" CONTENT="roots" HPOS="838" VPOS="2045" WIDTH="88" HEIGHT="75" STYLEREFS="font0"/><SP WIDTH="21" VPOS="2045" HPOS="926"/><String ID="p322_w359" CONTENT="to" HPOS="947" VPOS="2045" WIDTH="35" HEIGHT="75" STYLEREFS="font0"/><SP WIDTH="25" VPOS="2045" HPOS="982"/><String ID="p322_w360" CONTENT="the" HPOS="1007" VPOS="2045" WIDTH="54" HEIGHT="75" STYLEREFS="font0"/><SP WIDTH="23" VPOS="2045" HPOS="1061"/><String ID="p322_w361" CONTENT="heads," HPOS="1084" VPOS="2045" WIDTH="111" HEIGHT="75" STYLEREFS="font0"/></TextLine><TextLine WIDTH="1039" HEIGHT="75" ID="p322_t43" HPOS="158" VPOS="2093"><String ID="p322_w362" CONTENT="where" HPOS="158" VPOS="2093" WIDTH="109" HEIGHT="75" STYLEREFS="font0"/><SP WIDTH="16" VPOS="2093" HPOS="267"/><String ID="p322_w363" CONTENT="they" HPOS="283" VPOS="2093" WIDTH="79" HEIGHT="75" STYLEREFS="font0"/><SP WIDTH="16" VPOS="2093" HPOS="362"/><String ID="p322_w364" CONTENT="are" HPOS="378" VPOS="2093" WIDTH="53" HEIGHT="75" STYLEREFS="font0"/><SP WIDTH="16" VPOS="2093" HPOS="431"/><String ID="p322_w365" CONTENT="in" HPOS="447" VPOS="2093" WIDTH="33" HEIGHT="75" STYLEREFS="font0"/><SP WIDTH="26" VPOS="2093" HPOS="480"/><String ID="p322_w366" CONTENT="fome" HPOS="506" VPOS="2093" WIDTH="85" HEIGHT="75" STYLEREFS="font0"/><SP WIDTH="17" VPOS="2093" HPOS="591"/><String ID="p322_w367" CONTENT="meafure" HPOS="608" VPOS="2093" WIDTH="144" HEIGHT="75" STYLEREFS="font0"/><SP WIDTH="14" VPOS="2093" HPOS="752"/><String ID="p322_w368" CONTENT="conical." HPOS="766" VPOS="2093" WIDTH="136" HEIGHT="75" STYLEREFS="font0"/><SP WIDTH="48" VPOS="2093" HPOS="902"/><String ID="p322_w369" CONTENT="The" HPOS="950" VPOS="2093" WIDTH="78" HEIGHT="75" STYLEREFS="font0"/><SP WIDTH="16" VPOS="2093" HPOS="1028"/><String ID="p322_w370" CONTENT="ligamen-" HPOS="1044" VPOS="2093" WIDTH="153" HEIGHT="75" STYLEREFS="font0"/></TextLine><TextLine WIDTH="1045" HEIGHT="75" ID="p322_t44" HPOS="157" VPOS="2139"><String ID="p322_w371" CONTENT="tary" HPOS="157" VPOS="2139" WIDTH="74" HEIGHT="75" STYLEREFS="font0"/><SP WIDTH="15" VPOS="2139" HPOS="231"/><String ID="p322_w372" CONTENT="fubftance" HPOS="246" VPOS="2139" WIDTH="160" HEIGHT="75" STYLEREFS="font0"/><SP WIDTH="17" VPOS="2139" HPOS="406"/><String ID="p322_w373" CONTENT="of" HPOS="423" VPOS="2139" WIDTH="40" HEIGHT="75" STYLEREFS="font0"/><SP WIDTH="19" VPOS="2139" HPOS="463"/><String ID="p322_w374" CONTENT="their" HPOS="482" VPOS="2139" WIDTH="84" HEIGHT="75" STYLEREFS="font0"/><SP WIDTH="25" VPOS="2139" HPOS="566"/><String ID="p322_w375" CONTENT="fides" HPOS="591" VPOS="2139" WIDTH="78" HEIGHT="75" STYLEREFS="font0"/><SP WIDTH="17" VPOS="2139" HPOS="669"/><String ID="p322_w376" CONTENT="is" HPOS="686" VPOS="2139" WIDTH="26" HEIGHT="75" STYLEREFS="font0"/><SP WIDTH="19" VPOS="2139" HPOS="712"/><String ID="p322_w377" CONTENT="eladic," HPOS="731" VPOS="2139" WIDTH="117" HEIGHT="75" STYLEREFS="font0"/><SP WIDTH="27" VPOS="2139" HPOS="848"/><String ID="p322_w378" CONTENT="and" HPOS="875" VPOS="2139" WIDTH="63" HEIGHT="75" STYLEREFS="font0"/><SP WIDTH="28" VPOS="2139" HPOS="938"/><String ID="p322_w379" CONTENT="compofed" HPOS="966" VPOS="2139" WIDTH="168" HEIGHT="75" STYLEREFS="font0"/><SP WIDTH="28" VPOS="2139" HPOS="1134"/><String ID="p322_w380" CONTENT="of" HPOS="1162" VPOS="2139" WIDTH="40" HEIGHT="75" STYLEREFS="font0"/></TextLine><TextLine WIDTH="1040" HEIGHT="75" ID="p322_t45" HPOS="157" VPOS="2186"><String ID="p322_w381" CONTENT="fine" HPOS="157" VPOS="2186" WIDTH="61" HEIGHT="75" STYLEREFS="font0"/><SP WIDTH="18" VPOS="2186" HPOS="218"/><String ID="p322_w382" CONTENT="clofe" HPOS="236" VPOS="2186" WIDTH="83" HEIGHT="75" STYLEREFS="font0"/><SP WIDTH="18" VPOS="2186" HPOS="319"/><String ID="p322_w383" CONTENT="fibres," HPOS="337" VPOS="2186" WIDTH="106" HEIGHT="75" STYLEREFS="font0"/><SP WIDTH="27" VPOS="2186" HPOS="443"/><String ID="p322_w384" CONTENT="which" HPOS="470" VPOS="2186" WIDTH="106" HEIGHT="75" STYLEREFS="font0"/><SP WIDTH="18" VPOS="2186" HPOS="576"/><String ID="p322_w385" CONTENT="are" HPOS="594" VPOS="2186" WIDTH="53" HEIGHT="75" STYLEREFS="font0"/><SP WIDTH="29" VPOS="2186" HPOS="647"/><String ID="p322_w386" CONTENT="partly" HPOS="676" VPOS="2186" WIDTH="107" HEIGHT="75" STYLEREFS="font0"/><SP WIDTH="17" VPOS="2186" HPOS="783"/><String ID="p322_w387" CONTENT="tranfverfe," HPOS="800" VPOS="2186" WIDTH="186" HEIGHT="75" STYLEREFS="font0"/><SP WIDTH="26" VPOS="2186" HPOS="986"/><String ID="p322_w388" CONTENT="and" HPOS="1012" VPOS="2186" WIDTH="62" HEIGHT="75" STYLEREFS="font0"/><SP WIDTH="16" VPOS="2186" HPOS="1074"/><String ID="p322_w389" CONTENT="partly" HPOS="1090" VPOS="2186" WIDTH="107" HEIGHT="75" STYLEREFS="font0"/></TextLine><TextLine WIDTH="384" HEIGHT="75" ID="p322_t46" HPOS="160" VPOS="2232"><String ID="p322_w390" CONTENT="more" HPOS="160" VPOS="2232" WIDTH="90" HEIGHT="75" STYLEREFS="font0"/><SP WIDTH="17" VPOS="2232" HPOS="250"/><String ID="p322_w391" CONTENT="or" HPOS="267" VPOS="2232" WIDTH="40" HEIGHT="75" STYLEREFS="font0"/><SP WIDTH="15" VPOS="2232" HPOS="307"/><String ID="p322_w392" CONTENT="lefs" HPOS="322" VPOS="2232" WIDTH="61" HEIGHT="75" STYLEREFS="font0"/><SP WIDTH="16" VPOS="2232" HPOS="383"/><String ID="p322_w393" CONTENT="oblique." HPOS="399" VPOS="2232" WIDTH="145" HEIGHT="75" STYLEREFS="font0"/></TextLine><TextLine WIDTH="994" HEIGHT="75" ID="p322_t47" HPOS="203" VPOS="2280"><String ID="p322_w394" CONTENT="The" HPOS="203" VPOS="2280" WIDTH="76" HEIGHT="75" STYLEREFS="font0"/><SP WIDTH="18" VPOS="2280" HPOS="279"/><String ID="p322_w395" CONTENT="cavity" HPOS="297" VPOS="2280" WIDTH="109" HEIGHT="75" STYLEREFS="font0"/><SP WIDTH="16" VPOS="2280" HPOS="406"/><String ID="p322_w396" CONTENT="of" HPOS="422" VPOS="2280" WIDTH="39" HEIGHT="75" STYLEREFS="font0"/><SP WIDTH="12" VPOS="2280" HPOS="461"/><String ID="p322_w397" CONTENT="thefe" HPOS="473" VPOS="2280" WIDTH="88" HEIGHT="75" STYLEREFS="font0"/><SP WIDTH="17" VPOS="2280" HPOS="561"/><String ID="p322_w398" CONTENT="ligamentary" HPOS="578" VPOS="2280" WIDTH="211" HEIGHT="75" STYLEREFS="font0"/><SP WIDTH="17" VPOS="2280" HPOS="789"/><String ID="p322_w399" CONTENT="tubes" HPOS="806" VPOS="2280" WIDTH="92" HEIGHT="75" STYLEREFS="font0"/><SP WIDTH="16" VPOS="2280" HPOS="898"/><String ID="p322_w400" CONTENT="is" HPOS="914" VPOS="2280" WIDTH="27" HEIGHT="75" STYLEREFS="font0"/><SP WIDTH="13" VPOS="2280" HPOS="941"/><String ID="p322_w401" CONTENT="entirely" HPOS="954" VPOS="2280" WIDTH="138" HEIGHT="75" STYLEREFS="font0"/><SP WIDTH="16" VPOS="2280" HPOS="1092"/><String ID="p322_w402" CONTENT="filled" HPOS="1108" VPOS="2280" WIDTH="89" HEIGHT="75" STYLEREFS="font0"/></TextLine><TextLine WIDTH="1040" HEIGHT="75" ID="p322_t48" HPOS="157" VPOS="2325"><String ID="p322_w403" CONTENT="by" HPOS="157" VPOS="2325" WIDTH="55" HEIGHT="75" STYLEREFS="font0"/><SP WIDTH="17" VPOS="2325" HPOS="212"/><String ID="p322_w404" CONTENT="a" HPOS="229" VPOS="2325" WIDTH="19" HEIGHT="75" STYLEREFS="font0"/><SP WIDTH="27" VPOS="2325" HPOS="248"/><String ID="p322_w405" CONTENT="ftrong" HPOS="275" VPOS="2325" WIDTH="106" HEIGHT="75" STYLEREFS="font0"/><SP WIDTH="15" VPOS="2325" HPOS="381"/><String ID="p322_w406" CONTENT="cellular" HPOS="396" VPOS="2325" WIDTH="133" HEIGHT="75" STYLEREFS="font0"/><SP WIDTH="15" VPOS="2325" HPOS="529"/><String ID="p322_w407" CONTENT="or" HPOS="544" VPOS="2325" WIDTH="38" HEIGHT="75" STYLEREFS="font0"/><SP WIDTH="25" VPOS="2325" HPOS="582"/><String ID="p322_w408" CONTENT="cavernous" HPOS="607" VPOS="2325" WIDTH="175" HEIGHT="75" STYLEREFS="font0"/><SP WIDTH="15" VPOS="2325" HPOS="782"/><String ID="p322_w409" CONTENT="fubftance," HPOS="797" VPOS="2325" WIDTH="175" HEIGHT="75" STYLEREFS="font0"/><SP WIDTH="25" VPOS="2325" HPOS="972"/><String ID="p322_w410" CONTENT="which" HPOS="997" VPOS="2325" WIDTH="107" HEIGHT="75" STYLEREFS="font0"/><SP WIDTH="16" VPOS="2325" HPOS="1104"/><String ID="p322_w411" CONTENT="does" HPOS="1120" VPOS="2325" WIDTH="77" HEIGHT="75" STYLEREFS="font0"/></TextLine><TextLine WIDTH="1038" HEIGHT="75" ID="p322_t49" HPOS="159" VPOS="2371"><String ID="p322_w412" CONTENT="not" HPOS="159" VPOS="2371" WIDTH="57" HEIGHT="75" STYLEREFS="font0"/><SP WIDTH="17" VPOS="2371" HPOS="216"/><String ID="p322_w413" CONTENT="feera" HPOS="233" VPOS="2371" WIDTH="81" HEIGHT="75" STYLEREFS="font0"/><SP WIDTH="29" VPOS="2371" HPOS="314"/><String ID="p322_w414" CONTENT="to" HPOS="343" VPOS="2371" WIDTH="36" HEIGHT="75" STYLEREFS="font0"/><SP WIDTH="27" VPOS="2371" HPOS="379"/><String ID="p322_w415" CONTENT="be" HPOS="406" VPOS="2371" WIDTH="42" HEIGHT="75" STYLEREFS="font0"/><SP WIDTH="25" VPOS="2371" HPOS="448"/><String ID="p322_w416" CONTENT="a" HPOS="473" VPOS="2371" WIDTH="19" HEIGHT="75" STYLEREFS="font0"/><SP WIDTH="24" VPOS="2371" HPOS="492"/><String ID="p322_w417" CONTENT="continuation" HPOS="516" VPOS="2371" WIDTH="221" HEIGHT="75" STYLEREFS="font0"/><SP WIDTH="23" VPOS="2371" HPOS="737"/><String ID="p322_w418" CONTENT="of" HPOS="760" VPOS="2371" WIDTH="42" HEIGHT="75" STYLEREFS="font0"/><SP WIDTH="18" VPOS="2371" HPOS="802"/><String ID="p322_w419" CONTENT="the" HPOS="820" VPOS="2371" WIDTH="55" HEIGHT="75" STYLEREFS="font0"/><SP WIDTH="24" VPOS="2371" HPOS="875"/><String ID="p322_w420" CONTENT="fubftance" HPOS="899" VPOS="2371" WIDTH="162" HEIGHT="75" STYLEREFS="font0"/><SP WIDTH="22" VPOS="2371" HPOS="1061"/><String ID="p322_w421" CONTENT="of" HPOS="1083" VPOS="2371" WIDTH="40" HEIGHT="75" STYLEREFS="font0"/><SP WIDTH="17" VPOS="2371" HPOS="1123"/><String ID="p322_w422" CONTENT="the" HPOS="1140" VPOS="2371" WIDTH="57" HEIGHT="75" STYLEREFS="font0"/></TextLine><TextLine WIDTH="1036" HEIGHT="75" ID="p322_t50" HPOS="163" VPOS="2417"><String ID="p322_w423" CONTENT="fides." HPOS="163" VPOS="2417" WIDTH="92" HEIGHT="75" STYLEREFS="font0"/><SP WIDTH="48" VPOS="2417" HPOS="255"/><String ID="p322_w424" CONTENT="Thefe" HPOS="303" VPOS="2417" WIDTH="110" HEIGHT="75" STYLEREFS="font0"/><SP WIDTH="25" VPOS="2417" HPOS="413"/><String ID="p322_w425" CONTENT="cells" HPOS="438" VPOS="2417" WIDTH="77" HEIGHT="75" STYLEREFS="font0"/><SP WIDTH="24" VPOS="2417" HPOS="515"/><String ID="p322_w426" CONTENT="communicate" HPOS="539" VPOS="2417" WIDTH="231" HEIGHT="75" STYLEREFS="font0"/><SP WIDTH="24" VPOS="2417" HPOS="770"/><String ID="p322_w427" CONTENT="with" HPOS="794" VPOS="2417" WIDTH="79" HEIGHT="75" STYLEREFS="font0"/><SP WIDTH="20" VPOS="2417" HPOS="873"/><String ID="p322_w428" CONTENT="each" HPOS="893" VPOS="2417" WIDTH="79" HEIGHT="75" STYLEREFS="font0"/><SP WIDTH="25" VPOS="2417" HPOS="972"/><String ID="p322_w429" CONTENT="other," HPOS="997" VPOS="2417" WIDTH="106" HEIGHT="75" STYLEREFS="font0"/><SP WIDTH="33" VPOS="2417" HPOS="1103"/><String ID="p322_w430" CONTENT="and" HPOS="1136" VPOS="2417" WIDTH="63" HEIGHT="75" STYLEREFS="font0"/></TextLine><TextLine WIDTH="1039" HEIGHT="75" ID="p322_t51" HPOS="161" VPOS="2464"><String ID="p322_w431" CONTENT="ar.e" HPOS="161" VPOS="2464" WIDTH="53" HEIGHT="75" STYLEREFS="font0"/><SP WIDTH="18" VPOS="2464" HPOS="214"/><String ID="p322_w432" CONTENT="always" HPOS="232" VPOS="2464" WIDTH="121" HEIGHT="75" STYLEREFS="font0"/><SP WIDTH="14" VPOS="2464" HPOS="353"/><String ID="p322_w433" CONTENT="more" HPOS="367" VPOS="2464" WIDTH="90" HEIGHT="75" STYLEREFS="font0"/><SP WIDTH="17" VPOS="2464" HPOS="457"/><String ID="p322_w434" CONTENT="or" HPOS="474" VPOS="2464" WIDTH="36" HEIGHT="75" STYLEREFS="font0"/><SP WIDTH="24" VPOS="2464" HPOS="510"/><String ID="p322_w435" CONTENT="lefs" HPOS="534" VPOS="2464" WIDTH="63" HEIGHT="75" STYLEREFS="font0"/><SP WIDTH="18" VPOS="2464" HPOS="597"/><String ID="p322_w436" CONTENT="full" HPOS="615" VPOS="2464" WIDTH="60" HEIGHT="75" STYLEREFS="font0"/><SP WIDTH="17" VPOS="2464" HPOS="675"/><String ID="p322_w437" CONTENT="of" HPOS="692" VPOS="2464" WIDTH="40" HEIGHT="75" STYLEREFS="font0"/><SP WIDTH="19" VPOS="2464" HPOS="732"/><String ID="p322_w438" CONTENT="blood," HPOS="751" VPOS="2464" WIDTH="111" HEIGHT="75" STYLEREFS="font0"/><SP WIDTH="25" VPOS="2464" HPOS="862"/><String ID="p322_w439" CONTENT="rdembling" HPOS="887" VPOS="2464" WIDTH="189" HEIGHT="75" STYLEREFS="font0"/><SP WIDTH="14" VPOS="2464" HPOS="1076"/><String ID="p322_w440" CONTENT="pretty" HPOS="1090" VPOS="2464" WIDTH="110" HEIGHT="75" STYLEREFS="font0"/></TextLine><TextLine WIDTH="1040" HEIGHT="75" ID="p322_t52" HPOS="160" VPOS="2510"><String ID="p322_w441" CONTENT="much" HPOS="160" VPOS="2510" WIDTH="96" HEIGHT="75" STYLEREFS="font0"/><SP WIDTH="30" VPOS="2510" HPOS="256"/><String ID="p322_w442" CONTENT="the" HPOS="286" VPOS="2510" WIDTH="55" HEIGHT="75" STYLEREFS="font0"/><SP WIDTH="29" VPOS="2510" HPOS="341"/><String ID="p322_w443" CONTENT="cellular" HPOS="370" VPOS="2510" WIDTH="134" HEIGHT="75" STYLEREFS="font0"/><SP WIDTH="24" VPOS="2510" HPOS="504"/><String ID="p322_w444" CONTENT="fubftance" HPOS="528" VPOS="2510" WIDTH="162" HEIGHT="75" STYLEREFS="font0"/><SP WIDTH="32" VPOS="2510" HPOS="690"/><String ID="p322_w445" CONTENT="of" HPOS="722" VPOS="2510" WIDTH="40" HEIGHT="75" STYLEREFS="font0"/><SP WIDTH="18" VPOS="2510" HPOS="762"/><String ID="p322_w446" CONTENT="the" HPOS="780" VPOS="2510" WIDTH="57" HEIGHT="75" STYLEREFS="font0"/><SP WIDTH="16" VPOS="2510" HPOS="837"/><String ID="p322_w447" CONTENT="fpleen" HPOS="853" VPOS="2510" WIDTH="104" HEIGHT="75" STYLEREFS="font0"/><SP WIDTH="16" VPOS="2510" HPOS="957"/><String ID="p322_w448" CONTENT=";" HPOS="973" VPOS="2510" WIDTH="10" HEIGHT="75" STYLEREFS="font0"/><SP WIDTH="33" VPOS="2510" HPOS="983"/><String ID="p322_w449" CONTENT="only" HPOS="1016" VPOS="2510" WIDTH="78" HEIGHT="75" STYLEREFS="font0"/><SP WIDTH="26" VPOS="2510" HPOS="1094"/><String ID="p322_w450" CONTENT="with" HPOS="1120" VPOS="2510" WIDTH="80" HEIGHT="75" STYLEREFS="font0"/></TextLine><TextLine WIDTH="1034" HEIGHT="75" ID="p322_t53" HPOS="168" VPOS="2557"><String ID="p322_w451" CONTENT="this" HPOS="168" VPOS="2557" WIDTH="67" HEIGHT="75" STYLEREFS="font0"/><SP WIDTH="18" VPOS="2557" HPOS="235"/><String ID="p322_w452" CONTENT="difference,-" HPOS="253" VPOS="2557" WIDTH="189" HEIGHT="75" STYLEREFS="font0"/><SP WIDTH="22" VPOS="2557" HPOS="442"/><String ID="p322_w453" CONTENT="that" HPOS="464" VPOS="2557" WIDTH="69" HEIGHT="75" STYLEREFS="font0"/><SP WIDTH="19" VPOS="2557" HPOS="533"/><String ID="p322_w454" CONTENT="the" HPOS="552" VPOS="2557" WIDTH="55" HEIGHT="75" STYLEREFS="font0"/><SP WIDTH="14" VPOS="2557" HPOS="607"/><String ID="p322_w455" CONTENT="fades" HPOS="621" VPOS="2557" WIDTH="81" HEIGHT="75" STYLEREFS="font0"/><SP WIDTH="17" VPOS="2557" HPOS="702"/><String ID="p322_w456" CONTENT="of" HPOS="719" VPOS="2557" WIDTH="39" HEIGHT="75" STYLEREFS="font0"/><SP WIDTH="22" VPOS="2557" HPOS="758"/><String ID="p322_w457" CONTENT="the" HPOS="780" VPOS="2557" WIDTH="55" HEIGHT="75" STYLEREFS="font0"/><SP WIDTH="17" VPOS="2557" HPOS="835"/><String ID="p322_w458" CONTENT="cells" HPOS="852" VPOS="2557" WIDTH="76" HEIGHT="75" STYLEREFS="font0"/><SP WIDTH="19" VPOS="2557" HPOS="928"/><String ID="p322_w459" CONTENT="are" HPOS="947" VPOS="2557" WIDTH="52" HEIGHT="75" STYLEREFS="font0"/><SP WIDTH="27" VPOS="2557" HPOS="999"/><String ID="p322_w460" CONTENT="thicker" HPOS="1026" VPOS="2557" WIDTH="127" HEIGHT="75" STYLEREFS="font0"/><SP WIDTH="16" VPOS="2557" HPOS="1153"/><String ID="p322_w461" CONTENT="in" HPOS="1169" VPOS="2557" WIDTH="33" HEIGHT="75" STYLEREFS="font0"/></TextLine><TextLine WIDTH="1034" HEIGHT="75" ID="p322_t54" HPOS="164" VPOS="2603"><String ID="p322_w462" CONTENT="thefe" HPOS="164" VPOS="2603" WIDTH="88" HEIGHT="75" STYLEREFS="font0"/><SP WIDTH="17" VPOS="2603" HPOS="252"/><String ID="p322_w463" CONTENT="cavernous" HPOS="269" VPOS="2603" WIDTH="174" HEIGHT="75" STYLEREFS="font0"/><SP WIDTH="21" VPOS="2603" HPOS="443"/><String ID="p322_w464" CONTENT="bodies," HPOS="464" VPOS="2603" WIDTH="125" HEIGHT="75" STYLEREFS="font0"/><SP WIDTH="24" VPOS="2603" HPOS="589"/><String ID="p322_w465" CONTENT="and" HPOS="613" VPOS="2603" WIDTH="65" HEIGHT="75" STYLEREFS="font0"/><SP WIDTH="17" VPOS="2603" HPOS="678"/><String ID="p322_w466" CONTENT="without" HPOS="695" VPOS="2603" WIDTH="135" HEIGHT="75" STYLEREFS="font0"/><SP WIDTH="22" VPOS="2603" HPOS="830"/><String ID="p322_w467" CONTENT="any" HPOS="852" VPOS="2603" WIDTH="63" HEIGHT="75" STYLEREFS="font0"/><SP WIDTH="20" VPOS="2603" HPOS="915"/><String ID="p322_w468" CONTENT="additional" HPOS="935" VPOS="2603" WIDTH="177" HEIGHT="75" STYLEREFS="font0"/><SP WIDTH="16" VPOS="2603" HPOS="1112"/><String ID="p322_w469" CONTENT="fub-" HPOS="1128" VPOS="2603" WIDTH="70" HEIGHT="75" STYLEREFS="font0"/></TextLine><TextLine WIDTH="118" HEIGHT="75" ID="p322_t55" HPOS="159" VPOS="2649"><String ID="p322_w470" CONTENT="ftance." HPOS="159" VPOS="2649" WIDTH="118" HEIGHT="75" STYLEREFS="font0"/></TextLine><TextLine WIDTH="993" HEIGHT="75" ID="p322_t56" HPOS="206" VPOS="2697"><String ID="p322_w471" CONTENT="By" HPOS="206" VPOS="2697" WIDTH="52" HEIGHT="75" STYLEREFS="font0"/><SP WIDTH="16" VPOS="2697" HPOS="258"/><String ID="p322_w472" CONTENT="the" HPOS="274" VPOS="2697" WIDTH="56" HEIGHT="75" STYLEREFS="font0"/><SP WIDTH="16" VPOS="2697" HPOS="330"/><String ID="p322_w473" CONTENT="union" HPOS="346" VPOS="2697" WIDTH="99" HEIGHT="75" STYLEREFS="font0"/><SP WIDTH="17" VPOS="2697" HPOS="445"/><String ID="p322_w474" CONTENT="of" HPOS="462" VPOS="2697" WIDTH="41" HEIGHT="75" STYLEREFS="font0"/><SP WIDTH="7" VPOS="2697" HPOS="503"/><String ID="p322_w475" CONTENT="the" HPOS="510" VPOS="2697" WIDTH="55" HEIGHT="75" STYLEREFS="font0"/><SP WIDTH="16" VPOS="2697" HPOS="565"/><String ID="p322_w476" CONTENT="two" HPOS="581" VPOS="2697" WIDTH="67" HEIGHT="75" STYLEREFS="font0"/><SP WIDTH="15" VPOS="2697" HPOS="648"/><String ID="p322_w477" CONTENT="corpora" HPOS="663" VPOS="2697" WIDTH="135" HEIGHT="75" STYLEREFS="font0"/><SP WIDTH="15" VPOS="2697" HPOS="798"/><String ID="p322_w478" CONTENT="cavernofa," HPOS="813" VPOS="2697" WIDTH="182" HEIGHT="75" STYLEREFS="font0"/><SP WIDTH="18" VPOS="2697" HPOS="995"/><String ID="p322_w479" CONTENT="two" HPOS="1013" VPOS="2697" WIDTH="66" HEIGHT="75" STYLEREFS="font0"/><SP WIDTH="11" VPOS="2697" HPOS="1079"/><String ID="p322_w480" CONTENT="exter-" HPOS="1090" VPOS="2697" WIDTH="109" HEIGHT="75" STYLEREFS="font0"/></TextLine><TextLine WIDTH="1037" HEIGHT="75" ID="p322_t57" HPOS="161" VPOS="2743"><String ID="p322_w481" CONTENT="nal" HPOS="161" VPOS="2743" WIDTH="50" HEIGHT="75" STYLEREFS="font0"/><SP WIDTH="15" VPOS="2743" HPOS="211"/><String ID="p322_w482" CONTENT="grooves" HPOS="226" VPOS="2743" WIDTH="134" HEIGHT="75" STYLEREFS="font0"/><SP WIDTH="15" VPOS="2743" HPOS="360"/><String ID="p322_w483" CONTENT="are" HPOS="375" VPOS="2743" WIDTH="52" HEIGHT="75" STYLEREFS="font0"/><SP WIDTH="17" VPOS="2743" HPOS="427"/><String ID="p322_w484" CONTENT="formed," HPOS="444" VPOS="2743" WIDTH="138" HEIGHT="75" STYLEREFS="font0"/><SP WIDTH="26" VPOS="2743" HPOS="582"/><String ID="p322_w485" CONTENT="one" HPOS="608" VPOS="2743" WIDTH="60" HEIGHT="75" STYLEREFS="font0"/><SP WIDTH="17" VPOS="2743" HPOS="668"/><String ID="p322_w486" CONTENT="on" HPOS="685" VPOS="2743" WIDTH="40" HEIGHT="75" STYLEREFS="font0"/><SP WIDTH="17" VPOS="2743" HPOS="725"/><String ID="p322_w487" CONTENT="the" HPOS="742" VPOS="2743" WIDTH="56" HEIGHT="75" STYLEREFS="font0"/><SP WIDTH="17" VPOS="2743" HPOS="798"/><String ID="p322_w488" CONTENT="upper" HPOS="815" VPOS="2743" WIDTH="98" HEIGHT="75" STYLEREFS="font0"/><SP WIDTH="16" VPOS="2743" HPOS="913"/><String ID="p322_w489" CONTENT="fide," HPOS="929" VPOS="2743" WIDTH="77" HEIGHT="75" STYLEREFS="font0"/><SP WIDTH="26" VPOS="2743" HPOS="1006"/><String ID="p322_w490" CONTENT="the" HPOS="1032" VPOS="2743" WIDTH="56" HEIGHT="75" STYLEREFS="font0"/><SP WIDTH="15" VPOS="2743" HPOS="1088"/><String ID="p322_w491" CONTENT="other" HPOS="1103" VPOS="2743" WIDTH="95" HEIGHT="75" STYLEREFS="font0"/></TextLine><TextLine WIDTH="1037" HEIGHT="75" ID="p322_t58" HPOS="161" VPOS="2788"><String ID="p322_w492" CONTENT="on" HPOS="161" VPOS="2788" WIDTH="43" HEIGHT="75" STYLEREFS="font0"/><SP WIDTH="27" VPOS="2788" HPOS="204"/><String ID="p322_w493" CONTENT="the" HPOS="231" VPOS="2788" WIDTH="55" HEIGHT="75" STYLEREFS="font0"/><SP WIDTH="16" VPOS="2788" HPOS="286"/><String ID="p322_w494" CONTENT="lower." HPOS="302" VPOS="2788" WIDTH="113" HEIGHT="75" STYLEREFS="font0"/><SP WIDTH="48" VPOS="2788" HPOS="415"/><String ID="p322_w495" CONTENT="The" HPOS="463" VPOS="2788" WIDTH="77" HEIGHT="75" STYLEREFS="font0"/><SP WIDTH="17" VPOS="2788" HPOS="540"/><String ID="p322_w496" CONTENT="lower" HPOS="557" VPOS="2788" WIDTH="99" HEIGHT="75" STYLEREFS="font0"/><SP WIDTH="19" VPOS="2788" HPOS="656"/><String ID="p322_w497" CONTENT="groove" HPOS="675" VPOS="2788" WIDTH="120" HEIGHT="75" STYLEREFS="font0"/><SP WIDTH="16" VPOS="2788" HPOS="795"/><String ID="p322_w498" CONTENT="is" HPOS="811" VPOS="2788" WIDTH="27" HEIGHT="75" STYLEREFS="font0"/><SP WIDTH="22" VPOS="2788" HPOS="838"/><String ID="p322_w499" CONTENT="fomething" HPOS="860" VPOS="2788" WIDTH="178" HEIGHT="75" STYLEREFS="font0"/><SP WIDTH="23" VPOS="2788" HPOS="1038"/><String ID="p322_w500" CONTENT="broader" HPOS="1061" VPOS="2788" WIDTH="137" HEIGHT="75" STYLEREFS="font0"/></TextLine><TextLine WIDTH="1039" HEIGHT="75" ID="p322_t59" HPOS="159" VPOS="2834"><String ID="p322_w501" CONTENT="than" HPOS="159" VPOS="2834" WIDTH="77" HEIGHT="75" STYLEREFS="font0"/><SP WIDTH="14" VPOS="2834" HPOS="236"/><String ID="p322_w502" CONTENT="the" HPOS="250" VPOS="2834" WIDTH="55" HEIGHT="75" STYLEREFS="font0"/><SP WIDTH="17" VPOS="2834" HPOS="305"/><String ID="p322_w503" CONTENT="upper," HPOS="322" VPOS="2834" WIDTH="110" HEIGHT="75" STYLEREFS="font0"/><SP WIDTH="27" VPOS="2834" HPOS="432"/><String ID="p322_w504" CONTENT="and" HPOS="459" VPOS="2834" WIDTH="64" HEIGHT="75" STYLEREFS="font0"/><SP WIDTH="11" VPOS="2834" HPOS="523"/><String ID="p322_w505" CONTENT="it" HPOS="534" VPOS="2834" WIDTH="25" HEIGHT="75" STYLEREFS="font0"/><SP WIDTH="13" VPOS="2834" HPOS="559"/><String ID="p322_w506" CONTENT="is" HPOS="572" VPOS="2834" WIDTH="26" HEIGHT="75" STYLEREFS="font0"/><SP WIDTH="14" VPOS="2834" HPOS="598"/><String ID="p322_w507" CONTENT="filled" HPOS="612" VPOS="2834" WIDTH="86" HEIGHT="75" STYLEREFS="font0"/><SP WIDTH="9" VPOS="2834" HPOS="698"/><String ID="p322_w508" CONTENT="through" HPOS="707" VPOS="2834" WIDTH="140" HEIGHT="75" STYLEREFS="font0"/><SP WIDTH="12" VPOS="2834" HPOS="847"/><String ID="p322_w509" CONTENT="its" HPOS="859" VPOS="2834" WIDTH="42" HEIGHT="75" STYLEREFS="font0"/><SP WIDTH="13" VPOS="2834" HPOS="901"/><String ID="p322_w510" CONTENT="whole" HPOS="914" VPOS="2834" WIDTH="104" HEIGHT="75" STYLEREFS="font0"/><SP WIDTH="7" VPOS="2834" HPOS="1018"/><String ID="p322_w511" CONTENT="length" HPOS="1025" VPOS="2834" WIDTH="116" HEIGHT="75" STYLEREFS="font0"/><SP WIDTH="12" VPOS="2834" HPOS="1141"/><String ID="p322_w512" CONTENT="by" HPOS="1153" VPOS="2834" WIDTH="45" HEIGHT="75" STYLEREFS="font0"/></TextLine><TextLine WIDTH="1035" HEIGHT="75" ID="p322_t60" HPOS="161" VPOS="2880"><String ID="p322_w513" CONTENT="a" HPOS="161" VPOS="2880" WIDTH="18" HEIGHT="75" STYLEREFS="font0"/><SP WIDTH="17" VPOS="2880" HPOS="179"/><String ID="p322_w514" CONTENT="third" HPOS="196" VPOS="2880" WIDTH="88" HEIGHT="75" STYLEREFS="font0"/><SP WIDTH="16" VPOS="2880" HPOS="284"/><String ID="p322_w515" CONTENT="tube," HPOS="300" VPOS="2880" WIDTH="88" HEIGHT="75" STYLEREFS="font0"/><SP WIDTH="27" VPOS="2880" HPOS="388"/><String ID="p322_w516" CONTENT="narrower" HPOS="415" VPOS="2880" WIDTH="159" HEIGHT="75" STYLEREFS="font0"/><SP WIDTH="24" VPOS="2880" HPOS="574"/><String ID="p322_w517" CONTENT="than" HPOS="598" VPOS="2880" WIDTH="77" HEIGHT="75" STYLEREFS="font0"/><SP WIDTH="25" VPOS="2880" HPOS="675"/><String ID="p322_w518" CONTENT="the" HPOS="700" VPOS="2880" WIDTH="55" HEIGHT="75" STYLEREFS="font0"/><SP WIDTH="17" VPOS="2880" HPOS="755"/><String ID="p322_w519" CONTENT="corpora" HPOS="772" VPOS="2880" WIDTH="134" HEIGHT="75" STYLEREFS="font0"/><SP WIDTH="14" VPOS="2880" HPOS="906"/><String ID="p322_w520" CONTENT="cavernofa," HPOS="920" VPOS="2880" WIDTH="186" HEIGHT="75" STYLEREFS="font0"/><SP WIDTH="26" VPOS="2880" HPOS="1106"/><String ID="p322_w521" CONTENT="cal-" HPOS="1132" VPOS="2880" WIDTH="64" HEIGHT="75" STYLEREFS="font0"/></TextLine><TextLine WIDTH="287" HEIGHT="75" ID="p322_t61" HPOS="158" VPOS="2930"><String ID="p322_w522" CONTENT="led" HPOS="158" VPOS="2930" WIDTH="56" HEIGHT="75" STYLEREFS="font0"/><SP WIDTH="16" VPOS="2930" HPOS="214"/><String ID="p322_w523" CONTENT="the" HPOS="230" VPOS="2930" WIDTH="56" HEIGHT="75" STYLEREFS="font0"/><SP WIDTH="17" VPOS="2930" HPOS="286"/><String ID="p322_w524" CONTENT="urethra." HPOS="303" VPOS="2930" WIDTH="142" HEIGHT="75" STYLEREFS="font0"/></TextLine><TextLine WIDTH="996" HEIGHT="75" ID="p322_t62" HPOS="198" VPOS="2970"><String ID="p322_w525" CONTENT="The" HPOS="198" VPOS="2970" WIDTH="83" HEIGHT="75" STYLEREFS="font0"/><SP WIDTH="27" VPOS="2970" HPOS="281"/><String ID="p322_w526" CONTENT="roots" HPOS="308" VPOS="2970" WIDTH="88" HEIGHT="75" STYLEREFS="font0"/><SP WIDTH="24" VPOS="2970" HPOS="396"/><String ID="p322_w527" CONTENT="of" HPOS="420" VPOS="2970" WIDTH="39" HEIGHT="75" STYLEREFS="font0"/><SP WIDTH="20" VPOS="2970" HPOS="459"/><String ID="p322_w528" CONTENT="the" HPOS="479" VPOS="2970" WIDTH="55" HEIGHT="75" STYLEREFS="font0"/><SP WIDTH="25" VPOS="2970" HPOS="534"/><String ID="p322_w529" CONTENT="corpora" HPOS="559" VPOS="2970" WIDTH="135" HEIGHT="75" STYLEREFS="font0"/><SP WIDTH="25" VPOS="2970" HPOS="694"/><String ID="p322_w530" CONTENT="cavernofa" HPOS="719" VPOS="2970" WIDTH="169" HEIGHT="75" STYLEREFS="font0"/><SP WIDTH="16" VPOS="2970" HPOS="888"/><String ID="p322_w531" CONTENT="are" HPOS="904" VPOS="2970" WIDTH="54" HEIGHT="75" STYLEREFS="font0"/><SP WIDTH="19" VPOS="2970" HPOS="958"/><String ID="p322_w532" CONTENT="fixed," HPOS="977" VPOS="2970" WIDTH="100" HEIGHT="75" STYLEREFS="font0"/><SP WIDTH="26" VPOS="2970" HPOS="1077"/><String ID="p322_w533" CONTENT="each," HPOS="1103" VPOS="2970" WIDTH="91" HEIGHT="75" STYLEREFS="font0"/></TextLine><TextLine WIDTH="1039" HEIGHT="75" ID="p322_t63" HPOS="156" VPOS="3020"><String ID="p322_w534" CONTENT="to" HPOS="156" VPOS="3020" WIDTH="38" HEIGHT="75" STYLEREFS="font0"/><SP WIDTH="16" VPOS="3020" HPOS="194"/><String ID="p322_w535" CONTENT="the" HPOS="210" VPOS="3020" WIDTH="55" HEIGHT="75" STYLEREFS="font0"/><SP WIDTH="17" VPOS="3020" HPOS="265"/><String ID="p322_w536" CONTENT="edge" HPOS="282" VPOS="3020" WIDTH="81" HEIGHT="75" STYLEREFS="font0"/><SP WIDTH="16" VPOS="3020" HPOS="363"/><String ID="p322_w537" CONTENT="of" HPOS="379" VPOS="3020" WIDTH="40" HEIGHT="75" STYLEREFS="font0"/><SP WIDTH="11" VPOS="3020" HPOS="419"/><String ID="p322_w538" CONTENT="‘the" HPOS="430" VPOS="3020" WIDTH="67" HEIGHT="75" STYLEREFS="font0"/><SP WIDTH="16" VPOS="3020" HPOS="497"/><String ID="p322_w539" CONTENT="fraall" HPOS="513" VPOS="3020" WIDTH="89" HEIGHT="75" STYLEREFS="font0"/><SP WIDTH="18" VPOS="3020" HPOS="602"/><String ID="p322_w540" CONTENT="ramus" HPOS="620" VPOS="3020" WIDTH="105" HEIGHT="75" STYLEREFS="font0"/><SP WIDTH="18" VPOS="3020" HPOS="725"/><String ID="p322_w541" CONTENT="of" HPOS="743" VPOS="3020" WIDTH="40" HEIGHT="75" STYLEREFS="font0"/><SP WIDTH="12" VPOS="3020" HPOS="783"/><String ID="p322_w542" CONTENT="the" HPOS="795" VPOS="3020" WIDTH="54" HEIGHT="75" STYLEREFS="font0"/><SP WIDTH="31" VPOS="3020" HPOS="849"/><String ID="p322_w543" CONTENT="os" HPOS="880" VPOS="3020" WIDTH="37" HEIGHT="75" STYLEREFS="font0"/><SP WIDTH="19" VPOS="3020" HPOS="917"/><String ID="p322_w544" CONTENT="ifchium" HPOS="936" VPOS="3020" WIDTH="134" HEIGHT="75" STYLEREFS="font0"/><SP WIDTH="14" VPOS="3020" HPOS="1070"/><String ID="p322_w545" CONTENT="and" HPOS="1084" VPOS="3020" WIDTH="63" HEIGHT="75" STYLEREFS="font0"/><SP WIDTH="12" VPOS="3020" HPOS="1147"/><String ID="p322_w546" CONTENT="os" HPOS="1159" VPOS="3020" WIDTH="36" HEIGHT="75" STYLEREFS="font0"/></TextLine><TextLine WIDTH="360" HEIGHT="75" ID="p322_t64" HPOS="1323" VPOS="161"><String ID="p322_w547" CONTENT="O" HPOS="1323" VPOS="161" WIDTH="39" HEIGHT="75" STYLEREFS="font0"/><SP WIDTH="117" VPOS="161" HPOS="1362"/><String ID="p322_w548" CONTENT="M-" HPOS="1479" VPOS="161" WIDTH="76" HEIGHT="75" STYLEREFS="font0"/><SP WIDTH="89" VPOS="161" HPOS="1555"/><String ID="p322_w549" CONTENT="Y" HPOS="1644" VPOS="161" WIDTH="39" HEIGHT="75" STYLEREFS="font0"/></TextLine><TextLine WIDTH="193" HEIGHT="75" ID="p322_t65" HPOS="2079" VPOS="161"><String ID="p322_w550" CONTENT="Part" HPOS="2079" VPOS="161" WIDTH="100" HEIGHT="75" STYLEREFS="font0"/><SP WIDTH="19" VPOS="161" HPOS="2179"/><String ID="p322_w551" CONTENT="VI;" HPOS="2198" VPOS="161" WIDTH="74" HEIGHT="75" STYLEREFS="font0"/></TextLine><TextLine WIDTH="1040" HEIGHT="75" ID="p322_t66" HPOS="1233" VPOS="227"><String ID="p322_w552" CONTENT="pubis." HPOS="1233" VPOS="227" WIDTH="105" HEIGHT="75" STYLEREFS="font0"/><SP WIDTH="48" VPOS="227" HPOS="1338"/><String ID="p322_w553" CONTENT="They" HPOS="1386" VPOS="227" WIDTH="101" HEIGHT="75" STYLEREFS="font0"/><SP WIDTH="24" VPOS="227" HPOS="1487"/><String ID="p322_w554" CONTENT="meet" HPOS="1511" VPOS="227" WIDTH="84" HEIGHT="75" STYLEREFS="font0"/><SP WIDTH="25" VPOS="227" HPOS="1595"/><String ID="p322_w555" CONTENT="at" HPOS="1620" VPOS="227" WIDTH="32" HEIGHT="75" STYLEREFS="font0"/><SP WIDTH="24" VPOS="227" HPOS="1652"/><String ID="p322_w556" CONTENT="the" HPOS="1676" VPOS="227" WIDTH="54" HEIGHT="75" STYLEREFS="font0"/><SP WIDTH="18" VPOS="227" HPOS="1730"/><String ID="p322_w557" CONTENT="fymphyfis" HPOS="1748" VPOS="227" WIDTH="173" HEIGHT="75" STYLEREFS="font0"/><SP WIDTH="24" VPOS="227" HPOS="1921"/><String ID="p322_w558" CONTENT="of" HPOS="1945" VPOS="227" WIDTH="42" HEIGHT="75" STYLEREFS="font0"/><SP WIDTH="16" VPOS="227" HPOS="1987"/><String ID="p322_w559" CONTENT="the" HPOS="2003" VPOS="227" WIDTH="56" HEIGHT="75" STYLEREFS="font0"/><SP WIDTH="20" VPOS="227" HPOS="2059"/><String ID="p322_w560" CONTENT="offa" HPOS="2079" VPOS="227" WIDTH="65" HEIGHT="75" STYLEREFS="font0"/><SP WIDTH="24" VPOS="227" HPOS="2144"/><String ID="p322_w561" CONTENT="pubis," HPOS="2168" VPOS="227" WIDTH="105" HEIGHT="75" STYLEREFS="font0"/></TextLine><TextLine WIDTH="1044" HEIGHT="75" ID="p322_t67" HPOS="1233" VPOS="275"><String ID="p322_w562" CONTENT="where" HPOS="1233" VPOS="275" WIDTH="109" HEIGHT="75" STYLEREFS="font0"/><SP WIDTH="30" VPOS="275" HPOS="1342"/><String ID="p322_w563" CONTENT="each" HPOS="1372" VPOS="275" WIDTH="77" HEIGHT="75" STYLEREFS="font0"/><SP WIDTH="34" VPOS="275" HPOS="1449"/><String ID="p322_w564" CONTENT="of" HPOS="1483" VPOS="275" WIDTH="40" HEIGHT="75" STYLEREFS="font0"/><SP WIDTH="19" VPOS="275" HPOS="1523"/><String ID="p322_w565" CONTENT="them" HPOS="1542" VPOS="275" WIDTH="89" HEIGHT="75" STYLEREFS="font0"/><SP WIDTH="27" VPOS="275" HPOS="1631"/><String ID="p322_w566" CONTENT="becomes" HPOS="1658" VPOS="275" WIDTH="147" HEIGHT="75" STYLEREFS="font0"/><SP WIDTH="24" VPOS="275" HPOS="1805"/><String ID="p322_w567" CONTENT="a" HPOS="1829" VPOS="275" WIDTH="18" HEIGHT="75" STYLEREFS="font0"/><SP WIDTH="27" VPOS="275" HPOS="1847"/><String ID="p322_w568" CONTENT="cylindrical" HPOS="1874" VPOS="275" WIDTH="188" HEIGHT="75" STYLEREFS="font0"/><SP WIDTH="26" VPOS="275" HPOS="2062"/><String ID="p322_w569" CONTENT="tube," HPOS="2088" VPOS="275" WIDTH="89" HEIGHT="75" STYLEREFS="font0"/><SP WIDTH="37" VPOS="275" HPOS="2177"/><String ID="p322_w570" CONTENT="and" HPOS="2214" VPOS="275" WIDTH="63" HEIGHT="75" STYLEREFS="font0"/></TextLine><TextLine WIDTH="895" HEIGHT="75" ID="p322_t68" HPOS="1235" VPOS="320"><String ID="p322_w571" CONTENT="unites" HPOS="1235" VPOS="320" WIDTH="105" HEIGHT="75" STYLEREFS="font0"/><SP WIDTH="12" VPOS="320" HPOS="1340"/><String ID="p322_w572" CONTENT="with" HPOS="1352" VPOS="320" WIDTH="79" HEIGHT="75" STYLEREFS="font0"/><SP WIDTH="13" VPOS="320" HPOS="1431"/><String ID="p322_w573" CONTENT="the" HPOS="1444" VPOS="320" WIDTH="56" HEIGHT="75" STYLEREFS="font0"/><SP WIDTH="16" VPOS="320" HPOS="1500"/><String ID="p322_w574" CONTENT="other" HPOS="1516" VPOS="320" WIDTH="95" HEIGHT="75" STYLEREFS="font0"/><SP WIDTH="18" VPOS="320" HPOS="1611"/><String ID="p322_w575" CONTENT="in" HPOS="1629" VPOS="320" WIDTH="33" HEIGHT="75" STYLEREFS="font0"/><SP WIDTH="25" VPOS="320" HPOS="1662"/><String ID="p322_w576" CONTENT="the" HPOS="1687" VPOS="320" WIDTH="56" HEIGHT="75" STYLEREFS="font0"/><SP WIDTH="17" VPOS="320" HPOS="1743"/><String ID="p322_w577" CONTENT="manner" HPOS="1760" VPOS="320" WIDTH="131" HEIGHT="75" STYLEREFS="font0"/><SP WIDTH="18" VPOS="320" HPOS="1891"/><String ID="p322_w578" CONTENT="already" HPOS="1909" VPOS="320" WIDTH="131" HEIGHT="75" STYLEREFS="font0"/><SP WIDTH="12" VPOS="320" HPOS="2040"/><String ID="p322_w579" CONTENT="faid." HPOS="2052" VPOS="320" WIDTH="78" HEIGHT="75" STYLEREFS="font0"/></TextLine><TextLine WIDTH="1001" HEIGHT="75" ID="p322_t69" HPOS="1281" VPOS="367"><String ID="p322_w580" CONTENT="The" HPOS="1281" VPOS="367" WIDTH="77" HEIGHT="75" STYLEREFS="font0"/><SP WIDTH="30" VPOS="367" HPOS="1358"/><String ID="p322_w581" CONTENT="heads" HPOS="1388" VPOS="367" WIDTH="100" HEIGHT="75" STYLEREFS="font0"/><SP WIDTH="28" VPOS="367" HPOS="1488"/><String ID="p322_w582" CONTENT="or" HPOS="1516" VPOS="367" WIDTH="38" HEIGHT="75" STYLEREFS="font0"/><SP WIDTH="32" VPOS="367" HPOS="1554"/><String ID="p322_w583" CONTENT="rounded" HPOS="1586" VPOS="367" WIDTH="148" HEIGHT="75" STYLEREFS="font0"/><SP WIDTH="35" VPOS="367" HPOS="1734"/><String ID="p322_w584" CONTENT="extremities" HPOS="1769" VPOS="367" WIDTH="201" HEIGHT="75" STYLEREFS="font0"/><SP WIDTH="31" VPOS="367" HPOS="1970"/><String ID="p322_w585" CONTENT="join" HPOS="2001" VPOS="367" WIDTH="71" HEIGHT="75" STYLEREFS="font0"/><SP WIDTH="31" VPOS="367" HPOS="2072"/><String ID="p322_w586" CONTENT="the" HPOS="2103" VPOS="367" WIDTH="56" HEIGHT="75" STYLEREFS="font0"/><SP WIDTH="37" VPOS="367" HPOS="2159"/><String ID="p322_w587" CONTENT="bafis,," HPOS="2196" VPOS="367" WIDTH="86" HEIGHT="75" STYLEREFS="font0"/></TextLine><TextLine WIDTH="1042" HEIGHT="75" ID="p322_t70" HPOS="1234" VPOS="415"><String ID="p322_w588" CONTENT="of" HPOS="1234" VPOS="415" WIDTH="41" HEIGHT="75" STYLEREFS="font0"/><SP WIDTH="20" VPOS="415" HPOS="1275"/><String ID="p322_w589" CONTENT="a" HPOS="1295" VPOS="415" WIDTH="18" HEIGHT="75" STYLEREFS="font0"/><SP WIDTH="16" VPOS="415" HPOS="1313"/><String ID="p322_w590" CONTENT="diftindt" HPOS="1329" VPOS="415" WIDTH="124" HEIGHT="75" STYLEREFS="font0"/><SP WIDTH="16" VPOS="415" HPOS="1453"/><String ID="p322_w591" CONTENT="body,’" HPOS="1469" VPOS="415" WIDTH="108" HEIGHT="75" STYLEREFS="font0"/><SP WIDTH="18" VPOS="415" HPOS="1577"/><String ID="p322_w592" CONTENT="called" HPOS="1595" VPOS="415" WIDTH="106" HEIGHT="75" STYLEREFS="font0"/><SP WIDTH="17" VPOS="415" HPOS="1701"/><String ID="p322_w593" CONTENT="the" HPOS="1718" VPOS="415" WIDTH="55" HEIGHT="75" STYLEREFS="font0"/><SP WIDTH="17" VPOS="415" HPOS="1773"/><String ID="p322_w594" CONTENT="glans," HPOS="1790" VPOS="415" WIDTH="103" HEIGHT="75" STYLEREFS="font0"/><SP WIDTH="25" VPOS="415" HPOS="1893"/><String ID="p322_w595" CONTENT="which" HPOS="1918" VPOS="415" WIDTH="108" HEIGHT="75" STYLEREFS="font0"/><SP WIDTH="21" VPOS="415" HPOS="2026"/><String ID="p322_w596" CONTENT="is" HPOS="2047" VPOS="415" WIDTH="28" HEIGHT="75" STYLEREFS="font0"/><SP WIDTH="22" VPOS="415" HPOS="2075"/><String ID="p322_w597" CONTENT="an" HPOS="2097" VPOS="415" WIDTH="40" HEIGHT="75" STYLEREFS="font0"/><SP WIDTH="18" VPOS="415" HPOS="2137"/><String ID="p322_w598" CONTENT="expan-" HPOS="2155" VPOS="415" WIDTH="121" HEIGHT="75" STYLEREFS="font0"/></TextLine><TextLine WIDTH="804" HEIGHT="75" ID="p322_t71" HPOS="1235" VPOS="462"><String ID="p322_w599" CONTENT="fion" HPOS="1235" VPOS="462" WIDTH="66" HEIGHT="75" STYLEREFS="font0"/><SP WIDTH="16" VPOS="462" HPOS="1301"/><String ID="p322_w600" CONTENT="of" HPOS="1317" VPOS="462" WIDTH="41" HEIGHT="75" STYLEREFS="font0"/><SP WIDTH="11" VPOS="462" HPOS="1358"/><String ID="p322_w601" CONTENT="the" HPOS="1369" VPOS="462" WIDTH="56" HEIGHT="75" STYLEREFS="font0"/><SP WIDTH="18" VPOS="462" HPOS="1425"/><String ID="p322_w602" CONTENT="urethra," HPOS="1443" VPOS="462" WIDTH="145" HEIGHT="75" STYLEREFS="font0"/><SP WIDTH="25" VPOS="462" HPOS="1588"/><String ID="p322_w603" CONTENT="and" HPOS="1613" VPOS="462" WIDTH="64" HEIGHT="75" STYLEREFS="font0"/><SP WIDTH="12" VPOS="462" HPOS="1677"/><String ID="p322_w604" CONTENT="clofely" HPOS="1689" VPOS="462" WIDTH="117" HEIGHT="75" STYLEREFS="font0"/><SP WIDTH="17" VPOS="462" HPOS="1806"/><String ID="p322_w605" CONTENT="united" HPOS="1823" VPOS="462" WIDTH="112" HEIGHT="75" STYLEREFS="font0"/><SP WIDTH="13" VPOS="462" HPOS="1935"/><String ID="p322_w606" CONTENT="to" HPOS="1948" VPOS="462" WIDTH="36" HEIGHT="75" STYLEREFS="font0"/><SP WIDTH="16" VPOS="462" HPOS="1984"/><String ID="p322_w607" CONTENT="it." HPOS="2000" VPOS="462" WIDTH="39" HEIGHT="75" STYLEREFS="font0"/></TextLine><TextLine WIDTH="8" HEIGHT="75" ID="p322_t72" HPOS="2275" VPOS="462"><String ID="p322_w608" CONTENT="," HPOS="2275" VPOS="462" WIDTH="8" HEIGHT="75" STYLEREFS="font0"/></TextLine><TextLine WIDTH="993" HEIGHT="75" ID="p322_t73" HPOS="1283" VPOS="508"><String ID="p322_w609" CONTENT="By" HPOS="1283" VPOS="508" WIDTH="52" HEIGHT="75" STYLEREFS="font0"/><SP WIDTH="16" VPOS="508" HPOS="1335"/><String ID="p322_w610" CONTENT="the" HPOS="1351" VPOS="508" WIDTH="55" HEIGHT="75" STYLEREFS="font0"/><SP WIDTH="13" VPOS="508" HPOS="1406"/><String ID="p322_w611" CONTENT="union" HPOS="1419" VPOS="508" WIDTH="97" HEIGHT="75" STYLEREFS="font0"/><SP WIDTH="17" VPOS="508" HPOS="1516"/><String ID="p322_w612" CONTENT="of" HPOS="1533" VPOS="508" WIDTH="40" HEIGHT="75" STYLEREFS="font0"/><SP WIDTH="18" VPOS="508" HPOS="1573"/><String ID="p322_w613" CONTENT="the" HPOS="1591" VPOS="508" WIDTH="57" HEIGHT="75" STYLEREFS="font0"/><SP WIDTH="17" VPOS="508" HPOS="1648"/><String ID="p322_w614" CONTENT="corpora" HPOS="1665" VPOS="508" WIDTH="136" HEIGHT="75" STYLEREFS="font0"/><SP WIDTH="12" VPOS="508" HPOS="1801"/><String ID="p322_w615" CONTENT="cavernofa" HPOS="1813" VPOS="508" WIDTH="168" HEIGHT="75" STYLEREFS="font0"/><SP WIDTH="11" VPOS="508" HPOS="1981"/><String ID="p322_w616" CONTENT="from" HPOS="1992" VPOS="508" WIDTH="86" HEIGHT="75" STYLEREFS="font0"/><SP WIDTH="12" VPOS="508" HPOS="2078"/><String ID="p322_w617" CONTENT="their" HPOS="2090" VPOS="508" WIDTH="86" HEIGHT="75" STYLEREFS="font0"/><SP WIDTH="11" VPOS="508" HPOS="2176"/><String ID="p322_w618" CONTENT="roots" HPOS="2187" VPOS="508" WIDTH="89" HEIGHT="75" STYLEREFS="font0"/></TextLine><TextLine WIDTH="1047" HEIGHT="75" ID="p322_t74" HPOS="1236" VPOS="553"><String ID="p322_w619" CONTENT="to" HPOS="1236" VPOS="553" WIDTH="35" HEIGHT="75" STYLEREFS="font0"/><SP WIDTH="17" VPOS="553" HPOS="1271"/><String ID="p322_w620" CONTENT="their" HPOS="1288" VPOS="553" WIDTH="85" HEIGHT="75" STYLEREFS="font0"/><SP WIDTH="12" VPOS="553" HPOS="1373"/><String ID="p322_w621" CONTENT="round" HPOS="1385" VPOS="553" WIDTH="104" HEIGHT="75" STYLEREFS="font0"/><SP WIDTH="16" VPOS="553" HPOS="1489"/><String ID="p322_w622" CONTENT="extremities" HPOS="1505" VPOS="553" WIDTH="201" HEIGHT="75" STYLEREFS="font0"/><SP WIDTH="16" VPOS="553" HPOS="1706"/><String ID="p322_w623" CONTENT="or" HPOS="1722" VPOS="553" WIDTH="38" HEIGHT="75" STYLEREFS="font0"/><SP WIDTH="17" VPOS="553" HPOS="1760"/><String ID="p322_w624" CONTENT="heads," HPOS="1777" VPOS="553" WIDTH="112" HEIGHT="75" STYLEREFS="font0"/><SP WIDTH="25" VPOS="553" HPOS="1889"/><String ID="p322_w625" CONTENT="a" HPOS="1914" VPOS="553" WIDTH="20" HEIGHT="75" STYLEREFS="font0"/><SP WIDTH="15" VPOS="553" HPOS="1934"/><String ID="p322_w626" CONTENT="particular" HPOS="1949" VPOS="553" WIDTH="175" HEIGHT="75" STYLEREFS="font0"/><SP WIDTH="27" VPOS="553" HPOS="2124"/><String ID="p322_w627" CONTENT="feptumj" HPOS="2151" VPOS="553" WIDTH="132" HEIGHT="75" STYLEREFS="font0"/></TextLine><TextLine WIDTH="1039" HEIGHT="75" ID="p322_t75" HPOS="1237" VPOS="600"><String ID="p322_w628" CONTENT="is" HPOS="1237" VPOS="600" WIDTH="26" HEIGHT="75" STYLEREFS="font0"/><SP WIDTH="26" VPOS="600" HPOS="1263"/><String ID="p322_w629" CONTENT="formed" HPOS="1289" VPOS="600" WIDTH="127" HEIGHT="75" STYLEREFS="font0"/><SP WIDTH="25" VPOS="600" HPOS="1416"/><String ID="p322_w630" CONTENT="by" HPOS="1441" VPOS="600" WIDTH="45" HEIGHT="75" STYLEREFS="font0"/><SP WIDTH="24" VPOS="600" HPOS="1486"/><String ID="p322_w631" CONTENT="the" HPOS="1510" VPOS="600" WIDTH="56" HEIGHT="75" STYLEREFS="font0"/><SP WIDTH="29" VPOS="600" HPOS="1566"/><String ID="p322_w632" CONTENT="tranfverfe" HPOS="1595" VPOS="600" WIDTH="174" HEIGHT="75" STYLEREFS="font0"/><SP WIDTH="25" VPOS="600" HPOS="1769"/><String ID="p322_w633" CONTENT="fibres" HPOS="1794" VPOS="600" WIDTH="94" HEIGHT="75" STYLEREFS="font0"/><SP WIDTH="23" VPOS="600" HPOS="1888"/><String ID="p322_w634" CONTENT="of" HPOS="1911" VPOS="600" WIDTH="41" HEIGHT="75" STYLEREFS="font0"/><SP WIDTH="19" VPOS="600" HPOS="1952"/><String ID="p322_w635" CONTENT="both." HPOS="1971" VPOS="600" WIDTH="92" HEIGHT="75" STYLEREFS="font0"/><SP WIDTH="58" VPOS="600" HPOS="2063"/><String ID="p322_w636" CONTENT="Between" HPOS="2121" VPOS="600" WIDTH="155" HEIGHT="75" STYLEREFS="font0"/></TextLine><TextLine WIDTH="1038" HEIGHT="75" ID="p322_t76" HPOS="1238" VPOS="647"><String ID="p322_w637" CONTENT="the" HPOS="1238" VPOS="647" WIDTH="55" HEIGHT="75" STYLEREFS="font0"/><SP WIDTH="24" VPOS="647" HPOS="1293"/><String ID="p322_w638" CONTENT="fibres" HPOS="1317" VPOS="647" WIDTH="95" HEIGHT="75" STYLEREFS="font0"/><SP WIDTH="24" VPOS="647" HPOS="1412"/><String ID="p322_w639" CONTENT="of" HPOS="1436" VPOS="647" WIDTH="39" HEIGHT="75" STYLEREFS="font0"/><SP WIDTH="21" VPOS="647" HPOS="1475"/><String ID="p322_w640" CONTENT="this" HPOS="1496" VPOS="647" WIDTH="64" HEIGHT="75" STYLEREFS="font0"/><SP WIDTH="24" VPOS="647" HPOS="1560"/><String ID="p322_w641" CONTENT="feptum" HPOS="1584" VPOS="647" WIDTH="124" HEIGHT="75" STYLEREFS="font0"/><SP WIDTH="25" VPOS="647" HPOS="1708"/><String ID="p322_w642" CONTENT="feveral" HPOS="1733" VPOS="647" WIDTH="118" HEIGHT="75" STYLEREFS="font0"/><SP WIDTH="24" VPOS="647" HPOS="1851"/><String ID="p322_w643" CONTENT="fmall" HPOS="1875" VPOS="647" WIDTH="91" HEIGHT="75" STYLEREFS="font0"/><SP WIDTH="28" VPOS="647" HPOS="1966"/><String ID="p322_w644" CONTENT="void" HPOS="1994" VPOS="647" WIDTH="76" HEIGHT="75" STYLEREFS="font0"/><SP WIDTH="23" VPOS="647" HPOS="2070"/><String ID="p322_w645" CONTENT="fpaces" HPOS="2093" VPOS="647" WIDTH="106" HEIGHT="75" STYLEREFS="font0"/><SP WIDTH="23" VPOS="647" HPOS="2199"/><String ID="p322_w646" CONTENT="are" HPOS="2222" VPOS="647" WIDTH="54" HEIGHT="75" STYLEREFS="font0"/></TextLine><TextLine WIDTH="1039" HEIGHT="75" ID="p322_t77" HPOS="1237" VPOS="693"><String ID="p322_w647" CONTENT="left," HPOS="1237" VPOS="693" WIDTH="73" HEIGHT="75" STYLEREFS="font0"/><SP WIDTH="26" VPOS="693" HPOS="1310"/><String ID="p322_w648" CONTENT="by" HPOS="1336" VPOS="693" WIDTH="44" HEIGHT="75" STYLEREFS="font0"/><SP WIDTH="17" VPOS="693" HPOS="1380"/><String ID="p322_w649" CONTENT="which" HPOS="1397" VPOS="693" WIDTH="106" HEIGHT="75" STYLEREFS="font0"/><SP WIDTH="17" VPOS="693" HPOS="1503"/><String ID="p322_w650" CONTENT="the" HPOS="1520" VPOS="693" WIDTH="56" HEIGHT="75" STYLEREFS="font0"/><SP WIDTH="24" VPOS="693" HPOS="1576"/><String ID="p322_w651" CONTENT="corpora" HPOS="1600" VPOS="693" WIDTH="135" HEIGHT="75" STYLEREFS="font0"/><SP WIDTH="16" VPOS="693" HPOS="1735"/><String ID="p322_w652" CONTENT="cavernofa" HPOS="1751" VPOS="693" WIDTH="171" HEIGHT="75" STYLEREFS="font0"/><SP WIDTH="27" VPOS="693" HPOS="1922"/><String ID="p322_w653" CONTENT="communicate" HPOS="1949" VPOS="693" WIDTH="231" HEIGHT="75" STYLEREFS="font0"/><SP WIDTH="16" VPOS="693" HPOS="2180"/><String ID="p322_w654" CONTENT="with" HPOS="2196" VPOS="693" WIDTH="80" HEIGHT="75" STYLEREFS="font0"/></TextLine><TextLine WIDTH="203" HEIGHT="75" ID="p322_t78" HPOS="1238" VPOS="740"><String ID="p322_w655" CONTENT="each" HPOS="1238" VPOS="740" WIDTH="79" HEIGHT="75" STYLEREFS="font0"/><SP WIDTH="17" VPOS="740" HPOS="1317"/><String ID="p322_w656" CONTENT="other." HPOS="1334" VPOS="740" WIDTH="107" HEIGHT="75" STYLEREFS="font0"/></TextLine><TextLine WIDTH="1000" HEIGHT="75" ID="p322_t79" HPOS="1284" VPOS="788"><String ID="p322_w657" CONTENT="The" HPOS="1284" VPOS="788" WIDTH="76" HEIGHT="75" STYLEREFS="font0"/><SP WIDTH="23" VPOS="788" HPOS="1360"/><String ID="p322_w658" CONTENT="urethra" HPOS="1383" VPOS="788" WIDTH="134" HEIGHT="75" STYLEREFS="font0"/><SP WIDTH="15" VPOS="788" HPOS="1517"/><String ID="p322_w659" CONTENT="is" HPOS="1532" VPOS="788" WIDTH="26" HEIGHT="75" STYLEREFS="font0"/><SP WIDTH="18" VPOS="788" HPOS="1558"/><String ID="p322_w660" CONTENT="the" HPOS="1576" VPOS="788" WIDTH="56" HEIGHT="75" STYLEREFS="font0"/><SP WIDTH="22" VPOS="788" HPOS="1632"/><String ID="p322_w661" CONTENT="third" HPOS="1654" VPOS="788" WIDTH="89" HEIGHT="75" STYLEREFS="font0"/><SP WIDTH="16" VPOS="788" HPOS="1743"/><String ID="p322_w662" CONTENT="fpungy" HPOS="1759" VPOS="788" WIDTH="123" HEIGHT="75" STYLEREFS="font0"/><SP WIDTH="15" VPOS="788" HPOS="1882"/><String ID="p322_w663" CONTENT="tube" HPOS="1897" VPOS="788" WIDTH="77" HEIGHT="75" STYLEREFS="font0"/><SP WIDTH="17" VPOS="788" HPOS="1974"/><String ID="p322_w664" CONTENT="which" HPOS="1991" VPOS="788" WIDTH="106" HEIGHT="75" STYLEREFS="font0"/><SP WIDTH="15" VPOS="788" HPOS="2097"/><String ID="p322_w665" CONTENT="compofes-" HPOS="2112" VPOS="788" WIDTH="172" HEIGHT="75" STYLEREFS="font0"/></TextLine><TextLine WIDTH="1038" HEIGHT="75" ID="p322_t80" HPOS="1238" VPOS="833"><String ID="p322_w666" CONTENT="the" HPOS="1238" VPOS="833" WIDTH="55" HEIGHT="75" STYLEREFS="font0"/><SP WIDTH="10" VPOS="833" HPOS="1293"/><String ID="p322_w667" CONTENT="penis," HPOS="1303" VPOS="833" WIDTH="101" HEIGHT="75" STYLEREFS="font0"/><SP WIDTH="17" VPOS="833" HPOS="1404"/><String ID="p322_w668" CONTENT="and" HPOS="1421" VPOS="833" WIDTH="63" HEIGHT="75" STYLEREFS="font0"/><SP WIDTH="16" VPOS="833" HPOS="1484"/><String ID="p322_w669" CONTENT="it" HPOS="1500" VPOS="833" WIDTH="25" HEIGHT="75" STYLEREFS="font0"/><SP WIDTH="17" VPOS="833" HPOS="1525"/><String ID="p322_w670" CONTENT="adheres" HPOS="1542" VPOS="833" WIDTH="134" HEIGHT="75" STYLEREFS="font0"/><SP WIDTH="14" VPOS="833" HPOS="1676"/><String ID="p322_w671" CONTENT="to" HPOS="1690" VPOS="833" WIDTH="34" HEIGHT="75" STYLEREFS="font0"/><SP WIDTH="9" VPOS="833" HPOS="1724"/><String ID="p322_w672" CONTENT="the" HPOS="1733" VPOS="833" WIDTH="54" HEIGHT="75" STYLEREFS="font0"/><SP WIDTH="18" VPOS="833" HPOS="1787"/><String ID="p322_w673" CONTENT="corpora" HPOS="1805" VPOS="833" WIDTH="135" HEIGHT="75" STYLEREFS="font0"/><SP WIDTH="12" VPOS="833" HPOS="1940"/><String ID="p322_w674" CONTENT="cavernofa" HPOS="1952" VPOS="833" WIDTH="170" HEIGHT="75" STYLEREFS="font0"/><SP WIDTH="12" VPOS="833" HPOS="2122"/><String ID="p322_w675" CONTENT="through" HPOS="2134" VPOS="833" WIDTH="142" HEIGHT="75" STYLEREFS="font0"/></TextLine><TextLine WIDTH="1037" HEIGHT="75" ID="p322_t81" HPOS="1239" VPOS="881"><String ID="p322_w676" CONTENT="the" HPOS="1239" VPOS="881" WIDTH="54" HEIGHT="75" STYLEREFS="font0"/><SP WIDTH="18" VPOS="881" HPOS="1293"/><String ID="p322_w677" CONTENT="whole" HPOS="1311" VPOS="881" WIDTH="105" HEIGHT="75" STYLEREFS="font0"/><SP WIDTH="11" VPOS="881" HPOS="1416"/><String ID="p322_w678" CONTENT="length" HPOS="1427" VPOS="881" WIDTH="113" HEIGHT="75" STYLEREFS="font0"/><SP WIDTH="17" VPOS="881" HPOS="1540"/><String ID="p322_w679" CONTENT="of" HPOS="1557" VPOS="881" WIDTH="40" HEIGHT="75" STYLEREFS="font0"/><SP WIDTH="19" VPOS="881" HPOS="1597"/><String ID="p322_w680" CONTENT="the" HPOS="1616" VPOS="881" WIDTH="55" HEIGHT="75" STYLEREFS="font0"/><SP WIDTH="23" VPOS="881" HPOS="1671"/><String ID="p322_w681" CONTENT="inferior" HPOS="1694" VPOS="881" WIDTH="134" HEIGHT="75" STYLEREFS="font0"/><SP WIDTH="15" VPOS="881" HPOS="1828"/><String ID="p322_w682" CONTENT="groove" HPOS="1843" VPOS="881" WIDTH="119" HEIGHT="75" STYLEREFS="font0"/><SP WIDTH="17" VPOS="881" HPOS="1962"/><String ID="p322_w683" CONTENT="formed" HPOS="1979" VPOS="881" WIDTH="127" HEIGHT="75" STYLEREFS="font0"/><SP WIDTH="27" VPOS="881" HPOS="2106"/><String ID="p322_w684" CONTENT="by" HPOS="2133" VPOS="881" WIDTH="43" HEIGHT="75" STYLEREFS="font0"/><SP WIDTH="16" VPOS="881" HPOS="2176"/><String ID="p322_w685" CONTENT="their" HPOS="2192" VPOS="881" WIDTH="84" HEIGHT="75" STYLEREFS="font0"/></TextLine><TextLine WIDTH="1048" HEIGHT="75" ID="p322_t82" HPOS="1238" VPOS="927"><String ID="p322_w686" CONTENT="union." HPOS="1238" VPOS="927" WIDTH="110" HEIGHT="75" STYLEREFS="font0"/><SP WIDTH="47" VPOS="927" HPOS="1348"/><String ID="p322_w687" CONTENT="It" HPOS="1395" VPOS="927" WIDTH="34" HEIGHT="75" STYLEREFS="font0"/><SP WIDTH="12" VPOS="927" HPOS="1429"/><String ID="p322_w688" CONTENT="differs" HPOS="1441" VPOS="927" WIDTH="110" HEIGHT="75" STYLEREFS="font0"/><SP WIDTH="13" VPOS="927" HPOS="1551"/><String ID="p322_w689" CONTENT="from" HPOS="1564" VPOS="927" WIDTH="86" HEIGHT="75" STYLEREFS="font0"/><SP WIDTH="16" VPOS="927" HPOS="1650"/><String ID="p322_w690" CONTENT="the" HPOS="1666" VPOS="927" WIDTH="57" HEIGHT="75" STYLEREFS="font0"/><SP WIDTH="16" VPOS="927" HPOS="1723"/><String ID="p322_w691" CONTENT="other" HPOS="1739" VPOS="927" WIDTH="94" HEIGHT="75" STYLEREFS="font0"/><SP WIDTH="27" VPOS="927" HPOS="1833"/><String ID="p322_w692" CONTENT="two," HPOS="1860" VPOS="927" WIDTH="79" HEIGHT="75" STYLEREFS="font0"/><SP WIDTH="25" VPOS="927" HPOS="1939"/><String ID="p322_w693" CONTENT="both" HPOS="1964" VPOS="927" WIDTH="81" HEIGHT="75" STYLEREFS="font0"/><SP WIDTH="14" VPOS="927" HPOS="2045"/><String ID="p322_w694" CONTENT="as" HPOS="2059" VPOS="927" WIDTH="34" HEIGHT="75" STYLEREFS="font0"/><SP WIDTH="23" VPOS="927" HPOS="2093"/><String ID="p322_w695" CONTENT="it" HPOS="2116" VPOS="927" WIDTH="26" HEIGHT="75" STYLEREFS="font0"/><SP WIDTH="17" VPOS="927" HPOS="2142"/><String ID="p322_w696" CONTENT="is" HPOS="2159" VPOS="927" WIDTH="26" HEIGHT="75" STYLEREFS="font0"/><SP WIDTH="18" VPOS="927" HPOS="2185"/><String ID="p322_w697" CONTENT="oar*," HPOS="2203" VPOS="927" WIDTH="83" HEIGHT="75" STYLEREFS="font0"/></TextLine><TextLine WIDTH="1037" HEIGHT="75" ID="p322_t83" HPOS="1240" VPOS="973"><String ID="p322_w698" CONTENT="rower," HPOS="1240" VPOS="973" WIDTH="115" HEIGHT="75" STYLEREFS="font0"/><SP WIDTH="14" VPOS="973" HPOS="1355"/><String ID="p322_w699" CONTENT="and" HPOS="1369" VPOS="973" WIDTH="63" HEIGHT="75" STYLEREFS="font0"/><SP WIDTH="12" VPOS="973" HPOS="1432"/><String ID="p322_w700" CONTENT="as" HPOS="1444" VPOS="973" WIDTH="33" HEIGHT="75" STYLEREFS="font0"/><SP WIDTH="13" VPOS="973" HPOS="1477"/><String ID="p322_w701" CONTENT="it" HPOS="1490" VPOS="973" WIDTH="25" HEIGHT="75" STYLEREFS="font0"/><SP WIDTH="17" VPOS="973" HPOS="1515"/><String ID="p322_w702" CONTENT="forms" HPOS="1532" VPOS="973" WIDTH="99" HEIGHT="75" STYLEREFS="font0"/><SP WIDTH="18" VPOS="973" HPOS="1631"/><String ID="p322_w703" CONTENT="a" HPOS="1649" VPOS="973" WIDTH="19" HEIGHT="75" STYLEREFS="font0"/><SP WIDTH="16" VPOS="973" HPOS="1668"/><String ID="p322_w704" CONTENT="true" HPOS="1684" VPOS="973" WIDTH="69" HEIGHT="75" STYLEREFS="font0"/><SP WIDTH="13" VPOS="973" HPOS="1753"/><String ID="p322_w705" CONTENT="hollow" HPOS="1766" VPOS="973" WIDTH="122" HEIGHT="75" STYLEREFS="font0"/><SP WIDTH="11" VPOS="973" HPOS="1888"/><String ID="p322_w706" CONTENT="canal." HPOS="1899" VPOS="973" WIDTH="101" HEIGHT="75" STYLEREFS="font0"/><SP WIDTH="51" VPOS="973" HPOS="2000"/><String ID="p322_w707" CONTENT="Its" HPOS="2051" VPOS="973" WIDTH="47" HEIGHT="75" STYLEREFS="font0"/><SP WIDTH="17" VPOS="973" HPOS="2098"/><String ID="p322_w708" CONTENT="fubftance" HPOS="2115" VPOS="973" WIDTH="162" HEIGHT="75" STYLEREFS="font0"/></TextLine><TextLine WIDTH="1037" HEIGHT="75" ID="p322_t84" HPOS="1239" VPOS="1021"><String ID="p322_w709" CONTENT="is" HPOS="1239" VPOS="1021" WIDTH="27" HEIGHT="75" STYLEREFS="font0"/><SP WIDTH="21" VPOS="1021" HPOS="1266"/><String ID="p322_w710" CONTENT="fpungy" HPOS="1287" VPOS="1021" WIDTH="127" HEIGHT="75" STYLEREFS="font0"/><SP WIDTH="27" VPOS="1021" HPOS="1414"/><String ID="p322_w711" CONTENT="or" HPOS="1441" VPOS="1021" WIDTH="38" HEIGHT="75" STYLEREFS="font0"/><SP WIDTH="24" VPOS="1021" HPOS="1479"/><String ID="p322_w712" CONTENT="cavernous," HPOS="1503" VPOS="1021" WIDTH="187" HEIGHT="75" STYLEREFS="font0"/><SP WIDTH="31" VPOS="1021" HPOS="1690"/><String ID="p322_w713" CONTENT="except" HPOS="1721" VPOS="1021" WIDTH="119" HEIGHT="75" STYLEREFS="font0"/><SP WIDTH="27" VPOS="1021" HPOS="1840"/><String ID="p322_w714" CONTENT="a" HPOS="1867" VPOS="1021" WIDTH="19" HEIGHT="75" STYLEREFS="font0"/><SP WIDTH="30" VPOS="1021" HPOS="1886"/><String ID="p322_w715" CONTENT="fmall" HPOS="1916" VPOS="1021" WIDTH="88" HEIGHT="75" STYLEREFS="font0"/><SP WIDTH="30" VPOS="1021" HPOS="2004"/><String ID="p322_w716" CONTENT="portion" HPOS="2034" VPOS="1021" WIDTH="128" HEIGHT="75" STYLEREFS="font0"/><SP WIDTH="33" VPOS="1021" HPOS="2162"/><String ID="p322_w717" CONTENT="next" HPOS="2195" VPOS="1021" WIDTH="81" HEIGHT="75" STYLEREFS="font0"/></TextLine><TextLine WIDTH="1036" HEIGHT="75" ID="p322_t85" HPOS="1240" VPOS="1067"><String ID="p322_w718" CONTENT="the" HPOS="1240" VPOS="1067" WIDTH="55" HEIGHT="75" STYLEREFS="font0"/><SP WIDTH="18" VPOS="1067" HPOS="1295"/><String ID="p322_w719" CONTENT="bladder," HPOS="1313" VPOS="1067" WIDTH="145" HEIGHT="75" STYLEREFS="font0"/><SP WIDTH="26" VPOS="1067" HPOS="1458"/><String ID="p322_w720" CONTENT="and" HPOS="1484" VPOS="1067" WIDTH="63" HEIGHT="75" STYLEREFS="font0"/><SP WIDTH="22" VPOS="1067" HPOS="1547"/><String ID="p322_w721" CONTENT="its" HPOS="1569" VPOS="1067" WIDTH="42" HEIGHT="75" STYLEREFS="font0"/><SP WIDTH="23" VPOS="1067" HPOS="1611"/><String ID="p322_w722" CONTENT="inner" HPOS="1634" VPOS="1067" WIDTH="92" HEIGHT="75" STYLEREFS="font0"/><SP WIDTH="23" VPOS="1067" HPOS="1726"/><String ID="p322_w723" CONTENT="and" HPOS="1749" VPOS="1067" WIDTH="64" HEIGHT="75" STYLEREFS="font0"/><SP WIDTH="24" VPOS="1067" HPOS="1813"/><String ID="p322_w724" CONTENT="outer" HPOS="1837" VPOS="1067" WIDTH="92" HEIGHT="75" STYLEREFS="font0"/><SP WIDTH="22" VPOS="1067" HPOS="1929"/><String ID="p322_w725" CONTENT="furfaces" HPOS="1951" VPOS="1067" WIDTH="138" HEIGHT="75" STYLEREFS="font0"/><SP WIDTH="17" VPOS="1067" HPOS="2089"/><String ID="p322_w726" CONTENT="are" HPOS="2106" VPOS="1067" WIDTH="54" HEIGHT="75" STYLEREFS="font0"/><SP WIDTH="17" VPOS="1067" HPOS="2160"/><String ID="p322_w727" CONTENT="mem-" HPOS="2177" VPOS="1067" WIDTH="99" HEIGHT="75" STYLEREFS="font0"/></TextLine><TextLine WIDTH="151" HEIGHT="75" ID="p322_t86" HPOS="1239" VPOS="1114"><String ID="p322_w728" CONTENT="branous." HPOS="1239" VPOS="1114" WIDTH="151" HEIGHT="75" STYLEREFS="font0"/></TextLine><TextLine WIDTH="987" HEIGHT="75" ID="p322_t87" HPOS="1288" VPOS="1161"><String ID="p322_w729" CONTENT="It" HPOS="1288" VPOS="1161" WIDTH="31" HEIGHT="75" STYLEREFS="font0"/><SP WIDTH="23" VPOS="1161" HPOS="1319"/><String ID="p322_w730" CONTENT="is" HPOS="1342" VPOS="1161" WIDTH="27" HEIGHT="75" STYLEREFS="font0"/><SP WIDTH="18" VPOS="1161" HPOS="1369"/><String ID="p322_w731" CONTENT="at" HPOS="1387" VPOS="1161" WIDTH="32" HEIGHT="75" STYLEREFS="font0"/><SP WIDTH="16" VPOS="1161" HPOS="1419"/><String ID="p322_w732" CONTENT="firft:" HPOS="1435" VPOS="1161" WIDTH="64" HEIGHT="75" STYLEREFS="font0"/><SP WIDTH="16" VPOS="1161" HPOS="1499"/><String ID="p322_w733" CONTENT="no" HPOS="1515" VPOS="1161" WIDTH="42" HEIGHT="75" STYLEREFS="font0"/><SP WIDTH="16" VPOS="1161" HPOS="1557"/><String ID="p322_w734" CONTENT="more" HPOS="1573" VPOS="1161" WIDTH="89" HEIGHT="75" STYLEREFS="font0"/><SP WIDTH="16" VPOS="1161" HPOS="1662"/><String ID="p322_w735" CONTENT="than" HPOS="1678" VPOS="1161" WIDTH="77" HEIGHT="75" STYLEREFS="font0"/><SP WIDTH="23" VPOS="1161" HPOS="1755"/><String ID="p322_w736" CONTENT="a" HPOS="1778" VPOS="1161" WIDTH="19" HEIGHT="75" STYLEREFS="font0"/><SP WIDTH="16" VPOS="1161" HPOS="1797"/><String ID="p322_w737" CONTENT="membranous" HPOS="1813" VPOS="1161" WIDTH="222" HEIGHT="75" STYLEREFS="font0"/><SP WIDTH="24" VPOS="1161" HPOS="2035"/><String ID="p322_w738" CONTENT="canal" HPOS="2059" VPOS="1161" WIDTH="89" HEIGHT="75" STYLEREFS="font0"/><SP WIDTH="24" VPOS="1161" HPOS="2148"/><String ID="p322_w739" CONTENT="conti-" HPOS="2172" VPOS="1161" WIDTH="103" HEIGHT="75" STYLEREFS="font0"/></TextLine><TextLine WIDTH="1035" HEIGHT="75" ID="p322_t88" HPOS="1240" VPOS="1208"><String ID="p322_w740" CONTENT="nued" HPOS="1240" VPOS="1208" WIDTH="86" HEIGHT="75" STYLEREFS="font0"/><SP WIDTH="22" VPOS="1208" HPOS="1326"/><String ID="p322_w741" CONTENT="from" HPOS="1348" VPOS="1208" WIDTH="85" HEIGHT="75" STYLEREFS="font0"/><SP WIDTH="27" VPOS="1208" HPOS="1433"/><String ID="p322_w742" CONTENT="the" HPOS="1460" VPOS="1208" WIDTH="56" HEIGHT="75" STYLEREFS="font0"/><SP WIDTH="28" VPOS="1208" HPOS="1516"/><String ID="p322_w743" CONTENT="anterior" HPOS="1544" VPOS="1208" WIDTH="141" HEIGHT="75" STYLEREFS="font0"/><SP WIDTH="24" VPOS="1208" HPOS="1685"/><String ID="p322_w744" CONTENT="opening" HPOS="1709" VPOS="1208" WIDTH="137" HEIGHT="75" STYLEREFS="font0"/><SP WIDTH="21" VPOS="1208" HPOS="1846"/><String ID="p322_w745" CONTENT="of" HPOS="1867" VPOS="1208" WIDTH="41" HEIGHT="75" STYLEREFS="font0"/><SP WIDTH="19" VPOS="1208" HPOS="1908"/><String ID="p322_w746" CONTENT="the" HPOS="1927" VPOS="1208" WIDTH="56" HEIGHT="75" STYLEREFS="font0"/><SP WIDTH="17" VPOS="1208" HPOS="1983"/><String ID="p322_w747" CONTENT="bladder," HPOS="2000" VPOS="1208" WIDTH="146" HEIGHT="75" STYLEREFS="font0"/><SP WIDTH="25" VPOS="1208" HPOS="2146"/><String ID="p322_w748" CONTENT="at" HPOS="2171" VPOS="1208" WIDTH="32" HEIGHT="75" STYLEREFS="font0"/><SP WIDTH="17" VPOS="1208" HPOS="2203"/><String ID="p322_w749" CONTENT="the" HPOS="2220" VPOS="1208" WIDTH="55" HEIGHT="75" STYLEREFS="font0"/></TextLine><TextLine WIDTH="642" HEIGHT="75" ID="p322_t89" HPOS="1242" VPOS="1253"><String ID="p322_w750" CONTENT="place" HPOS="1242" VPOS="1253" WIDTH="90" HEIGHT="75" STYLEREFS="font0"/><SP WIDTH="14" VPOS="1253" HPOS="1332"/><String ID="p322_w751" CONTENT="called" HPOS="1346" VPOS="1253" WIDTH="106" HEIGHT="75" STYLEREFS="font0"/><SP WIDTH="9" VPOS="1253" HPOS="1452"/><String ID="p322_w752" CONTENT="the" HPOS="1461" VPOS="1253" WIDTH="54" HEIGHT="75" STYLEREFS="font0"/><SP WIDTH="19" VPOS="1253" HPOS="1515"/><String ID="p322_w753" CONTENT="neck" HPOS="1534" VPOS="1253" WIDTH="80" HEIGHT="75" STYLEREFS="font0"/><SP WIDTH="12" VPOS="1253" HPOS="1614"/><String ID="p322_w754" CONTENT="of" HPOS="1626" VPOS="1253" WIDTH="42" HEIGHT="75" STYLEREFS="font0"/><SP WIDTH="10" VPOS="1253" HPOS="1668"/><String ID="p322_w755" CONTENT="the" HPOS="1678" VPOS="1253" WIDTH="56" HEIGHT="75" STYLEREFS="font0"/><SP WIDTH="17" VPOS="1253" HPOS="1734"/><String ID="p322_w756" CONTENT="bladder" HPOS="1751" VPOS="1253" WIDTH="133" HEIGHT="75" STYLEREFS="font0"/></TextLine><TextLine WIDTH="1001" HEIGHT="75" ID="p322_t90" HPOS="1289" VPOS="1300"><String ID="p322_w757" CONTENT="About" HPOS="1289" VPOS="1300" WIDTH="112" HEIGHT="75" STYLEREFS="font0"/><SP WIDTH="16" VPOS="1300" HPOS="1401"/><String ID="p322_w758" CONTENT="a" HPOS="1417" VPOS="1300" WIDTH="19" HEIGHT="75" STYLEREFS="font0"/><SP WIDTH="24" VPOS="1300" HPOS="1436"/><String ID="p322_w759" CONTENT="finger’s" HPOS="1460" VPOS="1300" WIDTH="129" HEIGHT="75" STYLEREFS="font0"/><SP WIDTH="17" VPOS="1300" HPOS="1589"/><String ID="p322_w760" CONTENT="breadth" HPOS="1606" VPOS="1300" WIDTH="134" HEIGHT="75" STYLEREFS="font0"/><SP WIDTH="18" VPOS="1300" HPOS="1740"/><String ID="p322_w761" CONTENT="and" HPOS="1758" VPOS="1300" WIDTH="63" HEIGHT="75" STYLEREFS="font0"/><SP WIDTH="26" VPOS="1300" HPOS="1821"/><String ID="p322_w762" CONTENT="an" HPOS="1847" VPOS="1300" WIDTH="40" HEIGHT="75" STYLEREFS="font0"/><SP WIDTH="22" VPOS="1300" HPOS="1887"/><String ID="p322_w763" CONTENT="half" HPOS="1909" VPOS="1300" WIDTH="75" HEIGHT="75" STYLEREFS="font0"/><SP WIDTH="11" VPOS="1300" HPOS="1984"/><String ID="p322_w764" CONTENT="from" HPOS="1995" VPOS="1300" WIDTH="86" HEIGHT="75" STYLEREFS="font0"/><SP WIDTH="16" VPOS="1300" HPOS="2081"/><String ID="p322_w765" CONTENT="its" HPOS="2097" VPOS="1300" WIDTH="41" HEIGHT="75" STYLEREFS="font0"/><SP WIDTH="17" VPOS="1300" HPOS="2138"/><String ID="p322_w766" CONTENT="origin," HPOS="2155" VPOS="1300" WIDTH="122" HEIGHT="75" STYLEREFS="font0"/><SP WIDTH="8" VPOS="1300" HPOS="2277"/><String ID="p322_w767" CONTENT="," HPOS="2285" VPOS="1300" WIDTH="5" HEIGHT="75" STYLEREFS="font0"/></TextLine><TextLine WIDTH="1036" HEIGHT="75" ID="p322_t91" HPOS="1240" VPOS="1345"><String ID="p322_w768" CONTENT="it" HPOS="1240" VPOS="1345" WIDTH="26" HEIGHT="75" STYLEREFS="font0"/><SP WIDTH="13" VPOS="1345" HPOS="1266"/><String ID="p322_w769" CONTENT="joins" HPOS="1279" VPOS="1345" WIDTH="87" HEIGHT="75" STYLEREFS="font0"/><SP WIDTH="16" VPOS="1345" HPOS="1366"/><String ID="p322_w770" CONTENT="a" HPOS="1382" VPOS="1345" WIDTH="19" HEIGHT="75" STYLEREFS="font0"/><SP WIDTH="15" VPOS="1345" HPOS="1401"/><String ID="p322_w771" CONTENT="cavernous" HPOS="1416" VPOS="1345" WIDTH="173" HEIGHT="75" STYLEREFS="font0"/><SP WIDTH="17" VPOS="1345" HPOS="1589"/><String ID="p322_w772" CONTENT="fubftance" HPOS="1606" VPOS="1345" WIDTH="161" HEIGHT="75" STYLEREFS="font0"/><SP WIDTH="16" VPOS="1345" HPOS="1767"/><String ID="p322_w773" CONTENT="like" HPOS="1783" VPOS="1345" WIDTH="64" HEIGHT="75" STYLEREFS="font0"/><SP WIDTH="26" VPOS="1345" HPOS="1847"/><String ID="p322_w774" CONTENT="that" HPOS="1873" VPOS="1345" WIDTH="72" HEIGHT="75" STYLEREFS="font0"/><SP WIDTH="23" VPOS="1345" HPOS="1945"/><String ID="p322_w775" CONTENT="of" HPOS="1968" VPOS="1345" WIDTH="40" HEIGHT="75" STYLEREFS="font0"/><SP WIDTH="19" VPOS="1345" HPOS="2008"/><String ID="p322_w776" CONTENT="the" HPOS="2027" VPOS="1345" WIDTH="56" HEIGHT="75" STYLEREFS="font0"/><SP WIDTH="16" VPOS="1345" HPOS="2083"/><String ID="p322_w777" CONTENT="two" HPOS="2099" VPOS="1345" WIDTH="66" HEIGHT="75" STYLEREFS="font0"/><SP WIDTH="16" VPOS="1345" HPOS="2165"/><String ID="p322_w778" CONTENT="other" HPOS="2181" VPOS="1345" WIDTH="95" HEIGHT="75" STYLEREFS="font0"/></TextLine><TextLine WIDTH="1038" HEIGHT="75" ID="p322_t92" HPOS="1241" VPOS="1393"><String ID="p322_w779" CONTENT="tubes," HPOS="1241" VPOS="1393" WIDTH="106" HEIGHT="75" STYLEREFS="font0"/><SP WIDTH="33" VPOS="1393" HPOS="1347"/><String ID="p322_w780" CONTENT="only" HPOS="1380" VPOS="1393" WIDTH="78" HEIGHT="75" STYLEREFS="font0"/><SP WIDTH="26" VPOS="1393" HPOS="1458"/><String ID="p322_w781" CONTENT="fmaller," HPOS="1484" VPOS="1393" WIDTH="138" HEIGHT="75" STYLEREFS="font0"/><SP WIDTH="32" VPOS="1393" HPOS="1622"/><String ID="p322_w782" CONTENT="which" HPOS="1654" VPOS="1393" WIDTH="107" HEIGHT="75" STYLEREFS="font0"/><SP WIDTH="27" VPOS="1393" HPOS="1761"/><String ID="p322_w783" CONTENT="furrounds" HPOS="1788" VPOS="1393" WIDTH="172" HEIGHT="75" STYLEREFS="font0"/><SP WIDTH="29" VPOS="1393" HPOS="1960"/><String ID="p322_w784" CONTENT="it" HPOS="1989" VPOS="1393" WIDTH="27" HEIGHT="75" STYLEREFS="font0"/><SP WIDTH="30" VPOS="1393" HPOS="2016"/><String ID="p322_w785" CONTENT="through" HPOS="2046" VPOS="1393" WIDTH="142" HEIGHT="75" STYLEREFS="font0"/><SP WIDTH="29" VPOS="1393" HPOS="2188"/><String ID="p322_w786" CONTENT="the" HPOS="2217" VPOS="1393" WIDTH="62" HEIGHT="75" STYLEREFS="font0"/></TextLine><TextLine WIDTH="1052" HEIGHT="75" ID="p322_t93" HPOS="1241" VPOS="1440"><String ID="p322_w787" CONTENT="whole" HPOS="1241" VPOS="1440" WIDTH="103" HEIGHT="75" STYLEREFS="font0"/><SP WIDTH="17" VPOS="1440" HPOS="1344"/><String ID="p322_w788" CONTENT="extent" HPOS="1361" VPOS="1440" WIDTH="114" HEIGHT="75" STYLEREFS="font0"/><SP WIDTH="16" VPOS="1440" HPOS="1475"/><String ID="p322_w789" CONTENT="of" HPOS="1491" VPOS="1440" WIDTH="40" HEIGHT="75" STYLEREFS="font0"/><SP WIDTH="18" VPOS="1440" HPOS="1531"/><String ID="p322_w790" CONTENT="the" HPOS="1549" VPOS="1440" WIDTH="57" HEIGHT="75" STYLEREFS="font0"/><SP WIDTH="25" VPOS="1440" HPOS="1606"/><String ID="p322_w791" CONTENT="inferior" HPOS="1631" VPOS="1440" WIDTH="135" HEIGHT="75" STYLEREFS="font0"/><SP WIDTH="21" VPOS="1440" HPOS="1766"/><String ID="p322_w792" CONTENT="groove" HPOS="1787" VPOS="1440" WIDTH="120" HEIGHT="75" STYLEREFS="font0"/><SP WIDTH="23" VPOS="1440" HPOS="1907"/><String ID="p322_w793" CONTENT="of" HPOS="1930" VPOS="1440" WIDTH="40" HEIGHT="75" STYLEREFS="font0"/><SP WIDTH="17" VPOS="1440" HPOS="1970"/><String ID="p322_w794" CONTENT="the" HPOS="1987" VPOS="1440" WIDTH="56" HEIGHT="75" STYLEREFS="font0"/><SP WIDTH="24" VPOS="1440" HPOS="2043"/><String ID="p322_w795" CONTENT="corpora" HPOS="2067" VPOS="1440" WIDTH="137" HEIGHT="75" STYLEREFS="font0"/><SP WIDTH="18" VPOS="1440" HPOS="2204"/><String ID="p322_w796" CONTENT="ca-." HPOS="2222" VPOS="1440" WIDTH="71" HEIGHT="75" STYLEREFS="font0"/></TextLine><TextLine WIDTH="144" HEIGHT="75" ID="p322_t94" HPOS="1240" VPOS="1487"><String ID="p322_w797" CONTENT="vernofa." HPOS="1240" VPOS="1487" WIDTH="144" HEIGHT="75" STYLEREFS="font0"/></TextLine><TextLine WIDTH="987" HEIGHT="75" ID="p322_t95" HPOS="1289" VPOS="1534"><String ID="p322_w798" CONTENT="But" HPOS="1289" VPOS="1534" WIDTH="68" HEIGHT="75" STYLEREFS="font0"/><SP WIDTH="11" VPOS="1534" HPOS="1357"/><String ID="p322_w799" CONTENT="before" HPOS="1368" VPOS="1534" WIDTH="112" HEIGHT="75" STYLEREFS="font0"/><SP WIDTH="17" VPOS="1534" HPOS="1480"/><String ID="p322_w800" CONTENT="this" HPOS="1497" VPOS="1534" WIDTH="64" HEIGHT="75" STYLEREFS="font0"/><SP WIDTH="17" VPOS="1534" HPOS="1561"/><String ID="p322_w801" CONTENT="fpungy" HPOS="1578" VPOS="1534" WIDTH="122" HEIGHT="75" STYLEREFS="font0"/><SP WIDTH="8" VPOS="1534" HPOS="1700"/><String ID="p322_w802" CONTENT="fubftance" HPOS="1708" VPOS="1534" WIDTH="159" HEIGHT="75" STYLEREFS="font0"/><SP WIDTH="10" VPOS="1534" HPOS="1867"/><String ID="p322_w803" CONTENT="begins" HPOS="1877" VPOS="1534" WIDTH="112" HEIGHT="75" STYLEREFS="font0"/><SP WIDTH="12" VPOS="1534" HPOS="1989"/><String ID="p322_w804" CONTENT="to" HPOS="2001" VPOS="1534" WIDTH="34" HEIGHT="75" STYLEREFS="font0"/><SP WIDTH="18" VPOS="1534" HPOS="2035"/><String ID="p322_w805" CONTENT="furround" HPOS="2053" VPOS="1534" WIDTH="154" HEIGHT="75" STYLEREFS="font0"/><SP WIDTH="13" VPOS="1534" HPOS="2207"/><String ID="p322_w806" CONTENT="the" HPOS="2220" VPOS="1534" WIDTH="56" HEIGHT="75" STYLEREFS="font0"/></TextLine><TextLine WIDTH="1038" HEIGHT="75" ID="p322_t96" HPOS="1238" VPOS="1581"><String ID="p322_w807" CONTENT="tirethra," HPOS="1238" VPOS="1581" WIDTH="147" HEIGHT="75" STYLEREFS="font0"/><SP WIDTH="25" VPOS="1581" HPOS="1385"/><String ID="p322_w808" CONTENT="it" HPOS="1410" VPOS="1581" WIDTH="25" HEIGHT="75" STYLEREFS="font0"/><SP WIDTH="17" VPOS="1581" HPOS="1435"/><String ID="p322_w809" CONTENT="forms" HPOS="1452" VPOS="1581" WIDTH="100" HEIGHT="75" STYLEREFS="font0"/><SP WIDTH="19" VPOS="1581" HPOS="1552"/><String ID="p322_w810" CONTENT="a" HPOS="1571" VPOS="1581" WIDTH="18" HEIGHT="75" STYLEREFS="font0"/><SP WIDTH="26" VPOS="1581" HPOS="1589"/><String ID="p322_w811" CONTENT="diftimft" HPOS="1615" VPOS="1581" WIDTH="125" HEIGHT="75" STYLEREFS="font0"/><SP WIDTH="24" VPOS="1581" HPOS="1740"/><String ID="p322_w812" CONTENT="oblong" HPOS="1764" VPOS="1581" WIDTH="120" HEIGHT="75" STYLEREFS="font0"/><SP WIDTH="16" VPOS="1581" HPOS="1884"/><String ID="p322_w813" CONTENT="body," HPOS="1900" VPOS="1581" WIDTH="100" HEIGHT="75" STYLEREFS="font0"/><SP WIDTH="24" VPOS="1581" HPOS="2000"/><String ID="p322_w814" CONTENT="like" HPOS="2024" VPOS="1581" WIDTH="65" HEIGHT="75" STYLEREFS="font0"/><SP WIDTH="15" VPOS="1581" HPOS="2089"/><String ID="p322_w815" CONTENT="a" HPOS="2104" VPOS="1581" WIDTH="20" HEIGHT="75" STYLEREFS="font0"/><SP WIDTH="21" VPOS="1581" HPOS="2124"/><String ID="p322_w816" CONTENT="pear" HPOS="2145" VPOS="1581" WIDTH="76" HEIGHT="75" STYLEREFS="font0"/><SP WIDTH="15" VPOS="1581" HPOS="2221"/><String ID="p322_w817" CONTENT="or" HPOS="2236" VPOS="1581" WIDTH="40" HEIGHT="75" STYLEREFS="font0"/></TextLine><TextLine WIDTH="1031" HEIGHT="75" ID="p322_t97" HPOS="1244" VPOS="1627"><String ID="p322_w818" CONTENT="onion," HPOS="1244" VPOS="1627" WIDTH="108" HEIGHT="75" STYLEREFS="font0"/><SP WIDTH="25" VPOS="1627" HPOS="1352"/><String ID="p322_w819" CONTENT="which" HPOS="1377" VPOS="1627" WIDTH="106" HEIGHT="75" STYLEREFS="font0"/><SP WIDTH="17" VPOS="1627" HPOS="1483"/><String ID="p322_w820" CONTENT="is" HPOS="1500" VPOS="1627" WIDTH="26" HEIGHT="75" STYLEREFS="font0"/><SP WIDTH="17" VPOS="1627" HPOS="1526"/><String ID="p322_w821" CONTENT="connected" HPOS="1543" VPOS="1627" WIDTH="172" HEIGHT="75" STYLEREFS="font0"/><SP WIDTH="23" VPOS="1627" HPOS="1715"/><String ID="p322_w822" CONTENT="only" HPOS="1738" VPOS="1627" WIDTH="77" HEIGHT="75" STYLEREFS="font0"/><SP WIDTH="16" VPOS="1627" HPOS="1815"/><String ID="p322_w823" CONTENT="to" HPOS="1831" VPOS="1627" WIDTH="35" HEIGHT="75" STYLEREFS="font0"/><SP WIDTH="16" VPOS="1627" HPOS="1866"/><String ID="p322_w824" CONTENT="the" HPOS="1882" VPOS="1627" WIDTH="55" HEIGHT="75" STYLEREFS="font0"/><SP WIDTH="16" VPOS="1627" HPOS="1937"/><String ID="p322_w825" CONTENT="lower" HPOS="1953" VPOS="1627" WIDTH="100" HEIGHT="75" STYLEREFS="font0"/><SP WIDTH="16" VPOS="1627" HPOS="2053"/><String ID="p322_w826" CONTENT="convex" HPOS="2069" VPOS="1627" WIDTH="124" HEIGHT="75" STYLEREFS="font0"/><SP WIDTH="16" VPOS="1627" HPOS="2193"/><String ID="p322_w827" CONTENT="fide" HPOS="2209" VPOS="1627" WIDTH="66" HEIGHT="75" STYLEREFS="font0"/></TextLine><TextLine WIDTH="1050" HEIGHT="75" ID="p322_t98" HPOS="1244" VPOS="1674"><String ID="p322_w828" CONTENT="of" HPOS="1244" VPOS="1674" WIDTH="40" HEIGHT="75" STYLEREFS="font0"/><SP WIDTH="20" VPOS="1674" HPOS="1284"/><String ID="p322_w829" CONTENT="the" HPOS="1304" VPOS="1674" WIDTH="55" HEIGHT="75" STYLEREFS="font0"/><SP WIDTH="25" VPOS="1674" HPOS="1359"/><String ID="p322_w830" CONTENT="canal," HPOS="1384" VPOS="1674" WIDTH="102" HEIGHT="75" STYLEREFS="font0"/><SP WIDTH="26" VPOS="1674" HPOS="1486"/><String ID="p322_w831" CONTENT="and" HPOS="1512" VPOS="1674" WIDTH="63" HEIGHT="75" STYLEREFS="font0"/><SP WIDTH="14" VPOS="1674" HPOS="1575"/><String ID="p322_w832" CONTENT="afterwards," HPOS="1589" VPOS="1674" WIDTH="205" HEIGHT="75" STYLEREFS="font0"/><SP WIDTH="30" VPOS="1674" HPOS="1794"/><String ID="p322_w833" CONTENT="being" HPOS="1824" VPOS="1674" WIDTH="95" HEIGHT="75" STYLEREFS="font0"/><SP WIDTH="22" VPOS="1674" HPOS="1919"/><String ID="p322_w834" CONTENT="fplit" HPOS="1941" VPOS="1674" WIDTH="74" HEIGHT="75" STYLEREFS="font0"/><SP WIDTH="28" VPOS="1674" HPOS="2015"/><String ID="p322_w835" CONTENT="on" HPOS="2043" VPOS="1674" WIDTH="42" HEIGHT="75" STYLEREFS="font0"/><SP WIDTH="16" VPOS="1674" HPOS="2085"/><String ID="p322_w836" CONTENT="each" HPOS="2101" VPOS="1674" WIDTH="77" HEIGHT="75" STYLEREFS="font0"/><SP WIDTH="17" VPOS="1674" HPOS="2178"/><String ID="p322_w837" CONTENT="fide," HPOS="2195" VPOS="1674" WIDTH="78" HEIGHT="75" STYLEREFS="font0"/><SP WIDTH="15" VPOS="1674" HPOS="2273"/><String ID="p322_w838" CONTENT="-" HPOS="2288" VPOS="1674" WIDTH="6" HEIGHT="75" STYLEREFS="font0"/></TextLine><TextLine WIDTH="1037" HEIGHT="75" ID="p322_t99" HPOS="1244" VPOS="1721"><String ID="p322_w839" CONTENT="invefts" HPOS="1244" VPOS="1721" WIDTH="113" HEIGHT="75" STYLEREFS="font0"/><SP WIDTH="16" VPOS="1721" HPOS="1357"/><String ID="p322_w840" CONTENT="it" HPOS="1373" VPOS="1721" WIDTH="25" HEIGHT="75" STYLEREFS="font0"/><SP WIDTH="17" VPOS="1721" HPOS="1398"/><String ID="p322_w841" CONTENT="quite" HPOS="1415" VPOS="1721" WIDTH="90" HEIGHT="75" STYLEREFS="font0"/><SP WIDTH="17" VPOS="1721" HPOS="1505"/><String ID="p322_w842" CONTENT="round." HPOS="1522" VPOS="1721" WIDTH="114" HEIGHT="75" STYLEREFS="font0"/><SP WIDTH="47" VPOS="1721" HPOS="1636"/><String ID="p322_w843" CONTENT="This" HPOS="1683" VPOS="1721" WIDTH="87" HEIGHT="75" STYLEREFS="font0"/><SP WIDTH="15" VPOS="1721" HPOS="1770"/><String ID="p322_w844" CONTENT="body" HPOS="1785" VPOS="1721" WIDTH="88" HEIGHT="75" STYLEREFS="font0"/><SP WIDTH="21" VPOS="1721" HPOS="1873"/><String ID="p322_w845" CONTENT="is" HPOS="1894" VPOS="1721" WIDTH="28" HEIGHT="75" STYLEREFS="font0"/><SP WIDTH="25" VPOS="1721" HPOS="1922"/><String ID="p322_w846" CONTENT="called" HPOS="1947" VPOS="1721" WIDTH="103" HEIGHT="75" STYLEREFS="font0"/><SP WIDTH="25" VPOS="1721" HPOS="2050"/><String ID="p322_w847" CONTENT="the" HPOS="2075" VPOS="1721" WIDTH="55" HEIGHT="75" STYLEREFS="font0"/><SP WIDTH="15" VPOS="1721" HPOS="2130"/><String ID="p322_w848" CONTENT="bulb" HPOS="2145" VPOS="1721" WIDTH="78" HEIGHT="75" STYLEREFS="font0"/><SP WIDTH="16" VPOS="1721" HPOS="2223"/><String ID="p322_w849" CONTENT="of" HPOS="2239" VPOS="1721" WIDTH="42" HEIGHT="75" STYLEREFS="font0"/></TextLine><TextLine WIDTH="1031" HEIGHT="75" ID="p322_t100" HPOS="1245" VPOS="1767"><String ID="p322_w850" CONTENT="the" HPOS="1245" VPOS="1767" WIDTH="55" HEIGHT="75" STYLEREFS="font0"/><SP WIDTH="17" VPOS="1767" HPOS="1300"/><String ID="p322_w851" CONTENT="urethra," HPOS="1317" VPOS="1767" WIDTH="143" HEIGHT="75" STYLEREFS="font0"/><SP WIDTH="25" VPOS="1767" HPOS="1460"/><String ID="p322_w852" CONTENT="being" HPOS="1485" VPOS="1767" WIDTH="96" HEIGHT="75" STYLEREFS="font0"/><SP WIDTH="21" VPOS="1767" HPOS="1581"/><String ID="p322_w853" CONTENT="larger" HPOS="1602" VPOS="1767" WIDTH="106" HEIGHT="75" STYLEREFS="font0"/><SP WIDTH="31" VPOS="1767" HPOS="1708"/><String ID="p322_w854" CONTENT="than" HPOS="1739" VPOS="1767" WIDTH="78" HEIGHT="75" STYLEREFS="font0"/><SP WIDTH="28" VPOS="1767" HPOS="1817"/><String ID="p322_w855" CONTENT="any" HPOS="1845" VPOS="1767" WIDTH="63" HEIGHT="75" STYLEREFS="font0"/><SP WIDTH="27" VPOS="1767" HPOS="1908"/><String ID="p322_w856" CONTENT="other" HPOS="1935" VPOS="1767" WIDTH="93" HEIGHT="75" STYLEREFS="font0"/><SP WIDTH="24" VPOS="1767" HPOS="2028"/><String ID="p322_w857" CONTENT="part" HPOS="2052" VPOS="1767" WIDTH="70" HEIGHT="75" STYLEREFS="font0"/><SP WIDTH="23" VPOS="1767" HPOS="2122"/><String ID="p322_w858" CONTENT="of" HPOS="2145" VPOS="1767" WIDTH="41" HEIGHT="75" STYLEREFS="font0"/><SP WIDTH="19" VPOS="1767" HPOS="2186"/><String ID="p322_w859" CONTENT="that" HPOS="2205" VPOS="1767" WIDTH="71" HEIGHT="75" STYLEREFS="font0"/></TextLine><TextLine WIDTH="1049" HEIGHT="75" ID="p322_t101" HPOS="1246" VPOS="1813"><String ID="p322_w860" CONTENT="canal," HPOS="1246" VPOS="1813" WIDTH="101" HEIGHT="75" STYLEREFS="font0"/><SP WIDTH="26" VPOS="1813" HPOS="1347"/><String ID="p322_w861" CONTENT="and" HPOS="1373" VPOS="1813" WIDTH="63" HEIGHT="75" STYLEREFS="font0"/><SP WIDTH="15" VPOS="1813" HPOS="1436"/><String ID="p322_w862" CONTENT="divided" HPOS="1451" VPOS="1813" WIDTH="130" HEIGHT="75" STYLEREFS="font0"/><SP WIDTH="15" VPOS="1813" HPOS="1581"/><String ID="p322_w863" CONTENT="interiorly*" HPOS="1596" VPOS="1813" WIDTH="179" HEIGHT="75" STYLEREFS="font0"/><SP WIDTH="11" VPOS="1813" HPOS="1775"/><String ID="p322_w864" CONTENT="by" HPOS="1786" VPOS="1813" WIDTH="49" HEIGHT="75" STYLEREFS="font0"/><SP WIDTH="9" VPOS="1813" HPOS="1835"/><String ID="p322_w865" CONTENT="a" HPOS="1844" VPOS="1813" WIDTH="21" HEIGHT="75" STYLEREFS="font0"/><SP WIDTH="16" VPOS="1813" HPOS="1865"/><String ID="p322_w866" CONTENT="very" HPOS="1881" VPOS="1813" WIDTH="78" HEIGHT="75" STYLEREFS="font0"/><SP WIDTH="20" VPOS="1813" HPOS="1959"/><String ID="p322_w867" CONTENT="fine" HPOS="1979" VPOS="1813" WIDTH="61" HEIGHT="75" STYLEREFS="font0"/><SP WIDTH="11" VPOS="1813" HPOS="2040"/><String ID="p322_w868" CONTENT="membranous" HPOS="2051" VPOS="1813" WIDTH="225" HEIGHT="75" STYLEREFS="font0"/><SP WIDTH="14" VPOS="1813" HPOS="2276"/><String ID="p322_w869" CONTENT="." HPOS="2290" VPOS="1813" WIDTH="5" HEIGHT="75" STYLEREFS="font0"/></TextLine><TextLine WIDTH="1029" HEIGHT="75" ID="p322_t102" HPOS="1245" VPOS="1860"><String ID="p322_w870" CONTENT="feptum," HPOS="1245" VPOS="1860" WIDTH="135" HEIGHT="75" STYLEREFS="font0"/><SP WIDTH="25" VPOS="1860" HPOS="1380"/><String ID="p322_w871" CONTENT="into" HPOS="1405" VPOS="1860" WIDTH="70" HEIGHT="75" STYLEREFS="font0"/><SP WIDTH="14" VPOS="1860" HPOS="1475"/><String ID="p322_w872" CONTENT="lateral" HPOS="1489" VPOS="1860" WIDTH="116" HEIGHT="75" STYLEREFS="font0"/><SP WIDTH="15" VPOS="1860" HPOS="1605"/><String ID="p322_w873" CONTENT="parts;" HPOS="1620" VPOS="1860" WIDTH="110" HEIGHT="75" STYLEREFS="font0"/><SP WIDTH="26" VPOS="1860" HPOS="1730"/><String ID="p322_w874" CONTENT="and" HPOS="1756" VPOS="1860" WIDTH="62" HEIGHT="75" STYLEREFS="font0"/><SP WIDTH="16" VPOS="1860" HPOS="1818"/><String ID="p322_w875" CONTENT="therefore" HPOS="1834" VPOS="1860" WIDTH="163" HEIGHT="75" STYLEREFS="font0"/><SP WIDTH="15" VPOS="1860" HPOS="1997"/><String ID="p322_w876" CONTENT="when" HPOS="2012" VPOS="1860" WIDTH="94" HEIGHT="75" STYLEREFS="font0"/><SP WIDTH="23" VPOS="1860" HPOS="2106"/><String ID="p322_w877" CONTENT="it" HPOS="2129" VPOS="1860" WIDTH="27" HEIGHT="75" STYLEREFS="font0"/><SP WIDTH="15" VPOS="1860" HPOS="2156"/><String ID="p322_w878" CONTENT="is" HPOS="2171" VPOS="1860" WIDTH="27" HEIGHT="75" STYLEREFS="font0"/><SP WIDTH="27" VPOS="1860" HPOS="2198"/><String ID="p322_w879" CONTENT="in-" HPOS="2225" VPOS="1860" WIDTH="49" HEIGHT="75" STYLEREFS="font0"/></TextLine><TextLine WIDTH="907" HEIGHT="75" ID="p322_t103" HPOS="1246" VPOS="1906"><String ID="p322_w880" CONTENT="flated," HPOS="1246" VPOS="1906" WIDTH="108" HEIGHT="75" STYLEREFS="font0"/><SP WIDTH="25" VPOS="1906" HPOS="1354"/><String ID="p322_w881" CONTENT="it" HPOS="1379" VPOS="1906" WIDTH="26" HEIGHT="75" STYLEREFS="font0"/><SP WIDTH="16" VPOS="1906" HPOS="1405"/><String ID="p322_w882" CONTENT="appears" HPOS="1421" VPOS="1906" WIDTH="130" HEIGHT="75" STYLEREFS="font0"/><SP WIDTH="12" VPOS="1906" HPOS="1551"/><String ID="p322_w883" CONTENT="to" HPOS="1563" VPOS="1906" WIDTH="36" HEIGHT="75" STYLEREFS="font0"/><SP WIDTH="16" VPOS="1906" HPOS="1599"/><String ID="p322_w884" CONTENT="be" HPOS="1615" VPOS="1906" WIDTH="40" HEIGHT="75" STYLEREFS="font0"/><SP WIDTH="15" VPOS="1906" HPOS="1655"/><String ID="p322_w885" CONTENT="double" HPOS="1670" VPOS="1906" WIDTH="119" HEIGHT="75" STYLEREFS="font0"/><SP WIDTH="12" VPOS="1906" HPOS="1789"/><String ID="p322_w886" CONTENT="or" HPOS="1801" VPOS="1906" WIDTH="38" HEIGHT="75" STYLEREFS="font0"/><SP WIDTH="20" VPOS="1906" HPOS="1839"/><String ID="p322_w887" CONTENT="with" HPOS="1859" VPOS="1906" WIDTH="81" HEIGHT="75" STYLEREFS="font0"/><SP WIDTH="21" VPOS="1906" HPOS="1940"/><String ID="p322_w888" CONTENT="two" HPOS="1961" VPOS="1906" WIDTH="65" HEIGHT="75" STYLEREFS="font0"/><SP WIDTH="16" VPOS="1906" HPOS="2026"/><String ID="p322_w889" CONTENT="heads." HPOS="2042" VPOS="1906" WIDTH="111" HEIGHT="75" STYLEREFS="font0"/></TextLine><TextLine WIDTH="987" HEIGHT="75" ID="p322_t104" HPOS="1292" VPOS="1953"><String ID="p322_w890" CONTENT="The" HPOS="1292" VPOS="1953" WIDTH="77" HEIGHT="75" STYLEREFS="font0"/><SP WIDTH="16" VPOS="1953" HPOS="1369"/><String ID="p322_w891" CONTENT="firft" HPOS="1385" VPOS="1953" WIDTH="64" HEIGHT="75" STYLEREFS="font0"/><SP WIDTH="20" VPOS="1953" HPOS="1449"/><String ID="p322_w892" CONTENT="portion" HPOS="1469" VPOS="1953" WIDTH="128" HEIGHT="75" STYLEREFS="font0"/><SP WIDTH="18" VPOS="1953" HPOS="1597"/><String ID="p322_w893" CONTENT="of" HPOS="1615" VPOS="1953" WIDTH="40" HEIGHT="75" STYLEREFS="font0"/><SP WIDTH="18" VPOS="1953" HPOS="1655"/><String ID="p322_w894" CONTENT="the" HPOS="1673" VPOS="1953" WIDTH="55" HEIGHT="75" STYLEREFS="font0"/><SP WIDTH="15" VPOS="1953" HPOS="1728"/><String ID="p322_w895" CONTENT="urethra," HPOS="1743" VPOS="1953" WIDTH="144" HEIGHT="75" STYLEREFS="font0"/><SP WIDTH="25" VPOS="1953" HPOS="1887"/><String ID="p322_w896" CONTENT="or" HPOS="1912" VPOS="1953" WIDTH="38" HEIGHT="75" STYLEREFS="font0"/><SP WIDTH="15" VPOS="1953" HPOS="1950"/><String ID="p322_w897" CONTENT="that" HPOS="1965" VPOS="1953" WIDTH="71" HEIGHT="75" STYLEREFS="font0"/><SP WIDTH="17" VPOS="1953" HPOS="2036"/><String ID="p322_w898" CONTENT="which" HPOS="2053" VPOS="1953" WIDTH="104" HEIGHT="75" STYLEREFS="font0"/><SP WIDTH="16" VPOS="1953" HPOS="2157"/><String ID="p322_w899" CONTENT="is" HPOS="2173" VPOS="1953" WIDTH="27" HEIGHT="75" STYLEREFS="font0"/><SP WIDTH="17" VPOS="1953" HPOS="2200"/><String ID="p322_w900" CONTENT="not" HPOS="2217" VPOS="1953" WIDTH="62" HEIGHT="75" STYLEREFS="font0"/></TextLine><TextLine WIDTH="1030" HEIGHT="75" ID="p322_t105" HPOS="1246" VPOS="1999"><String ID="p322_w901" CONTENT="covered" HPOS="1246" VPOS="1999" WIDTH="137" HEIGHT="75" STYLEREFS="font0"/><SP WIDTH="16" VPOS="1999" HPOS="1383"/><String ID="p322_w902" CONTENT="by" HPOS="1399" VPOS="1999" WIDTH="43" HEIGHT="75" STYLEREFS="font0"/><SP WIDTH="16" VPOS="1999" HPOS="1442"/><String ID="p322_w903" CONTENT="the" HPOS="1458" VPOS="1999" WIDTH="55" HEIGHT="75" STYLEREFS="font0"/><SP WIDTH="24" VPOS="1999" HPOS="1513"/><String ID="p322_w904" CONTENT="cavernous" HPOS="1537" VPOS="1999" WIDTH="172" HEIGHT="75" STYLEREFS="font0"/><SP WIDTH="11" VPOS="1999" HPOS="1709"/><String ID="p322_w905" CONTENT="fubftance," HPOS="1720" VPOS="1999" WIDTH="175" HEIGHT="75" STYLEREFS="font0"/><SP WIDTH="24" VPOS="1999" HPOS="1895"/><String ID="p322_w906" CONTENT="and" HPOS="1919" VPOS="1999" WIDTH="63" HEIGHT="75" STYLEREFS="font0"/><SP WIDTH="16" VPOS="1999" HPOS="1982"/><String ID="p322_w907" CONTENT="which" HPOS="1998" VPOS="1999" WIDTH="104" HEIGHT="75" STYLEREFS="font0"/><SP WIDTH="16" VPOS="1999" HPOS="2102"/><String ID="p322_w908" CONTENT="from" HPOS="2118" VPOS="1999" WIDTH="85" HEIGHT="75" STYLEREFS="font0"/><SP WIDTH="16" VPOS="1999" HPOS="2203"/><String ID="p322_w909" CONTENT="the" HPOS="2219" VPOS="1999" WIDTH="57" HEIGHT="75" STYLEREFS="font0"/></TextLine><TextLine WIDTH="1029" HEIGHT="75" ID="p322_t106" HPOS="1246" VPOS="2045"><String ID="p322_w910" CONTENT="bladder" HPOS="1246" VPOS="2045" WIDTH="133" HEIGHT="75" STYLEREFS="font0"/><SP WIDTH="16" VPOS="2045" HPOS="1379"/><String ID="p322_w911" CONTENT="to" HPOS="1395" VPOS="2045" WIDTH="35" HEIGHT="75" STYLEREFS="font0"/><SP WIDTH="16" VPOS="2045" HPOS="1430"/><String ID="p322_w912" CONTENT="the" HPOS="1446" VPOS="2045" WIDTH="55" HEIGHT="75" STYLEREFS="font0"/><SP WIDTH="16" VPOS="2045" HPOS="1501"/><String ID="p322_w913" CONTENT="bulb" HPOS="1517" VPOS="2045" WIDTH="77" HEIGHT="75" STYLEREFS="font0"/><SP WIDTH="27" VPOS="2045" HPOS="1594"/><String ID="p322_w914" CONTENT="is" HPOS="1621" VPOS="2045" WIDTH="27" HEIGHT="75" STYLEREFS="font0"/><SP WIDTH="18" VPOS="2045" HPOS="1648"/><String ID="p322_w915" CONTENT="only" HPOS="1666" VPOS="2045" WIDTH="76" HEIGHT="75" STYLEREFS="font0"/><SP WIDTH="28" VPOS="2045" HPOS="1742"/><String ID="p322_w916" CONTENT="a" HPOS="1770" VPOS="2045" WIDTH="19" HEIGHT="75" STYLEREFS="font0"/><SP WIDTH="23" VPOS="2045" HPOS="1789"/><String ID="p322_w917" CONTENT="membranous" HPOS="1812" VPOS="2045" WIDTH="222" HEIGHT="75" STYLEREFS="font0"/><SP WIDTH="17" VPOS="2045" HPOS="2034"/><String ID="p322_w918" CONTENT="canal," HPOS="2051" VPOS="2045" WIDTH="103" HEIGHT="75" STYLEREFS="font0"/><SP WIDTH="25" VPOS="2045" HPOS="2154"/><String ID="p322_w919" CONTENT="is" HPOS="2179" VPOS="2045" WIDTH="27" HEIGHT="75" STYLEREFS="font0"/><SP WIDTH="19" VPOS="2045" HPOS="2206"/><String ID="p322_w920" CONTENT="fit-" HPOS="2225" VPOS="2045" WIDTH="50" HEIGHT="75" STYLEREFS="font0"/></TextLine><TextLine WIDTH="1029" HEIGHT="75" ID="p322_t107" HPOS="1247" VPOS="2092"><String ID="p322_w921" CONTENT="ftained" HPOS="1247" VPOS="2092" WIDTH="120" HEIGHT="75" STYLEREFS="font0"/><SP WIDTH="15" VPOS="2092" HPOS="1367"/><String ID="p322_w922" CONTENT="by" HPOS="1382" VPOS="2092" WIDTH="42" HEIGHT="75" STYLEREFS="font0"/><SP WIDTH="18" VPOS="2092" HPOS="1424"/><String ID="p322_w923" CONTENT="a" HPOS="1442" VPOS="2092" WIDTH="18" HEIGHT="75" STYLEREFS="font0"/><SP WIDTH="15" VPOS="2092" HPOS="1460"/><String ID="p322_w924" CONTENT="large" HPOS="1475" VPOS="2092" WIDTH="89" HEIGHT="75" STYLEREFS="font0"/><SP WIDTH="21" VPOS="2092" HPOS="1564"/><String ID="p322_w925" CONTENT="folid" HPOS="1585" VPOS="2092" WIDTH="83" HEIGHT="75" STYLEREFS="font0"/><SP WIDTH="11" VPOS="2092" HPOS="1668"/><String ID="p322_w926" CONTENT="whitifh" HPOS="1679" VPOS="2092" WIDTH="124" HEIGHT="75" STYLEREFS="font0"/><SP WIDTH="23" VPOS="2092" HPOS="1803"/><String ID="p322_w927" CONTENT="mafs," HPOS="1826" VPOS="2092" WIDTH="94" HEIGHT="75" STYLEREFS="font0"/><SP WIDTH="25" VPOS="2092" HPOS="1920"/><String ID="p322_w928" CONTENT="of" HPOS="1945" VPOS="2092" WIDTH="40" HEIGHT="75" STYLEREFS="font0"/><SP WIDTH="19" VPOS="2092" HPOS="1985"/><String ID="p322_w929" CONTENT="the" HPOS="2004" VPOS="2092" WIDTH="55" HEIGHT="75" STYLEREFS="font0"/><SP WIDTH="17" VPOS="2092" HPOS="2059"/><String ID="p322_w930" CONTENT="figure" HPOS="2076" VPOS="2092" WIDTH="100" HEIGHT="75" STYLEREFS="font0"/><SP WIDTH="22" VPOS="2092" HPOS="2176"/><String ID="p322_w931" CONTENT="of" HPOS="2198" VPOS="2092" WIDTH="41" HEIGHT="75" STYLEREFS="font0"/><SP WIDTH="14" VPOS="2092" HPOS="2239"/><String ID="p322_w932" CONTENT="a" HPOS="2253" VPOS="2092" WIDTH="23" HEIGHT="75" STYLEREFS="font0"/></TextLine><TextLine WIDTH="1029" HEIGHT="75" ID="p322_t108" HPOS="1247" VPOS="2138"><String ID="p322_w933" CONTENT="chefnut," HPOS="1247" VPOS="2138" WIDTH="143" HEIGHT="75" STYLEREFS="font0"/><SP WIDTH="26" VPOS="2138" HPOS="1390"/><String ID="p322_w934" CONTENT="and" HPOS="1416" VPOS="2138" WIDTH="62" HEIGHT="75" STYLEREFS="font0"/><SP WIDTH="15" VPOS="2138" HPOS="1478"/><String ID="p322_w935" CONTENT="fituated" HPOS="1493" VPOS="2138" WIDTH="135" HEIGHT="75" STYLEREFS="font0"/><SP WIDTH="16" VPOS="2138" HPOS="1628"/><String ID="p322_w936" CONTENT="between" HPOS="1644" VPOS="2138" WIDTH="146" HEIGHT="75" STYLEREFS="font0"/><SP WIDTH="15" VPOS="2138" HPOS="1790"/><String ID="p322_w937" CONTENT="the" HPOS="1805" VPOS="2138" WIDTH="57" HEIGHT="75" STYLEREFS="font0"/><SP WIDTH="17" VPOS="2138" HPOS="1862"/><String ID="p322_w938" CONTENT=".bladder" HPOS="1879" VPOS="2138" WIDTH="139" HEIGHT="75" STYLEREFS="font0"/><SP WIDTH="23" VPOS="2138" HPOS="2018"/><String ID="p322_w939" CONTENT="and" HPOS="2041" VPOS="2138" WIDTH="64" HEIGHT="75" STYLEREFS="font0"/><SP WIDTH="14" VPOS="2138" HPOS="2105"/><String ID="p322_w940" CONTENT="the" HPOS="2119" VPOS="2138" WIDTH="56" HEIGHT="75" STYLEREFS="font0"/><SP WIDTH="23" VPOS="2138" HPOS="2175"/><String ID="p322_w941" CONTENT="bulb" HPOS="2198" VPOS="2138" WIDTH="78" HEIGHT="75" STYLEREFS="font0"/></TextLine><TextLine WIDTH="1031" HEIGHT="75" ID="p322_t109" HPOS="1246" VPOS="2168"><String ID="p322_w942" CONTENT="of" HPOS="1246" VPOS="2186" WIDTH="41" HEIGHT="75" STYLEREFS="font0"/><SP WIDTH="17" VPOS="2186" HPOS="1287"/><String ID="p322_w943" CONTENT="the" HPOS="1304" VPOS="2186" WIDTH="56" HEIGHT="75" STYLEREFS="font0"/><SP WIDTH="26" VPOS="2186" HPOS="1360"/><String ID="p322_w944" CONTENT="urethra," HPOS="1386" VPOS="2186" WIDTH="144" HEIGHT="75" STYLEREFS="font0"/><SP WIDTH="26" VPOS="2186" HPOS="1530"/><String ID="p322_w945" CONTENT="its" HPOS="1556" VPOS="2186" WIDTH="41" HEIGHT="75" STYLEREFS="font0"/><SP WIDTH="24" VPOS="2186" HPOS="1597"/><String ID="p322_w946" CONTENT="bafis" HPOS="1621" VPOS="2186" WIDTH="78" HEIGHT="75" STYLEREFS="font0"/><SP WIDTH="24" VPOS="2186" HPOS="1699"/><String ID="p322_w947" CONTENT="being" HPOS="1723" VPOS="2186" WIDTH="96" HEIGHT="75" STYLEREFS="font0"/><SP WIDTH="15" VPOS="2186" HPOS="1819"/><String ID="p322_w948" CONTENT="toward" HPOS="1834" VPOS="2186" WIDTH="125" HEIGHT="75" STYLEREFS="font0"/><SP WIDTH="17" VPOS="2186" HPOS="1959"/><String ID="p322_w949" CONTENT="the" HPOS="1976" VPOS="2186" WIDTH="55" HEIGHT="75" STYLEREFS="font0"/><String ID="p322_w950" CONTENT="1" HPOS="2031" VPOS="2168" WIDTH="6" HEIGHT="49" STYLEREFS="font2"/><SP WIDTH="14" VPOS="2168" HPOS="2037"/><String ID="p322_w951" CONTENT="bladder," HPOS="2051" VPOS="2186" WIDTH="145" HEIGHT="75" STYLEREFS="font0"/><SP WIDTH="25" VPOS="2186" HPOS="2196"/><String ID="p322_w952" CONTENT="the" HPOS="2221" VPOS="2186" WIDTH="56" HEIGHT="75" STYLEREFS="font0"/></TextLine><TextLine WIDTH="1031" HEIGHT="75" ID="p322_t110" HPOS="1245" VPOS="2232"><String ID="p322_w953" CONTENT="apex" HPOS="1245" VPOS="2232" WIDTH="84" HEIGHT="75" STYLEREFS="font0"/><SP WIDTH="16" VPOS="2232" HPOS="1329"/><String ID="p322_w954" CONTENT="or" HPOS="1345" VPOS="2232" WIDTH="38" HEIGHT="75" STYLEREFS="font0"/><SP WIDTH="16" VPOS="2232" HPOS="1383"/><String ID="p322_w955" CONTENT="point" HPOS="1399" VPOS="2232" WIDTH="89" HEIGHT="75" STYLEREFS="font0"/><SP WIDTH="16" VPOS="2232" HPOS="1488"/><String ID="p322_w956" CONTENT="toward" HPOS="1504" VPOS="2232" WIDTH="127" HEIGHT="75" STYLEREFS="font0"/><SP WIDTH="14" VPOS="2232" HPOS="1631"/><String ID="p322_w957" CONTENT="the" HPOS="1645" VPOS="2232" WIDTH="56" HEIGHT="75" STYLEREFS="font0"/><SP WIDTH="11" VPOS="2232" HPOS="1701"/><String ID="p322_w958" CONTENT="urethra," HPOS="1712" VPOS="2232" WIDTH="143" HEIGHT="75" STYLEREFS="font0"/><SP WIDTH="13" VPOS="2232" HPOS="1855"/><String ID="p322_w959" CONTENT="and" HPOS="1868" VPOS="2232" WIDTH="63" HEIGHT="75" STYLEREFS="font0"/><SP WIDTH="15" VPOS="2232" HPOS="1931"/><String ID="p322_w960" CONTENT="the" HPOS="1946" VPOS="2232" WIDTH="55" HEIGHT="75" STYLEREFS="font0"/><SP WIDTH="16" VPOS="2232" HPOS="2001"/><String ID="p322_w961" CONTENT="fides" HPOS="2017" VPOS="2232" WIDTH="79" HEIGHT="75" STYLEREFS="font0"/><SP WIDTH="16" VPOS="2232" HPOS="2096"/><String ID="p322_w962" CONTENT="lying" HPOS="2112" VPOS="2232" WIDTH="90" HEIGHT="75" STYLEREFS="font0"/><SP WIDTH="15" VPOS="2232" HPOS="2202"/><String ID="p322_w963" CONTENT="up-" HPOS="2217" VPOS="2232" WIDTH="59" HEIGHT="75" STYLEREFS="font0"/></TextLine><TextLine WIDTH="381" HEIGHT="75" ID="p322_t111" HPOS="1245" VPOS="2280"><String ID="p322_w964" CONTENT="ward" HPOS="1245" VPOS="2280" WIDTH="89" HEIGHT="75" STYLEREFS="font0"/><SP WIDTH="17" VPOS="2280" HPOS="1334"/><String ID="p322_w965" CONTENT="and" HPOS="1351" VPOS="2280" WIDTH="61" HEIGHT="75" STYLEREFS="font0"/><SP WIDTH="16" VPOS="2280" HPOS="1412"/><String ID="p322_w966" CONTENT="downward." HPOS="1428" VPOS="2280" WIDTH="198" HEIGHT="75" STYLEREFS="font0"/></TextLine><TextLine WIDTH="986" HEIGHT="75" ID="p322_t112" HPOS="1293" VPOS="2327"><String ID="p322_w967" CONTENT="This" HPOS="1293" VPOS="2327" WIDTH="84" HEIGHT="75" STYLEREFS="font0"/><SP WIDTH="12" VPOS="2327" HPOS="1377"/><String ID="p322_w968" CONTENT="body" HPOS="1389" VPOS="2327" WIDTH="93" HEIGHT="75" STYLEREFS="font0"/><SP WIDTH="10" VPOS="2327" HPOS="1482"/><String ID="p322_w969" CONTENT="is" HPOS="1492" VPOS="2327" WIDTH="26" HEIGHT="75" STYLEREFS="font0"/><SP WIDTH="18" VPOS="2327" HPOS="1518"/><String ID="p322_w970" CONTENT="termed" HPOS="1536" VPOS="2327" WIDTH="123" HEIGHT="75" STYLEREFS="font0"/><SP WIDTH="15" VPOS="2327" HPOS="1659"/><String ID="p322_w971" CONTENT="the" HPOS="1674" VPOS="2327" WIDTH="56" HEIGHT="75" STYLEREFS="font0"/><SP WIDTH="17" VPOS="2327" HPOS="1730"/><String ID="p322_w972" CONTENT="proftates," HPOS="1747" VPOS="2327" WIDTH="168" HEIGHT="75" STYLEREFS="font0"/><SP WIDTH="25" VPOS="2327" HPOS="1915"/><String ID="p322_w973" CONTENT="from" HPOS="1940" VPOS="2327" WIDTH="84" HEIGHT="75" STYLEREFS="font0"/><SP WIDTH="18" VPOS="2327" HPOS="2024"/><String ID="p322_w974" CONTENT="a" HPOS="2042" VPOS="2327" WIDTH="19" HEIGHT="75" STYLEREFS="font0"/><SP WIDTH="15" VPOS="2327" HPOS="2061"/><String ID="p322_w975" CONTENT="greek" HPOS="2076" VPOS="2327" WIDTH="98" HEIGHT="75" STYLEREFS="font0"/><SP WIDTH="11" VPOS="2327" HPOS="2174"/><String ID="p322_w976" CONTENT="word" HPOS="2185" VPOS="2327" WIDTH="94" HEIGHT="75" STYLEREFS="font0"/></TextLine><TextLine WIDTH="1031" HEIGHT="75" ID="p322_t113" HPOS="1245" VPOS="2373"><String ID="p322_w977" CONTENT="that" HPOS="1245" VPOS="2373" WIDTH="71" HEIGHT="75" STYLEREFS="font0"/><SP WIDTH="16" VPOS="2373" HPOS="1316"/><String ID="p322_w978" CONTENT="expreffes" HPOS="1332" VPOS="2373" WIDTH="157" HEIGHT="75" STYLEREFS="font0"/><SP WIDTH="17" VPOS="2373" HPOS="1489"/><String ID="p322_w979" CONTENT="its" HPOS="1506" VPOS="2373" WIDTH="40" HEIGHT="75" STYLEREFS="font0"/><SP WIDTH="17" VPOS="2373" HPOS="1546"/><String ID="p322_w980" CONTENT="fituation" HPOS="1563" VPOS="2373" WIDTH="146" HEIGHT="75" STYLEREFS="font0"/><SP WIDTH="17" VPOS="2373" HPOS="1709"/><String ID="p322_w981" CONTENT="before" HPOS="1726" VPOS="2373" WIDTH="111" HEIGHT="75" STYLEREFS="font0"/><SP WIDTH="17" VPOS="2373" HPOS="1837"/><String ID="p322_w982" CONTENT="the" HPOS="1854" VPOS="2373" WIDTH="55" HEIGHT="75" STYLEREFS="font0"/><SP WIDTH="23" VPOS="2373" HPOS="1909"/><String ID="p322_w983" CONTENT="veficulae" HPOS="1932" VPOS="2373" WIDTH="141" HEIGHT="75" STYLEREFS="font0"/><SP WIDTH="25" VPOS="2373" HPOS="2073"/><String ID="p322_w984" CONTENT="feminales," HPOS="2098" VPOS="2373" WIDTH="178" HEIGHT="75" STYLEREFS="font0"/></TextLine><TextLine WIDTH="1030" HEIGHT="75" ID="p322_t114" HPOS="1248" VPOS="2421"><String ID="p322_w985" CONTENT="and" HPOS="1248" VPOS="2421" WIDTH="61" HEIGHT="75" STYLEREFS="font0"/><SP WIDTH="15" VPOS="2421" HPOS="1309"/><String ID="p322_w986" CONTENT="implies" HPOS="1324" VPOS="2421" WIDTH="124" HEIGHT="75" STYLEREFS="font0"/><SP WIDTH="17" VPOS="2421" HPOS="1448"/><String ID="p322_w987" CONTENT="a" HPOS="1465" VPOS="2421" WIDTH="19" HEIGHT="75" STYLEREFS="font0"/><SP WIDTH="15" VPOS="2421" HPOS="1484"/><String ID="p322_w988" CONTENT="plurality," HPOS="1499" VPOS="2421" WIDTH="165" HEIGHT="75" STYLEREFS="font0"/><SP WIDTH="26" VPOS="2421" HPOS="1664"/><String ID="p322_w989" CONTENT="becaufe" HPOS="1690" VPOS="2421" WIDTH="130" HEIGHT="75" STYLEREFS="font0"/><SP WIDTH="20" VPOS="2421" HPOS="1820"/><String ID="p322_w990" CONTENT="it" HPOS="1840" VPOS="2421" WIDTH="25" HEIGHT="75" STYLEREFS="font0"/><SP WIDTH="17" VPOS="2421" HPOS="1865"/><String ID="p322_w991" CONTENT="appears" HPOS="1882" VPOS="2421" WIDTH="129" HEIGHT="75" STYLEREFS="font0"/><SP WIDTH="18" VPOS="2421" HPOS="2011"/><String ID="p322_w992" CONTENT="to" HPOS="2029" VPOS="2421" WIDTH="35" HEIGHT="75" STYLEREFS="font0"/><SP WIDTH="16" VPOS="2421" HPOS="2064"/><String ID="p322_w993" CONTENT="be" HPOS="2080" VPOS="2421" WIDTH="41" HEIGHT="75" STYLEREFS="font0"/><SP WIDTH="26" VPOS="2421" HPOS="2121"/><String ID="p322_w994" CONTENT="divided" HPOS="2147" VPOS="2421" WIDTH="131" HEIGHT="75" STYLEREFS="font0"/></TextLine><TextLine WIDTH="1029" HEIGHT="75" ID="p322_t115" HPOS="1248" VPOS="2467"><String ID="p322_w995" CONTENT="into" HPOS="1248" VPOS="2467" WIDTH="67" HEIGHT="75" STYLEREFS="font0"/><SP WIDTH="17" VPOS="2467" HPOS="1315"/><String ID="p322_w996" CONTENT="two" HPOS="1332" VPOS="2467" WIDTH="66" HEIGHT="75" STYLEREFS="font0"/><SP WIDTH="24" VPOS="2467" HPOS="1398"/><String ID="p322_w997" CONTENT="lateral" HPOS="1422" VPOS="2467" WIDTH="112" HEIGHT="75" STYLEREFS="font0"/><SP WIDTH="16" VPOS="2467" HPOS="1534"/><String ID="p322_w998" CONTENT="lobes," HPOS="1550" VPOS="2467" WIDTH="103" HEIGHT="75" STYLEREFS="font0"/><SP WIDTH="24" VPOS="2467" HPOS="1653"/><String ID="p322_w999" CONTENT="by" HPOS="1677" VPOS="2467" WIDTH="44" HEIGHT="75" STYLEREFS="font0"/><SP WIDTH="28" VPOS="2467" HPOS="1721"/><String ID="p322_w1000" CONTENT="a" HPOS="1749" VPOS="2467" WIDTH="19" HEIGHT="75" STYLEREFS="font0"/><SP WIDTH="15" VPOS="2467" HPOS="1768"/><String ID="p322_w1001" CONTENT="hollow" HPOS="1783" VPOS="2467" WIDTH="122" HEIGHT="75" STYLEREFS="font0"/><SP WIDTH="21" VPOS="2467" HPOS="1905"/><String ID="p322_w1002" CONTENT="groove" HPOS="1926" VPOS="2467" WIDTH="118" HEIGHT="75" STYLEREFS="font0"/><SP WIDTH="25" VPOS="2467" HPOS="2044"/><String ID="p322_w1003" CONTENT="which" HPOS="2069" VPOS="2467" WIDTH="103" HEIGHT="75" STYLEREFS="font0"/><SP WIDTH="30" VPOS="2467" HPOS="2172"/><String ID="p322_w1004" CONTENT="runs" HPOS="2202" VPOS="2467" WIDTH="75" HEIGHT="75" STYLEREFS="font0"/></TextLine><TextLine WIDTH="1032" HEIGHT="75" ID="p322_t116" HPOS="1247" VPOS="2513"><String ID="p322_w1005" CONTENT="through" HPOS="1247" VPOS="2513" WIDTH="139" HEIGHT="75" STYLEREFS="font0"/><SP WIDTH="16" VPOS="2513" HPOS="1386"/><String ID="p322_w1006" CONTENT="its" HPOS="1402" VPOS="2513" WIDTH="43" HEIGHT="75" STYLEREFS="font0"/><SP WIDTH="16" VPOS="2513" HPOS="1445"/><String ID="p322_w1007" CONTENT="upper" HPOS="1461" VPOS="2513" WIDTH="100" HEIGHT="75" STYLEREFS="font0"/><SP WIDTH="16" VPOS="2513" HPOS="1561"/><String ID="p322_w1008" CONTENT="fide" HPOS="1577" VPOS="2513" WIDTH="61" HEIGHT="75" STYLEREFS="font0"/><SP WIDTH="12" VPOS="2513" HPOS="1638"/><String ID="p322_w1009" CONTENT="from" HPOS="1650" VPOS="2513" WIDTH="85" HEIGHT="75" STYLEREFS="font0"/><SP WIDTH="16" VPOS="2513" HPOS="1735"/><String ID="p322_w1010" CONTENT="the" HPOS="1751" VPOS="2513" WIDTH="56" HEIGHT="75" STYLEREFS="font0"/><SP WIDTH="16" VPOS="2513" HPOS="1807"/><String ID="p322_w1011" CONTENT="bafis" HPOS="1823" VPOS="2513" WIDTH="79" HEIGHT="75" STYLEREFS="font0"/><SP WIDTH="22" VPOS="2513" HPOS="1902"/><String ID="p322_w1012" CONTENT="to" HPOS="1924" VPOS="2513" WIDTH="35" HEIGHT="75" STYLEREFS="font0"/><SP WIDTH="16" VPOS="2513" HPOS="1959"/><String ID="p322_w1013" CONTENT="the" HPOS="1975" VPOS="2513" WIDTH="56" HEIGHT="75" STYLEREFS="font0"/><SP WIDTH="26" VPOS="2513" HPOS="2031"/><String ID="p322_w1014" CONTENT="apex." HPOS="2057" VPOS="2513" WIDTH="95" HEIGHT="75" STYLEREFS="font0"/><SP WIDTH="48" VPOS="2513" HPOS="2152"/><String ID="p322_w1015" CONTENT="The" HPOS="2200" VPOS="2513" WIDTH="79" HEIGHT="75" STYLEREFS="font0"/></TextLine><TextLine WIDTH="1032" HEIGHT="75" ID="p322_t117" HPOS="1247" VPOS="2561"><String ID="p322_w1016" CONTENT="firft" HPOS="1247" VPOS="2561" WIDTH="63" HEIGHT="75" STYLEREFS="font0"/><SP WIDTH="26" VPOS="2561" HPOS="1310"/><String ID="p322_w1017" CONTENT="portion" HPOS="1336" VPOS="2561" WIDTH="131" HEIGHT="75" STYLEREFS="font0"/><SP WIDTH="19" VPOS="2561" HPOS="1467"/><String ID="p322_w1018" CONTENT="of" HPOS="1486" VPOS="2561" WIDTH="40" HEIGHT="75" STYLEREFS="font0"/><SP WIDTH="19" VPOS="2561" HPOS="1526"/><String ID="p322_w1019" CONTENT="the" HPOS="1545" VPOS="2561" WIDTH="55" HEIGHT="75" STYLEREFS="font0"/><SP WIDTH="16" VPOS="2561" HPOS="1600"/><String ID="p322_w1020" CONTENT="urethra" HPOS="1616" VPOS="2561" WIDTH="132" HEIGHT="75" STYLEREFS="font0"/><SP WIDTH="14" VPOS="2561" HPOS="1748"/><String ID="p322_w1021" CONTENT="lies" HPOS="1762" VPOS="2561" WIDTH="59" HEIGHT="75" STYLEREFS="font0"/><SP WIDTH="16" VPOS="2561" HPOS="1821"/><String ID="p322_w1022" CONTENT="in" HPOS="1837" VPOS="2561" WIDTH="33" HEIGHT="75" STYLEREFS="font0"/><SP WIDTH="16" VPOS="2561" HPOS="1870"/><String ID="p322_w1023" CONTENT="this" HPOS="1886" VPOS="2561" WIDTH="64" HEIGHT="75" STYLEREFS="font0"/><SP WIDTH="17" VPOS="2561" HPOS="1950"/><String ID="p322_w1024" CONTENT="groove," HPOS="1967" VPOS="2561" WIDTH="131" HEIGHT="75" STYLEREFS="font0"/><SP WIDTH="26" VPOS="2561" HPOS="2098"/><String ID="p322_w1025" CONTENT="adhering" HPOS="2124" VPOS="2561" WIDTH="155" HEIGHT="75" STYLEREFS="font0"/></TextLine><TextLine WIDTH="842" HEIGHT="75" ID="p322_t118" HPOS="1247" VPOS="2606"><String ID="p322_w1026" CONTENT="very" HPOS="1247" VPOS="2606" WIDTH="79" HEIGHT="75" STYLEREFS="font0"/><SP WIDTH="16" VPOS="2606" HPOS="1326"/><String ID="p322_w1027" CONTENT="clofely" HPOS="1342" VPOS="2606" WIDTH="119" HEIGHT="75" STYLEREFS="font0"/><SP WIDTH="11" VPOS="2606" HPOS="1461"/><String ID="p322_w1028" CONTENT="to" HPOS="1472" VPOS="2606" WIDTH="35" HEIGHT="75" STYLEREFS="font0"/><SP WIDTH="17" VPOS="2606" HPOS="1507"/><String ID="p322_w1029" CONTENT="the" HPOS="1524" VPOS="2606" WIDTH="56" HEIGHT="75" STYLEREFS="font0"/><SP WIDTH="17" VPOS="2606" HPOS="1580"/><String ID="p322_w1030" CONTENT="proftates" HPOS="1597" VPOS="2606" WIDTH="151" HEIGHT="75" STYLEREFS="font0"/><SP WIDTH="12" VPOS="2606" HPOS="1748"/><String ID="p322_w1031" CONTENT="which" HPOS="1760" VPOS="2606" WIDTH="108" HEIGHT="75" STYLEREFS="font0"/><SP WIDTH="16" VPOS="2606" HPOS="1868"/><String ID="p322_w1032" CONTENT="furround" HPOS="1884" VPOS="2606" WIDTH="154" HEIGHT="75" STYLEREFS="font0"/><SP WIDTH="12" VPOS="2606" HPOS="2038"/><String ID="p322_w1033" CONTENT="it." HPOS="2050" VPOS="2606" WIDTH="39" HEIGHT="75" STYLEREFS="font0"/></TextLine><TextLine WIDTH="985" HEIGHT="75" ID="p322_t119" HPOS="1292" VPOS="2653"><String ID="p322_w1034" CONTENT="The" HPOS="1292" VPOS="2653" WIDTH="78" HEIGHT="75" STYLEREFS="font0"/><SP WIDTH="27" VPOS="2653" HPOS="1370"/><String ID="p322_w1035" CONTENT="body" HPOS="1397" VPOS="2653" WIDTH="89" HEIGHT="75" STYLEREFS="font0"/><SP WIDTH="13" VPOS="2653" HPOS="1486"/><String ID="p322_w1036" CONTENT="of" HPOS="1499" VPOS="2653" WIDTH="42" HEIGHT="75" STYLEREFS="font0"/><SP WIDTH="12" VPOS="2653" HPOS="1541"/><String ID="p322_w1037" CONTENT="the" HPOS="1553" VPOS="2653" WIDTH="54" HEIGHT="75" STYLEREFS="font0"/><SP WIDTH="17" VPOS="2653" HPOS="1607"/><String ID="p322_w1038" CONTENT="proftates" HPOS="1624" VPOS="2653" WIDTH="153" HEIGHT="75" STYLEREFS="font0"/><SP WIDTH="12" VPOS="2653" HPOS="1777"/><String ID="p322_w1039" CONTENT="lies" HPOS="1789" VPOS="2653" WIDTH="62" HEIGHT="75" STYLEREFS="font0"/><SP WIDTH="24" VPOS="2653" HPOS="1851"/><String ID="p322_w1040" CONTENT="on" HPOS="1875" VPOS="2653" WIDTH="43" HEIGHT="75" STYLEREFS="font0"/><SP WIDTH="22" VPOS="2653" HPOS="1918"/><String ID="p322_w1041" CONTENT="the" HPOS="1940" VPOS="2653" WIDTH="57" HEIGHT="75" STYLEREFS="font0"/><SP WIDTH="15" VPOS="2653" HPOS="1997"/><String ID="p322_w1042" CONTENT="inteftinum" HPOS="2012" VPOS="2653" WIDTH="179" HEIGHT="75" STYLEREFS="font0"/><SP WIDTH="17" VPOS="2653" HPOS="2191"/><String ID="p322_w1043" CONTENT="rec-" HPOS="2208" VPOS="2653" WIDTH="69" HEIGHT="75" STYLEREFS="font0"/></TextLine><TextLine WIDTH="1033" HEIGHT="75" ID="p322_t120" HPOS="1244" VPOS="2700"><String ID="p322_w1044" CONTENT="tum," HPOS="1244" VPOS="2700" WIDTH="84" HEIGHT="75" STYLEREFS="font0"/><SP WIDTH="25" VPOS="2700" HPOS="1328"/><String ID="p322_w1045" CONTENT="and" HPOS="1353" VPOS="2700" WIDTH="67" HEIGHT="75" STYLEREFS="font0"/><SP WIDTH="27" VPOS="2700" HPOS="1420"/><String ID="p322_w1046" CONTENT="the" HPOS="1447" VPOS="2700" WIDTH="55" HEIGHT="75" STYLEREFS="font0"/><SP WIDTH="18" VPOS="2700" HPOS="1502"/><String ID="p322_w1047" CONTENT="apex" HPOS="1520" VPOS="2700" WIDTH="83" HEIGHT="75" STYLEREFS="font0"/><SP WIDTH="25" VPOS="2700" HPOS="1603"/><String ID="p322_w1048" CONTENT="is" HPOS="1628" VPOS="2700" WIDTH="26" HEIGHT="75" STYLEREFS="font0"/><SP WIDTH="23" VPOS="2700" HPOS="1654"/><String ID="p322_w1049" CONTENT="under" HPOS="1677" VPOS="2700" WIDTH="104" HEIGHT="75" STYLEREFS="font0"/><SP WIDTH="13" VPOS="2700" HPOS="1781"/><String ID="p322_w1050" CONTENT="the" HPOS="1794" VPOS="2700" WIDTH="57" HEIGHT="75" STYLEREFS="font0"/><SP WIDTH="26" VPOS="2700" HPOS="1851"/><String ID="p322_w1051" CONTENT="internal" HPOS="1877" VPOS="2700" WIDTH="137" HEIGHT="75" STYLEREFS="font0"/><SP WIDTH="23" VPOS="2700" HPOS="2014"/><String ID="p322_w1052" CONTENT="labium" HPOS="2037" VPOS="2700" WIDTH="118" HEIGHT="75" STYLEREFS="font0"/><SP WIDTH="16" VPOS="2700" HPOS="2155"/><String ID="p322_w1053" CONTENT="of" HPOS="2171" VPOS="2700" WIDTH="40" HEIGHT="75" STYLEREFS="font0"/><SP WIDTH="10" VPOS="2700" HPOS="2211"/><String ID="p322_w1054" CONTENT="the" HPOS="2221" VPOS="2700" WIDTH="56" HEIGHT="75" STYLEREFS="font0"/></TextLine><TextLine WIDTH="1030" HEIGHT="75" ID="p322_t121" HPOS="1247" VPOS="2747"><String ID="p322_w1055" CONTENT="cartilaginous" HPOS="1247" VPOS="2747" WIDTH="224" HEIGHT="75" STYLEREFS="font0"/><SP WIDTH="17" VPOS="2747" HPOS="1471"/><String ID="p322_w1056" CONTENT="arch" HPOS="1488" VPOS="2747" WIDTH="76" HEIGHT="75" STYLEREFS="font0"/><SP WIDTH="13" VPOS="2747" HPOS="1564"/><String ID="p322_w1057" CONTENT="of" HPOS="1577" VPOS="2747" WIDTH="41" HEIGHT="75" STYLEREFS="font0"/><SP WIDTH="10" VPOS="2747" HPOS="1618"/><String ID="p322_w1058" CONTENT="the" HPOS="1628" VPOS="2747" WIDTH="56" HEIGHT="75" STYLEREFS="font0"/><SP WIDTH="11" VPOS="2747" HPOS="1684"/><String ID="p322_w1059" CONTENT="offa" HPOS="1695" VPOS="2747" WIDTH="65" HEIGHT="75" STYLEREFS="font0"/><SP WIDTH="14" VPOS="2747" HPOS="1760"/><String ID="p322_w1060" CONTENT="pubis." HPOS="1774" VPOS="2747" WIDTH="105" HEIGHT="75" STYLEREFS="font0"/><SP WIDTH="46" VPOS="2747" HPOS="1879"/><String ID="p322_w1061" CONTENT="The" HPOS="1925" VPOS="2747" WIDTH="79" HEIGHT="75" STYLEREFS="font0"/><SP WIDTH="11" VPOS="2747" HPOS="2004"/><String ID="p322_w1062" CONTENT="inner" HPOS="2015" VPOS="2747" WIDTH="90" HEIGHT="75" STYLEREFS="font0"/><SP WIDTH="13" VPOS="2747" HPOS="2105"/><String ID="p322_w1063" CONTENT="fubftance" HPOS="2118" VPOS="2747" WIDTH="159" HEIGHT="75" STYLEREFS="font0"/></TextLine><TextLine WIDTH="1033" HEIGHT="75" ID="p322_t122" HPOS="1245" VPOS="2794"><String ID="p322_w1064" CONTENT="is" HPOS="1245" VPOS="2794" WIDTH="26" HEIGHT="75" STYLEREFS="font0"/><SP WIDTH="18" VPOS="2794" HPOS="1271"/><String ID="p322_w1065" CONTENT="fpungy," HPOS="1289" VPOS="2794" WIDTH="131" HEIGHT="75" STYLEREFS="font0"/><SP WIDTH="25" VPOS="2794" HPOS="1420"/><String ID="p322_w1066" CONTENT="but" HPOS="1445" VPOS="2794" WIDTH="59" HEIGHT="75" STYLEREFS="font0"/><SP WIDTH="19" VPOS="2794" HPOS="1504"/><String ID="p322_w1067" CONTENT="very" HPOS="1523" VPOS="2794" WIDTH="77" HEIGHT="75" STYLEREFS="font0"/><SP WIDTH="15" VPOS="2794" HPOS="1600"/><String ID="p322_w1068" CONTENT="compaft;" HPOS="1615" VPOS="2794" WIDTH="162" HEIGHT="75" STYLEREFS="font0"/><SP WIDTH="27" VPOS="2794" HPOS="1777"/><String ID="p322_w1069" CONTENT="and" HPOS="1804" VPOS="2794" WIDTH="62" HEIGHT="75" STYLEREFS="font0"/><SP WIDTH="15" VPOS="2794" HPOS="1866"/><String ID="p322_w1070" CONTENT="in" HPOS="1881" VPOS="2794" WIDTH="33" HEIGHT="75" STYLEREFS="font0"/><SP WIDTH="16" VPOS="2794" HPOS="1914"/><String ID="p322_w1071" CONTENT="each" HPOS="1930" VPOS="2794" WIDTH="78" HEIGHT="75" STYLEREFS="font0"/><SP WIDTH="16" VPOS="2794" HPOS="2008"/><String ID="p322_w1072" CONTENT="lobe" HPOS="2024" VPOS="2794" WIDTH="73" HEIGHT="75" STYLEREFS="font0"/><SP WIDTH="19" VPOS="2794" HPOS="2097"/><String ID="p322_w1073" CONTENT="there" HPOS="2116" VPOS="2794" WIDTH="91" HEIGHT="75" STYLEREFS="font0"/><SP WIDTH="17" VPOS="2794" HPOS="2207"/><String ID="p322_w1074" CONTENT="are" HPOS="2224" VPOS="2794" WIDTH="54" HEIGHT="75" STYLEREFS="font0"/></TextLine><TextLine WIDTH="1032" HEIGHT="75" ID="p322_t123" HPOS="1246" VPOS="2840"><String ID="p322_w1075" CONTENT="feveral" HPOS="1246" VPOS="2840" WIDTH="119" HEIGHT="75" STYLEREFS="font0"/><SP WIDTH="16" VPOS="2840" HPOS="1365"/><String ID="p322_w1076" CONTENT="folliculi" HPOS="1381" VPOS="2840" WIDTH="136" HEIGHT="75" STYLEREFS="font0"/><SP WIDTH="9" VPOS="2840" HPOS="1517"/><String ID="p322_w1077" CONTENT="which" HPOS="1526" VPOS="2840" WIDTH="111" HEIGHT="75" STYLEREFS="font0"/><SP WIDTH="18" VPOS="2840" HPOS="1637"/><String ID="p322_w1078" CONTENT="open" HPOS="1655" VPOS="2840" WIDTH="82" HEIGHT="75" STYLEREFS="font0"/><SP WIDTH="23" VPOS="2840" HPOS="1737"/><String ID="p322_w1079" CONTENT="into" HPOS="1760" VPOS="2840" WIDTH="71" HEIGHT="75" STYLEREFS="font0"/><SP WIDTH="31" VPOS="2840" HPOS="1831"/><String ID="p322_w1080" CONTENT="the" HPOS="1862" VPOS="2840" WIDTH="57" HEIGHT="75" STYLEREFS="font0"/><SP WIDTH="27" VPOS="2840" HPOS="1919"/><String ID="p322_w1081" CONTENT="firft" HPOS="1946" VPOS="2840" WIDTH="64" HEIGHT="75" STYLEREFS="font0"/><SP WIDTH="16" VPOS="2840" HPOS="2010"/><String ID="p322_w1082" CONTENT="portion" HPOS="2026" VPOS="2840" WIDTH="128" HEIGHT="75" STYLEREFS="font0"/><SP WIDTH="15" VPOS="2840" HPOS="2154"/><String ID="p322_w1083" CONTENT="of" HPOS="2169" VPOS="2840" WIDTH="41" HEIGHT="75" STYLEREFS="font0"/><SP WIDTH="10" VPOS="2840" HPOS="2210"/><String ID="p322_w1084" CONTENT="the" HPOS="2220" VPOS="2840" WIDTH="58" HEIGHT="75" STYLEREFS="font0"/></TextLine><TextLine WIDTH="786" HEIGHT="75" ID="p322_t124" HPOS="1245" VPOS="2886"><String ID="p322_w1085" CONTENT="urethra," HPOS="1245" VPOS="2886" WIDTH="144" HEIGHT="75" STYLEREFS="font0"/><SP WIDTH="25" VPOS="2886" HPOS="1389"/><String ID="p322_w1086" CONTENT="toward" HPOS="1414" VPOS="2886" WIDTH="126" HEIGHT="75" STYLEREFS="font0"/><SP WIDTH="16" VPOS="2886" HPOS="1540"/><String ID="p322_w1087" CONTENT="the" HPOS="1556" VPOS="2886" WIDTH="56" HEIGHT="75" STYLEREFS="font0"/><SP WIDTH="12" VPOS="2886" HPOS="1612"/><String ID="p322_w1088" CONTENT="bottom" HPOS="1624" VPOS="2886" WIDTH="125" HEIGHT="75" STYLEREFS="font0"/><SP WIDTH="19" VPOS="2886" HPOS="1749"/><String ID="p322_w1089" CONTENT="of" HPOS="1768" VPOS="2886" WIDTH="39" HEIGHT="75" STYLEREFS="font0"/><SP WIDTH="17" VPOS="2886" HPOS="1807"/><String ID="p322_w1090" CONTENT="the" HPOS="1824" VPOS="2886" WIDTH="58" HEIGHT="75" STYLEREFS="font0"/><SP WIDTH="16" VPOS="2886" HPOS="1882"/><String ID="p322_w1091" CONTENT="gropve." HPOS="1898" VPOS="2886" WIDTH="133" HEIGHT="75" STYLEREFS="font0"/></TextLine><TextLine WIDTH="988" HEIGHT="75" ID="p322_t125" HPOS="1292" VPOS="2933"><String ID="p322_w1092" CONTENT="The" HPOS="1292" VPOS="2933" WIDTH="76" HEIGHT="75" STYLEREFS="font0"/><SP WIDTH="17" VPOS="2933" HPOS="1368"/><String ID="p322_w1093" CONTENT="fpungy" HPOS="1385" VPOS="2933" WIDTH="122" HEIGHT="75" STYLEREFS="font0"/><SP WIDTH="12" VPOS="2933" HPOS="1507"/><String ID="p322_w1094" CONTENT="fubftance." HPOS="1519" VPOS="2933" WIDTH="163" HEIGHT="75" STYLEREFS="font0"/><SP WIDTH="13" VPOS="2933" HPOS="1682"/><String ID="p322_w1095" CONTENT="of" HPOS="1695" VPOS="2933" WIDTH="40" HEIGHT="75" STYLEREFS="font0"/><SP WIDTH="21" VPOS="2933" HPOS="1735"/><String ID="p322_w1096" CONTENT="the" HPOS="1756" VPOS="2933" WIDTH="56" HEIGHT="75" STYLEREFS="font0"/><SP WIDTH="19" VPOS="2933" HPOS="1812"/><String ID="p322_w1097" CONTENT="urethra," HPOS="1831" VPOS="2933" WIDTH="145" HEIGHT="75" STYLEREFS="font0"/><SP WIDTH="24" VPOS="2933" HPOS="1976"/><String ID="p322_w1098" CONTENT="having" HPOS="2000" VPOS="2933" WIDTH="117" HEIGHT="75" STYLEREFS="font0"/><SP WIDTH="24" VPOS="2933" HPOS="2117"/><String ID="p322_w1099" CONTENT="reached" HPOS="2141" VPOS="2933" WIDTH="139" HEIGHT="75" STYLEREFS="font0"/></TextLine><TextLine WIDTH="1031" HEIGHT="75" ID="p322_t126" HPOS="1246" VPOS="2980"><String ID="p322_w1100" CONTENT="the" HPOS="1246" VPOS="2980" WIDTH="56" HEIGHT="75" STYLEREFS="font0"/><SP WIDTH="17" VPOS="2980" HPOS="1302"/><String ID="p322_w1101" CONTENT="extremity" HPOS="1319" VPOS="2980" WIDTH="178" HEIGHT="75" STYLEREFS="font0"/><SP WIDTH="24" VPOS="2980" HPOS="1497"/><String ID="p322_w1102" CONTENT="of" HPOS="1521" VPOS="2980" WIDTH="41" HEIGHT="75" STYLEREFS="font0"/><SP WIDTH="18" VPOS="2980" HPOS="1562"/><String ID="p322_w1103" CONTENT="the" HPOS="1580" VPOS="2980" WIDTH="56" HEIGHT="75" STYLEREFS="font0"/><SP WIDTH="29" VPOS="2980" HPOS="1636"/><String ID="p322_w1104" CONTENT="corpora" HPOS="1665" VPOS="2980" WIDTH="133" HEIGHT="75" STYLEREFS="font0"/><SP WIDTH="24" VPOS="2980" HPOS="1798"/><String ID="p322_w1105" CONTENT="cavernofa," HPOS="1822" VPOS="2980" WIDTH="180" HEIGHT="75" STYLEREFS="font0"/><SP WIDTH="26" VPOS="2980" HPOS="2002"/><String ID="p322_w1106" CONTENT="forms" HPOS="2028" VPOS="2980" WIDTH="100" HEIGHT="75" STYLEREFS="font0"/><SP WIDTH="28" VPOS="2980" HPOS="2128"/><String ID="p322_w1107" CONTENT="a" HPOS="2156" VPOS="2980" WIDTH="19" HEIGHT="75" STYLEREFS="font0"/><SP WIDTH="14" VPOS="2980" HPOS="2175"/><String ID="p322_w1108" CONTENT="large" HPOS="2189" VPOS="2980" WIDTH="88" HEIGHT="75" STYLEREFS="font0"/></TextLine><TextLine WIDTH="1034" HEIGHT="75" ID="p322_t127" HPOS="1243" VPOS="3026"><String ID="p322_w1109" CONTENT="head," HPOS="1243" VPOS="3026" WIDTH="96" HEIGHT="75" STYLEREFS="font0"/><SP WIDTH="26" VPOS="3026" HPOS="1339"/><String ID="p322_w1110" CONTENT="called" HPOS="1365" VPOS="3026" WIDTH="105" HEIGHT="75" STYLEREFS="font0"/><SP WIDTH="21" VPOS="3026" HPOS="1470"/><String ID="p322_w1111" CONTENT="the" HPOS="1491" VPOS="3026" WIDTH="59" HEIGHT="75" STYLEREFS="font0"/><SP WIDTH="16" VPOS="3026" HPOS="1550"/><String ID="p322_w1112" CONTENT="glans," HPOS="1566" VPOS="3026" WIDTH="113" HEIGHT="75" STYLEREFS="font0"/><SP WIDTH="25" VPOS="3026" HPOS="1679"/><String ID="p322_w1113" CONTENT="which" HPOS="1704" VPOS="3026" WIDTH="107" HEIGHT="75" STYLEREFS="font0"/><SP WIDTH="26" VPOS="3026" HPOS="1811"/><String ID="p322_w1114" CONTENT="crowns" HPOS="1837" VPOS="3026" WIDTH="124" HEIGHT="75" STYLEREFS="font0"/><SP WIDTH="17" VPOS="3026" HPOS="1961"/><String ID="p322_w1115" CONTENT="the" HPOS="1978" VPOS="3026" WIDTH="55" HEIGHT="75" STYLEREFS="font0"/><SP WIDTH="16" VPOS="3026" HPOS="2033"/><String ID="p322_w1116" CONTENT="three" HPOS="2049" VPOS="3026" WIDTH="91" HEIGHT="75" STYLEREFS="font0"/><SP WIDTH="16" VPOS="3026" HPOS="2140"/><String ID="p322_w1117" CONTENT="Ijpungy" HPOS="2156" VPOS="3026" WIDTH="121" HEIGHT="75" STYLEREFS="font0"/></TextLine><TextLine WIDTH="127" HEIGHT="75" ID="p322_t128" HPOS="2147" VPOS="3069"><String ID="p322_w1118" CONTENT="pillars." HPOS="2147" VPOS="3069" WIDTH="127" HEIGHT="75" STYLEREFS="font0"/></TextLine></PrintSpace></Page></Layout></alto>