2443 3377
539 163 242 75 ANT

1096 163 19 75 (
1175 163 81 75 329
1314 163 18 75 )

1652 163 40 75 A
1750 163 44 75 N
1852 163 46 75 U

207 230 148 75 fearches
386 230 70 75 into
479 230 161 75 antiquity
664 230 81 75 have
774 230 185 75 frequently
982 230 80 75 been
1087 230 117 75 tifeful.

211 278 68 75 But
294 278 88 75 thefe
405 278 192 75 refearches,
622 278 103 75 unlefs
741 278 79 75 they
842 278 55 75 are
925 278 178 75 conduced
1125 278 78 75 with

210 326 181 75 judgment,
416 326 53 75 are
487 326 180 75 extremely
683 326 96 75 liable
795 326 36 75 to
843 326 146 75 ridicule.

164 372 373 75 ANTIRRHINUM,
567 372 33 75 in
625 372 133 75 botany,
792 372 19 75 a
838 372 98 75 genus
961 372 42 75 of
1027 372 54 75 the
1108 372 95 75 didy-

212 420 105 75 namia
333 420 228 75 angiofpermia
582 420 91 75 clafs.
721 420 78 75 The
823 420 87 75 calix
934 420 124 75 confifts
1082 420 41 75 of
1140 420 63 75 five

209 466 128 75 leaves;
362 466 56 75 the
434 466 79 75 bafis
530 466 40 75 of
581 466 56 75 the
649 466 122 75 corolla
786 466 27 75 is
829 466 76 75 bent
921 466 199 75 backwards,
1138 466 64 75 and

210 512 161 75 furnifhed
382 512 79 75 with
473 512 162 75 pedtoria;
654 512 56 75 the
719 512 124 75 capfule
855 512 26 75 is
892 512 168 75 bilocular.
1087 512 114 75 There

209 559 53 75 are
284 559 41 75 14
348 559 117 75 fpecies
490 559 41 75 of
549 559 57 75 the
629 559 222 75 antirrhinum,
881 559 41 75 10
946 559 42 75 of
1014 559 106 75 which
1146 559 54 75 are

208 606 122 75 natives
348 606 40 75 of
399 606 139 75 Britain,
563 606 71 75 viz.
660 606 56 75 the
732 606 204 75 cymbalaria,
961 606 39 75 or
1016 606 185 75 ivy-leaved

209 653 179 75 toad-grafs
400 653 11 75 ;
437 653 57 75 the
514 653 128 75 elatine,
668 653 38 75 or
721 653 238 75 lharp-pointed
974 653 120 75 fluellin
1106 653 10 75 ;
1143 653 56 75 the

208 699 152 75 fpurium,
394 699 38 75 or
457 699 229 75 round-leaved
710 699 141 75 fluellin;
893 699 56 75 the
983 699 141 75 arvenfe,
1160 699 40 75 or

207 746 169 75 corn-blue
388 746 179 75 toad-flax;
595 746 55 75 the
661 746 125 75 repens,
803 746 37 75 or
853 746 148 75 creeping
1014 746 182 75 toad-flax;

209 792 56 75 the
292 792 265 75 monofpermum,
583 792 36 75 or
644 792 257 75 fweet-fmelling
924 792 183 75 toad-flax;
1142 792 56 75 the

208 839 125 75 linaria,
360 839 38 75 or
422 839 148 75 common
591 839 117 75 ydlow
731 839 181 75 toad-flax;
938 839 57 75 the
1018 839 115 75 minus,
1159 839 38 75 or

208 885 76 75 lead
299 885 180 75 toad-flax;
498 885 54 75 the
568 885 116 75 majus,
702 885 38 75 or
755 885 126 75 greater
898 885 195 75 fnapdragon
1107 885 8 75 ;
1136 885 62 75 and

209 933 55 75 the
276 933 173 75 orontium,
467 933 37 75 or
514 933 77 75 leaft
603 933 207 75 fnapdragon.
835 933 76 75 The
924 933 112 75 linaria
1047 933 27 75 is
1087 933 65 75 laid
1161 933 35 75 to

208 979 40 75 be
261 979 154 75 cathartic
428 979 61 75 and
500 979 155 75 diuretic;
676 979 56 75 but
744 979 26 75 it
781 979 26 75 is
821 979 56 75 not
889 979 75 75 ufed
977 979 32 75 in
1021 979 56 75 the
1089 979 104 75 fliopsi

160 1025 337 75 ANTISAGOGE,
521 1025 33 75 in
570 1025 153 75 rhetoric,
741 1025 55 75 the
811 1025 84 75 fame
912 1025 79 75 with
1007 1025 186 75 conceflion.

210 1072 62 75 See
289 1072 270 75 Concession.

161 1119 230 75 ANTISCII,
415 1119 33 75 in
465 1119 196 75 geography,
687 1119 111 75 people
815 1119 74 75 who
905 1119 64 75 live
985 1119 42 75 on
1043 1119 152 75 different

207 1165 78 75 fides
302 1165 41 75 of
360 1165 55 75 the
431 1165 148 75 equator,
604 1165 105 75 whofe
725 1165 141 75 fhadows
888 1165 32 75 at
944 1165 83 75 noon
1050 1165 53 75 are
1120 1165 74 75 pro-

203 1211 107 75 jedled
327 1211 140 75 oppofite
489 1211 101 75 ways.
637 1211 96 75 Thus
750 1211 56 75 the
830 1211 114 75 people
967 1211 41 75 of
1026 1211 55 75 the
1097 1211 97 75 north

207 1258 54 75 are
277 1258 137 75 Antifcii
433 1258 34 75 to
487 1258 91 75 thofe
601 1258 40 75 of
660 1258 56 75 the
737 1258 106 75 fouth,
868 1258 56 75 the
941 1258 60 75 one
1015 1258 179 75 projecting

206 1303 85 75 their
307 1303 140 75 fhadows
465 1303 34 75 at
520 1303 85 75 noon
624 1303 126 75 toward
765 1303 57 75 the
841 1303 95 75 north
954 1303 86 75 pole,
1064 1303 63 75 and
1138 1303 55 75 the

208 1350 95 75 other
317 1350 126 75 toward
454 1350 55 75 the
522 1350 92 75 fouth
631 1350 84 75 pole.

1021 1350 14 75 ,

163 1396 438 75 ANTISCORBUTICS,
638 1396 171 75 medicines
833 1396 86 75 good
945 1396 33 75 in
1005 1396 188 75 fcorbutical

212 1441 95 75 cafes.

162 1487 335 75 ANTISEPTICS,
533 1487 116 75 among
679 1487 189 75 phyficians,
909 1487 17 75 a
955 1487 238 75 denomination

210 1534 92 75 given
325 1534 35 75 to
385 1534 42 75 all
452 1534 175 75 fubflances
643 1534 71 75 that
736 1534 81 75 refift
835 1534 221 75 putrefaCfiom
1105 1534 88 75 Such

212 1581 33 75 as
261 1581 74 75 fairs
348 1581 40 75 of
405 1581 43 75 all
463 1581 107 75 kinds,
594 1581 142 75 vinegar,
760 1581 123 75 myrrh,
900 1581 199 75 fnake-root,
1116 1581 76 75 pep-

213 1627 68 75 per,
307 1627 63 75 <bc.

165 1674 401 75 ANTISTOECHON,
590 1674 33 75 in
646 1674 170 75 grammar,
840 1674 55 75 the
912 1674 87 75 ufing
1020 1674 60 75 one
1096 1674 98 75 letter

212 1719 118 75 inftead
346 1719 39 75 of
404 1719 147 75 another,
576 1719 33 75 as
622 1719 57 75 olli
696 1719 51 75 for
763 1719 65 75 illi.

166 1766 359 75 ANTISTROPHE,
550 1766 31 75 in
599 1766 169 75 grammar,
793 1766 19 75 a
827 1766 100 75 figure
943 1766 44 75 by
1002 1766 105 75 which
1126 1766 66 75 tVvo

212 1813 107 75 things
336 1813 155 75 mutually
512 1813 178 75 depending
712 1813 43 75 on
778 1813 60 75 one
863 1813 145 75 another,
1034 1813 53 75 are
1111 1813 80 75 reci-

211 1859 143 75 procally
370 1859 191 75 converted;
589 1859 33 75 as
638 1859 51 75 the
703 1859 139 75 fervant
860 1859 43 75 of
917 1859 53 75 the
985 1859 129 75 mafler,
1140 1859 54 75 the

211 1905 115 75 mafer
342 1905 45 75 of
403 1905 52 75 the
469 1905 151 75 fervant.

163 1953 101 75 Anti
274 1953 187 75 strophe,
486 1953 116 75 among
613 1953 81 75 lyric
712 1953 102 75 poets,
839 1953 71 75 that
933 1953 72 75 part
1022 1953 41 75 of
1080 1953 19 75 a
1115 1953 77 75 fong

210 1999 61 75 and
286 1999 99 75 dance
400 1999 33 75 in
455 1999 53 75 ufe
531 1999 114 75 among
661 1999 55 75 the
733 1999 151 75 ancients,
910 1999 106 75 which
1033 1999 64 75 was
1120 1999 70 75 per-

210 2045 124 75 formed
346 2045 110 75 before
467 2045 55 75 the
539 2045 93 75 altar,
657 2045 31 75 in
702 2045 164 75 returning
877 2045 85 75 from
978 2045 74 75 weft
1068 2045 35 75 to
1115 2045 75 75 eaft,

211 2089 30 75 in
258 2089 173 75 oppofition
448 2089 35 75 to
499 2089 138 75 ftrophe.
686 2089 62 75 See
766 2089 197 75 Strophe,
990 2089 62 75 and
1068 2089 98 75 Ode.

164 2137 315 75 ANTITACTAs,
503 2137 34 75 in
559 2137 268 75 church-hiftory,
852 2137 20 75 a
895 2137 119 75 branch
1039 2137 39 75 of
1096 2137 94 75 Gno-

212 2181 84 75 ftioe,
321 2181 73 75 who
410 2181 86 75 held,
513 2181 71 75 that
600 2181 81 75 God
697 2181 65 75 was
774 2181 84 75 good
874 2181 63 75 and
950 2181 74 75 juft,
1051 2181 57 75 but
1121 2181 69 75 that

212 2227 17 75 a
240 2227 143 75 creature
399 2227 64 75 had
475 2227 127 75 created
618 2227 83 75 evil;
728 2227 62 75 and
806 2227 227 75 confequently
1045 2227 71 75 that
1126 2227 25 75 it
1163 2227 27 75 is

210 2274 59 75 our
285 2274 81 75 duty
389 2274 35 75 to
439 2274 116 75 oppofe
570 2274 64 75 this
651 2274 114 75 author
782 2274 39 75 of
840 2274 74 75 evil,
939 2274 32 75 in
988 2274 95 75 order
1105 2274 35 75 to
1157 2274 33 75 a-

211 2320 99 75 vehge
323 2320 80 75 God
418 2320 40 75 of
477 2320 49 75 his
544 2320 179 75 adverfary.

165 2367 339 75 ANTITHENAR,
527 2367 32 75 in
576 2367 159 75 anatomy,
761 2367 19 75 a
795 2367 90 75 name
899 2367 95 75 given
1012 2367 104 75 to'the
1134 2367 55 75 ad-

213 2413 110 75 ductor
335 2413 125 75 indicis-
510 2413 106 75 Seep.
636 2413 79 75 216.

163 2460 320 75 ANTITHESIS,.,
508 2460 149 75 contraft,
693 2460 38 75 or
760 2460 173 75 oppofition
958 2460 40 75 of
1024 2460 105 75 words
1152 2460 42 75 or

210 2507 207 75 fentiments;
444 2507 46 75 as,
585 2554 127 75 Though
726 2554 123 75 gentle,
865 2554 56 75 yet
938 2554 55 75 not
1010 2554 82 75 dull.

305 2599 121 75 Strong
440 2599 139 75 without
599 2599 87 75 rage,
712 2599 136 75 without
866 2599 15 75 o
895 2599 164 75 erflywing
1071 2599 88 75 full.

148 2645 3 75 .
162 2645 272 75 ANTITHET,
459 2645 132 75 denotes
607 2645 102 75 either
724 2645 18 75 a
766 2645 124 75 quality
915 2645 36 75 or
974 2645 91 75 thing
1088 2645 47 75 fet
1157 2645 33 75 in

210 2692 173 75 oppofition
399 2692 36 75 to
450 2692 43 75 its
506 2692 162 75 contrary.

162 2739 421 75 ANTITHETARIUS,
607 2739 32 75 in
655 2739 73 75 law,
753 2739 17 75 a
783 2739 109 75 perfon
908 2739 74 75 who
994 2739 196 75 endeavours

210 2784 35 75 to
268 2784 109 75 acquit
402 2784 129 75 himfelf
557 2784 45 75 by
629 2784 150 75 charging
806 2784 55 75 the
885 2784 123 75 accufer
1033 2784 78 75 with
1135 2784 55 75 the

209 2831 84 75 fame
310 2831 76 75 faCt.

161 2878 325 75 ANTITRAGUS
511 2878 171 75 mufculus,
719 2878 30 75 in
775 2878 160 75 anatomy,
969 2878 18 75 a
1013 2878 118 75 mufcle
1154 2878 43 75 of

209 2923 55 75 the
281 2923 65 75 ear.
398 2923 61 75 See
476 2923 32 75 p.
528 2923 80 75 295.
634 2923 68 75 par.
719 2923 32 75 5.

163 2973 493 75 ANTITRINITARIANS,
681 2973 18 75 a
716 2973 125 75 general
863 2973 90 75 name
974 2973 94 75 given
1090 2973 35 75 to
1149 2973 43 75 all

207 3017 109 75 Von.''
333 3017 29 75 I.
411 3017 70 75 No.
503 3017 55 75 14.

1145 3017 19 75 3

1296 229 97 75 thofe
1402 229 75 75 who
1492 229 85 75 deny
1594 229 57 75 the
1667 229 142 75 doCtrine
1832 229 42 75 of
1891 229 57 75 the
1962 229 147 75 Trinity,
2134 229 62 75 and
2213 229 71 75 par"

1297 275 148 75 ticularly
1461 275 35 75 to
1513 275 55 75 the
1581 275 118 75 Arians
1716 275 62 75 and
1797 275 179 75 Socinians.

1248 323 263 75 ANTITYPE,
1544 323 117 75 among
1688 323 215 75 ecclefiaftical
1931 323 137 75 writers,
2104 323 134 75 denotes
2265 323 19 75 a

1295 369 76 75 type
1389 369 245 75 correfponding
1652 369 34 75 to
1702 369 86 75 feme
1805 369 94 75 other
1915 369 76 75 type
2008 369 37 75 or
2062 369 113 75 figure.

1250 417 252 75 ANTIVARI,
1529 417 18 75 a
1570 417 141 75 fea-port
1735 417 88 75 town
1847 417 41 75 of
1907 417 151 75 Albania,
2082 417 136 75 lituated
2240 417 42 75 on

1295 462 55 75 the
1366 462 98 75 gulph
1481 462 40 75 of
1532 462 134 75 Venice,
1691 462 32 75 in
1740 462 41 75 19
1781 444 23 49 0
1824 462 56 75 40'
1896 462 43 75 E.
1958 462 89 75 long,
2073 462 64 75 and
2149 462 43 75 42
2192 444 21 49 0
2230 462 51 75 io

1296 509 46 75 N.
1356 509 59 75 lat.
1466 509 30 75 It
1513 509 26 75 is
1556 509 118 75 fubjeCt
1686 509 35 75 to
1737 509 54 75 the
1808 509 125 75 Turks.

1247 556 321 75 ANTIVETRIA,
1606 556 19 75 a
1652 556 148 75 province
1828 556 38 75 or
1893 556 190 75 fubdivifion
2110 556 40 75 of
2175 556 108 75 Terra

1293 602 120 75 Fiona,
1437 602 33 75 in
1495 602 105 75 South
1616 602 164 75 America,
1804 602 89 75 lying
1915 602 198 75 fouthwards
2139 602 39 75 of
2198 602 82 75 Car-

1293 648 148 75 thagena.

1244 696 216 75 ANTLER,
1486 696 115 75 among
1628 696 186 75 fportfmen,
1846 696 21 75 a
1891 696 77 75 ftart
1992 696 39 75 or
2053 696 121 75 branch
2202 696 41 75 of
2260 696 20 75 a

1291 742 105 75 deers
1413 742 108 75 attire.

1245 788 295 75 ^rcw-ANTLER,
1564 788 135 75 denotes
1712 788 55 75 the
1780 788 119 75 branch
1913 788 79 75 next
2004 788 55 75 the
2071 788 104 75 head;
2203 788 75 75 and,

1245 834 257 75 Zfor-Antler,
1528 834 55 75 the
1600 834 117 75 branch
1736 834 78 75 next
1830 834 101 75 above
1948 834 55 75 the
2019 834 224 75 brow-antler.

1242 882 235 75 ANTOECI,
1517 882 33 75 in
1582 882 196 75 geography,
1815 882 91 75 thofe
1933 882 196 75 inhabitants
2155 882 40 75 of
2222 882 58 75 the

1289 928 90 75 earth
1397 928 75 75 who
1493 928 64 75 live
1581 928 101 75 under
1704 928 56 75 the
1783 928 83 75 fame
1891 928 166 75 meridian,
2085 928 64 75 and
2165 928 33 75 at
2221 928 57 75 the

1289 974 82 75 fame
1388 974 136 75 diftance
1540 974 85 75 from
1650 974 54 75 the
1726 974 155 75 equator;
1908 974 56 75 the
1986 974 63 75 one
2072 974 127 75 toward
2221 974 56 75 the

1289 1020 107 75 north,
1421 1020 63 75 and
1500 1020 55 75 the
1578 1020 95 75 other
1695 1020 125 75 toward
1839 1020 55 75 the
1917 1020 106 75 fouth.
2065 1020 113 75 Hence
2198 1020 82 75 they"

1287 1067 81 75 have
1395 1067 56 75 the
1477 1067 84 75 fame
1588 1067 189 75 longitude;
1804 1067 64 75 and
1894 1067 86 75 their
2007 1067 135 75 latitude
2168 1067 27 75 is
2212 1067 65 75 alfo

1288 1115 54 75 the
1359 1115 95 75 fame,
1479 1115 58 75 but
1554 1115 39 75 of
1612 1115 18 75 a
1646 1115 151 75 different
1809 1115 251 75 denomination.
2111 1115 97 75 They
2220 1115 56 75 are

1288 1160 32 75 in
1337 1160 55 75 the
1408 1160 83 75 fame
1507 1160 155 75 femicircl'
1662 1160 18 75 e
1696 1160 40 75 of
1747 1160 55 75 the
1818 1160 169 75 meridian,
2011 1160 59 75 but
2086 1160 142 75 oppofne
2243 1160 33 75 in

1287 1207 160 75 parallels.
1495 1207 101 75 They
1611 1207 80 75 have
1703 1207 155 75 precifely
1873 1207 55 75 the
1944 1207 84 75 fame
2043 1207 99 75 hours
2161 1207 40 75 of
2220 1207 57 75 the

1287 1254 62 75 day
1372 1254 62 75 and
1458 1254 102 75 night,
1586 1254 58 75 but
1660 1254 142 75 oppofite
1817 1254 122 75 feafons
1952 1254 10 75 ;
1989 1254 62 75 and
2062 1254 55 75 the
2133 1254 92 75 night
2240 1254 43 75 of

1289 1301 53 75 the
1354 1301 61 75 one
1432 1301 26 75 is
1477 1301 118 75 always
1611 1301 95 75 equal
1724 1301 34 75 to
1774 1301 55 75 the
1842 1301 64 75 day
1917 1301 40 75 of
1976 1301 179 75 theiOther.

1241 1348 264 75 ANTONIAN
1532 1348 137 75 Waters,
1696 1348 167 75 medicinal
1891 1348 117 75 waters
2029 1348 42 75 of
2089 1348 184 75 Germany,

1287 1393 76 75 very
1380 1393 139 75 pleafant
1536 1393 35 75 to
1594 1393 55 75 the
1665 1393 90 75 tafte,
1781 1393 62 75 and
1855 1393 157 75 efteemed
2027 1393 88 75 good
2130 1393 33 75 in
2179 1393 97 75 many

1287 1440 130 75 chronic
1434 1440 62 75 and
1511 1440 265 75 hypochondriac
1789 1440 97 75 cafes.

1241 1488 239 75 ANTONIO,
1498 1488 60 75 one
1578 1488 39 75 of
1625 1488 55 75 the
1698 1488 90 75 Cape
1800 1488 40 75 de
1857 1488 91 75 Verd
1960 1488 126 75 ifiands,
2104 1488 119 75 fubjeCt
2239 1488 36 75 to

1286 1534 55 75 the
1357 1534 210 75 Portuguefe,
1584 1534 208 75 andfituated
1807 1534 33 75 in
1857 1534 64 75 2(0
1938 1534 62 75 W.
2016 1534 90 75 long,
2132 1534 64 75 and
2213 1534 39 75 1S
2252 1516 20 49 0

1288 1582 47 75 N.
1353 1582 57 75 lat.

1240 1628 364 75 ANTONOMASIA
1641 1628 17 75 a
1675 1628 84 75 form
1783 1628 40 75 of
1841 1628 125 75 fpeech,
1991 1628 32 75 in
2041 1628 120 75 which,
2186 1628 52 75 for
2255 1628 19 75 a

1286 1673 116 75 proper
1418 1673 103 75 name,
1546 1673 27 75 is
1591 1673 56 75 put
1663 1673 56 75 the
1738 1673 91 75 name
1845 1673 41 75 of
1901 1673 87 75 fome
2004 1673 137 75 dignity,
2165 1673 106 75 office,

1286 1720 176 75 profeffion,
1487 1720 132 75 fcience,
1645 1720 37 75 or
1698 1720 113 75 trade;
1837 1720 38 75 or
1891 1720 92 75 when
2008 1720 19 75 a
2048 1720 116 75 proper
2180 1720 93 75 name

1287 1767 25 75 is
1330 1767 56 75 put
1403 1767 33 75 in
1453 1767 55 75 the
1524 1767 91 75 room
1632 1767 42 75 of
1692 1767 38 75 an
1754 1767 203 75 appellative.
2005 1767 95 75 Thus
2118 1767 18 75 a
2150 1767 81 75 king
2244 1767 27 75 is

1287 1813 103 75 called
1413 1813 48 75 his
1489 1813 152 75 majefty;
1675 1813 18 75 a
1721 1813 179 75 nobleman,
1926 1813 48 75 his
2002 1813 153 75 lordftip.
2203 1813 70 75 We

1287 1860 52 75 fay
1355 1860 56 75 the
1427 1860 202 75 philofopher
1647 1860 120 75 inftead
1782 1860 40 75 of
1841 1860 168 75 Ariftotle,
2036 1860 63 75 and
2121 1860 56 75 the
2198 1860 72 75 ora-

1286 1906 51 75 tor
1353 1906 52 75 for
1422 1906 117 75 Cicero
1551 1906 8 75 :
1586 1906 95 75 Thus
1699 1906 19 75 a
1739 1906 73 75 man
1828 1906 27 75 is
1872 1906 102 75 called
1989 1906 43 75 by
2048 1906 55 75 the
2119 1906 92 75 came
2235 1906 45 75 of

1285 1953 49 75 his
1351 1953 148 75 country,
1525 1953 19 75 a
1560 1953 155 75 German,
1743 1953 38 75 an
1799 1953 136 75 Italian;
1961 1953 63 75 and
2044 1953 18 75 a
2085 1953 96 75 grave
2197 1953 74 75 man

1286 2000 28 75 is
1327 2000 103 75 called
1445 2000 19 75 a
1481 2000 97 75 Cato,
1604 2000 63 75 and
1679 2000 18 75 a
1714 2000 70 75 wife
1800 2000 73 75 man
1890 2000 19 75 a
1925 2000 167 75 Solomon.

1238 2048 211 75 ANTRIM,
1475 2048 56 75 the
1557 2048 80 75 moft
1663 2048 177 75 north-eaft
1867 2048 120 75 county
2013 2048 42 75 of
2082 2048 120 75 Ulfter,
2235 2048 34 75 in

1286 2092 54 75 the
1356 2092 153 75 kingdom
1526 2092 40 75 of
1583 2092 142 75 Ireland.
1774 2092 32 75 It
1822 2092 27 75 is
1874 2092 62 75 alfo
1960 2092 56 75 the
2039 2092 91 75 name
2153 2092 41 75 of
2212 2092 57 75 the

1286 2139 90 75 chief
1394 2139 86 75 town
1505 2139 40 75 of
1571 2139 55 75 the
1652 2139 154 75 aforefard
1832 2139 131 75 county,
1997 2139 134 75 fituated
2155 2139 32 75 at
2211 2139 58 75 the

1284 2185 95 75 north
1396 2185 61 75 end
1474 2185 40 75 of
1531 2185 191 75 Lochneah,
1746 2185 33 75 in
1797 2185 43 75 6
1860 2185 55 75 26'
1931 2185 61 75 W.
2010 2185 87 75 long,
2104 2185 22 75 '
2126 2185 59 75 and
2200 2185 44 75 54
2244 2167 22 49 0

1288 2232 53 75 45'
1358 2232 47 75 N.
1423 2232 58 75 lat.

1239 2278 185 75 Antrum,
1450 2278 114 75 among
1579 2278 192 75 anatomifts,
1797 2278 20 75 a
1831 2278 82 75 term
1929 2278 76 75 ufed
2020 2278 36 75 to
2079 2278 117 75 denote
2220 2278 49 75 fe-.

1285 2325 84 75 veral
1387 2325 129 75 cavities
1533 2325 40 75 of
1591 2325 54 75 the
1662 2325 106 75 body;
1796 2325 33 75 as
1847 2325 55 75 the
1924 2325 125 75 antrum
2071 2325 196 75 highmoria-

1285 2372 86 75 num,
1396 2372 38 75 or
1450 2372 69 75 that
1535 2372 34 75 in
1585 2372 55 75 the
1655 2372 172 75 maxillary
1844 2372 37 75 or
1893 2372 178 75 jaw-bone,
2098 2372 65 75 &c.
2204 2372 63 75 See

1284 2419 31 75 p.
1340 2419 75 75 162.
1442 2419 68 75 par.
1528 2419 35 75 2.

1237 2464 260 75 ANTWERP,
1522 2464 17 75 a
1555 2464 155 75 beautiful
1735 2464 66 75 city
1820 2464 41 75 of
1879 2464 55 75 the
1951 2464 148 75 Auftrian
2122 2464 144 75 Nether-

1231 2510 6 75 .
1282 2510 103 75 lands,
1393 2510 5 75 '
1411 2510 63 75 and
1491 2510 111 75 capital
1621 2510 39 75 of
1672 2510 54 75 the
1736 2510 190 75 marquifate
1942 2510 41 75 of
1993 2510 56 75 the
2064 2510 83 75 fame
2159 2510 105 75 name.

1285 2556 30 75 It
1332 2556 103 75 ftands
1452 2556 40 75 on
1511 2556 56 75 the
1580 2556 118 75 eaftern
1722 2556 89 75 ffiore
1828 2556 40 75 of
1887 2556 55 75 the
1966 2556 84 75 river
2074 2556 131 75 Scheld,
2230 2556 35 75 a-

1286 2603 78 75 bout
1388 2603 42 75 25
1458 2603 89 75 miles
1571 2603 96 75 north
1691 2603 40 75 of
1748 2603 152 75 Bruflels,
1931 2603 64 75 and
2022 2603 32 75 in
2079 2603 22 75 4
2101 2585 19 49 0
2143 2603 51 75 15'

1286 2651 87 75 long,
1399 2651 61 75 and
1476 2651 16 75 5
1503 2651 9 75 1
1523 2633 17 49 0
1564 2651 51 75 15'
1631 2651 47 75 N.
1695 2651 58 75 lat.

1238 2698 182 75 ANTYX,
1445 2698 30 75 in
1504 2698 169 75 antiquity,
1698 2698 134 75 denotes
1859 2698 55 75 the
1941 2698 260 75 circumference,
2225 2698 38 75 or

1286 2743 168 75 outermoft
1471 2743 102 75 round
1585 2743 39 75 of
1643 2743 17 75 a
1676 2743 111 75 ftield.

2027 2743 18 75 \

1239 2790 165 75 ANVIL,
1430 2790 39 75 an
1486 2790 69 75 iron
1571 2790 183 75 inftrument
1767 2790 40 75 on
1824 2790 103 75 which
1941 2790 110 75 fmiths
2068 2790 143 75 hammer
2226 2790 38 75 or

1286 2836 88 75 forge
1391 2836 82 75 their
1497 2836 101 75 work,
1622 2836 63 75 and
1709 2836 26 75 is
1761 2836 121 75 ufually
1907 2836 154 75 mounted
2084 2836 41 75 on
2150 2836 20 75 a
2190 2836 73 75 firm

1285 2883 134 75 wooden
1435 2883 106 75 block.

1238 2930 143 75 ANUS,
1405 2930 207 75 in.anatomy,
1630 2930 55 75 the
1697 2930 174 75 extremity
1883 2930 40 75 of
1934 2930 55 75 the
2002 2930 177 75 inteftinum
2193 2930 67 75 rec-

1285 2978 79 75 tum,
1381 2978 37 75 or
1426 2978 107 75 orifice
1548 2978 41 75 of
1600 2978 55 75 the
1671 2978 198 75 fundament.
1907 2978 62 75 See
1985 2978 33 75 p.
2037 2978 81 75 261.
2135 2978 69 75 jar.
2224 2978 33 75 2.

1711 3026 20 75 4
1755 3026 32 75 O

2176 3026 86 75 AN-
