2493 3387
213 183 51 75 43
273 183 23 75 S

758 183 498 75 ASTRO

209 248 91 75 place
316 248 41 75 on
375 248 56 75 the
446 248 84 75 fame
546 248 64 75 day
626 248 63 75 and
704 248 83 75 hour
803 248 80 75 next
895 248 89 75 year,
1001 248 65 75 and
1076 248 68 75 will
1155 248 86 75 crofs

208 294 58 75 the
282 294 135 75 equator
433 294 45 75 90
495 294 133 75 degrees
640 294 125 75 farther
780 294 36 75 to
832 294 57 75 the
900 294 96 75 weft;
1014 294 108 75 which
1133 294 123 75 makes.

209 341 57 75 the
283 341 76 75 time
375 341 41 75 of
433 341 58 75 the
506 341 144 75 equinox
665 341 19 75 a
700 341 131 75 quarter
847 341 40 75 of
899 341 19 75 a
933 341 65 75 day
1015 341 53 75 (or
1081 341 97 75 about
1195 341 48 75 fix

212 386 38 75 of
263 386 58 75 our
337 386 94 75 days)
450 386 81 75 later
544 386 97 75 every
653 386 89 75 year.
791 386 132 75 Hence^
935 386 156 75 although
1109 386 57 75 the
1183 386 59 75 fpi-

209 432 49 75 ral
275 432 32 75 in
325 432 106 75 which
454 432 56 75 the
532 432 84 75 fun’s
641 432 122 75 motion
787 432 27 75 is
839 432 196 75 performed,
1062 432 37 75 be
1125 432 40 75 of
1188 432 56 75 the

211 479 85 75 fame
312 479 65 75 fort
393 479 97 75 every
506 479 88 75 year,
619 479 56 75 yet
690 479 27 75 it
732 479 67 75 will
823 479 58 75 not
905 479 40 75 be
968 479 56 75 the
1046 479 79 75 very
1147 479 97 75 fame,

211 525 133 75 becaufe
367 525 56 75 the
447 525 57 75 fun
529 525 69 75 will
619 525 57 75 not
699 525 71 75 pafs
795 525 169 75 vertically
980 525 76 75 over
1083 525 56 75 the
1161 525 85 75 fame

212 572 105 75 places
335 572 48 75 till
397 572 73 75 four
487 572 114 75 annual
620 572 194 75 revolutions
831 572 55 75 are
897 572 143 75 finiihed.

261 618 139 75 Venus’s
417 618 87 75 orbit
528 618 25 75 is
578 618 142 75 inclined
745 618 47 75 3^
813 618 134 75 degrees
970 618 36 75 to
1022 618 56 75 the
1101 618 142 75 earth’s;

214 665 63 75 and
293 665 116 75 crolfes
424 665 26 75 it
465 665 34 75 in
517 665 55 75 the
593 665 79 75 14th
683 665 117 75 degree
811 665 41 75 of
863 665 133 75 Gemini
1008 665 63 75 and
1086 665 39 75 of
1137 665 108 75 Sagit-

215 712 100 75 tarius
326 712 10 75 ;
370 712 64 75 and
456 712 176 75 therefore,
663 712 94 75 when
779 712 57 75 the
860 712 92 75 earth
976 712 29 75 is
1031 712 99 75 about
1158 712 89 75 thefe

211 757 107 75 points
335 757 40 75 of
394 757 55 75 the
466 757 128 75 ecliptic
611 757 33 75 at
660 757 55 75 the
731 757 78 75 time
821 757 72 75 that
907 757 112 75 Venus
1032 757 27 75 is
1075 757 32 75 in
1122 757 58 75 her
1197 757 48 75 in-

211 804 101 75 ferior
328 804 215 75 conjuration,
569 804 52 75 (he
637 804 66 75 will
720 804 115 75 appear
851 804 67 75 like
932 804 18 75 a
961 804 71 75 fpot
1048 804 43 75 on
1102 804 56 75 the
1174 804 70 75 fun,

212 850 64 75 and
293 850 105 75 afford
413 850 19 75 a
448 850 87 75 more
548 850 121 75 certain
685 850 133 75 method
834 850 40 75 of
892 850 122 75 finding
1025 850 55 75 the
1092 850 154 75 diftances

214 898 41 75 of
266 898 43 75 all
321 898 56 75 the
389 898 123 75 planets
525 898 84 75 from
623 898 55 75 the
690 898 68 75 fun,
775 898 78 75 than
866 898 62 75 any
939 898 94 75 other
1049 898 54 75 yet
1115 898 130 75 known.

212 943 69 75 But
303 943 87 75 thefe
416 943 211 75 appearances
650 943 126 75 happen
798 943 79 75 very
900 943 135 75 feldom.
1083 943 78 75 The
1183 943 65 75 firft

209 990 71 75 was
296 990 33 75 in
346 990 55 75 the
417 990 77 75 year
515 990 102 75 1639.
664 990 78 75 The
766 990 116 75 fecond
905 990 34 75 in
964 990 56 75 the
1042 990 76 75 year
1146 990 101 75 1761,

216 1037 84 75 June
318 1037 34 75 6.
401 1037 38 75 In
457 1037 56 75 the
530 1037 146 75 morning
693 1037 41 75 of
743 1037 71 75 that
829 1037 77 75 day,
931 1037 92 75 when
1040 1037 56 75 the
1106 1037 56 75 fun
1179 1037 68 75 rofe

216 1083 33 75 at
266 1083 152 75 London,
444 1083 112 75 Venus
573 1083 65 75 had
653 1083 107 75 pafied
776 1083 79 75 both
872 1083 55 75 the
944 1083 146 75 external
1113 1083 62 75 and
1198 1083 49 75 in-

214 1130 101 75 ternal
326 1130 155 75 contafts.
520 1130 47 75 At
586 1130 43 75 38
642 1130 138 75 minutes
796 1130 37 75 21
849 1130 133 75 feconds
994 1130 64 75 paft
1075 1130 17 75 7
1106 1130 139 75 o’clock,

216 1175 170 75 (apparent
401 1175 92 75 time)
513 1175 32 75 at
557 1175 210 75 Greenwich,
791 1175 55 75 the
858 1175 84 75 Rev.
957 1175 53 75 Dr
1027 1175 97 75 Blifs,
1149 1175 97 75 aftro-

215 1222 111 75 nomer
343 1222 105 75 royal,
471 1222 64 75 firft
552 1222 62 75 faw
629 1222 113 75 Venus
766 1222 42 75 on
834 1222 55 75 the
912 1222 78 75 fun;
1017 1222 32 75 at
1075 1222 106 75 which
1197 1222 49 75 in-

214 1268 93 75 ftant,
333 1268 55 75 the
400 1268 109 75 centre
526 1268 40 75 of
585 1268 110 75 Venus
712 1268 158 75 preceded
885 1268 55 75 the
956 1268 84 75 fun’s
1056 1268 121 75 centre,
1202 1268 45 75 by

216 1318 20 75 6
236 1300 12 49 /
264 1318 100 75 iS^.9
381 1318 40 75 of
441 1318 85 75 right
543 1318 170 75 afcenfion,
738 1318 62 75 and
822 1318 66 75 was
912 1318 93 75 fouth
1029 1318 41 75 of
1089 1318 56 75 the
1161 1318 83 75 fun’s

214 1362 109 75 centre
339 1362 44 75 by
407 1362 39 75 iS
446 1344 13 49 7

592 1362 41 75 of
643 1362 354 75 declination.—From
1020 1362 71 75 that
1106 1362 77 75 time
1209 1362 37 75 to

213 1409 57 75 the
286 1409 173 75 beginning
475 1409 40 75 of
534 1409 117 75 egrefs,
676 1409 55 75 the
749 1409 127 75 Dotfor
891 1409 92 75 made
1005 1409 117 75 feveral
1139 1409 106 75 obfer-

212 1455 137 75 vations,
375 1455 79 75 both
471 1455 40 75 of
530 1455 56 75 the
597 1455 173 75 difference
782 1455 40 75 of
841 1455 85 75 right
939 1455 154 75 afcenfion
1110 1455 63 75 and
1188 1455 57 75 de-

213 1501 152 75 clination
382 1501 44 75 of
441 1501 56 75 the
514 1501 123 75 centres
662 1501 40 75 of
719 1501 57 75 the
798 1501 58 75 fun
880 1501 63 75 and
966 1501 134 75 Venus;
1126 1501 64 75 and
1211 1501 34 75 at

212 1548 58 75 laft
293 1548 101 75 found
410 1548 59 75 the
482 1548 171 75 beginning
678 1548 40 75 of
737 1548 116 75 egrefs,
878 1548 168 75 or-inftant
1063 1548 41 75 of
1119 1548 58 75 the
1193 1548 49 75 in-

213 1594 103 75 ternal
333 1594 125 75 contaCf
475 1594 40 75 of
535 1594 110 75 Venus
669 1594 79 75 with
765 1594 56 75 the
836 1594 84 75 fun’s
937 1594 91 75 limb,
1052 1594 36 75 to
1111 1594 39 75 be
1169 1594 32 75 at
1220 1594 21 75 8

211 1641 100 75 hours
333 1641 41 75 19
392 1641 136 75 minutes
551 1641 23 75 o
597 1641 132 75 feconds
753 1641 151 75 apparent
926 1641 238 75 time.—From
1188 1641 56 75 the

213 1686 154 75 Doctor’s
384 1686 73 75 own
474 1686 230 75 obfervations,
728 1686 63 75 and
806 1686 91 75 thofe
913 1686 107 75 which
1042 1686 86 75 were
1150 1686 95 75 made

212 1732 35 75 at
273 1732 160 75 Shirburn
458 1732 45 75 by
530 1732 135 75 another
691 1732 194 75 gentleman,
909 1732 42 75 he
978 1732 58 75 has
1059 1732 184 75 computed,

211 1779 73 75 that
299 1779 55 75 the
369 1779 93 75 mean
477 1779 78 75 time
572 1779 33 75 at
628 1779 198 75 Greenwich
848 1779 40 75 of
906 1779 56 75 the
985 1779 157 75 ecliptical
1168 1779 77 75 con-

207 1826 148 75 junction
371 1826 42 75 of
431 1826 54 75 the
501 1826 55 75 fun
574 1826 64 75 and
652 1826 112 75 Venus
785 1826 65 75 was
867 1826 33 75 at
925 1826 39 75 51
984 1826 139 75 minutes
1136 1826 44 75 20
1196 1826 47 75 fe-

212 1872 100 75 conds
335 1872 83 75 after
438 1872 17 75 5
481 1872 127 75 o’clock
623 1872 32 75 in
671 1872 57 75 the
752 1872 167 75 morning;
946 1872 69 75 that
1031 1872 55 75 the
1103 1872 89 75 place
1208 1872 41 75 of

212 1918 57 75 the
285 1918 58 75 fun
359 1918 62 75 and
443 1918 113 75 Venus
579 1918 66 75 was
670 1918 133 75 Gemini
823 1918 38 75 15
861 1900 25 49 0
907 1918 55 75 36'
981 1918 41 75 33
1022 1900 24 49 w
1046 1918 19 75 ;
1091 1918 71 75 that
1186 1918 56 75 the

211 1964 185 75 geocentric
416 1964 136 75 latitude
576 1964 40 75 of
633 1964 112 75 Venus
768 1964 64 75 was
857 1964 23 75 o
880 1946 11 49 r
903 1964 104 75 44".9
1029 1964 214 75 fouth,—her

213 2010 121 75 horary
358 2010 122 75 motion
505 2010 85 75 from
605 2010 57 75 the
682 2010 56 75 fun
765 2010 33 75 3'
810 2010 16 75 5
834 2010 53 75 7”.
895 2010 37 75 13
958 2010 198 75 retrograde,
1181 2010 64 75 and

210 2056 59 75 the
285 2056 94 75 angle
392 2056 78 75 then
481 2056 125 75 formed
623 2056 43 75 by
677 2056 56 75 the
749 2056 72 75 axis
838 2056 40 75 of
888 2056 56 75 the
960 2056 135 75 equator
1112 2056 63 75 and
1186 2056 56 75 the

211 2103 74 75 axis
302 2103 39 75 of
360 2103 56 75 the
438 2103 128 75 ecliptic
582 2103 67 75 was
672 2103 44 75 6°
736 2103 33 75 9*
786 2103 79 75 34",
889 2103 180 75 decreafing
1084 2103 118 75 hourly
1221 2103 15 75 1

212 2149 122 75 minute
349 2149 42 75 of
409 2149 18 75 a
442 2149 230 75 degree.—By
688 2149 55 75 the
754 2149 93 75 mean
863 2149 42 75 of
921 2149 92 75 three
1028 2149 88 75 good
1134 2149 106 75 obfer-

213 2196 137 75 vations,
377 2196 55 75 the
444 2196 155 75 diameter
614 2196 41 75 of
673 2196 112 75 Venus
801 2196 41 75 on
858 2196 56 75 the
928 2196 57 75 fun
1001 2196 65 75 was
1086 2196 42 75 58
1128 2178 13 49 /
1141 2196 23 75 \

261 2240 59 75 Mr
338 2240 99 75 Short
459 2240 94 75 made
577 2240 51 75 his
649 2240 218 75 obfervations
891 2240 33 75 at
950 2240 234 75 Savile-houfe,
1207 2240 33 75 in

213 2286 156 75 London,
394 2286 45 75 30
461 2286 135 75 feconds
621 2286 32 75 in
670 2286 77 75 time
769 2286 75 75 weft
867 2286 85 75 from
975 2286 209 75 Greenwich,
1208 2286 34 75 in

212 2333 149 75 prefence
377 2333 40 75 of
426 2333 51 75 his
488 2333 90 75 royal
594 2333 148 75 highnefs
759 2333 56 75 the
831 2333 86 75 duke
932 2333 40 75 of
986 2333 106 75 York,
1116 2333 126 75 accom-

213 2380 115 75 panied
355 2380 42 75 by
420 2380 84 75 their
519 2380 91 75 royal
626 2380 176 75 highnefles
823 2380 109 75 prince
947 2380 162 75 William,
1133 2380 109 75 prince

213 2425 128 75 Henry,
367 2425 62 75 and
456 2425 107 75 prince
588 2425 289 75 Frederick.—He
900 2425 65 75 firft
986 2425 64 75 faw
1070 2425 112 75 Venus
1199 2425 43 75 on

213 2474 56 75 the
285 2474 69 75 fun,
370 2474 140 75 through
526 2474 100 75 flying
642 2474 124 75 clouds,
785 2474 33 75 at
835 2474 44 75 46
896 2474 137 75 minutes
1052 2474 42 75 37
1111 2474 131 75 feconds

211 2519 88 75 after
318 2519 16 75 5
354 2519 146 75 o’clock;
527 2519 63 75 and
606 2519 32 75 at
655 2519 21 75 6
699 2519 98 75 hours
818 2519 39 75 15
876 2519 136 75 minutes
1044 2519 40 75 12
1110 2519 131 75 feconds

213 2566 42 75 he
272 2566 162 75 meafured
457 2566 61 75 the
536 2566 156 75 diameter
714 2566 40 75 of
772 2566 111 75 Venus
903 2566 217 75 59".8.:—He
1142 2566 99 75 after-

214 2612 89 75 ward
319 2612 102 75 found
436 2612 26 75 it
477 2612 35 75 to
528 2612 39 75 be
586 2612 114 75 5%".9,
724 2612 93 75 when
839 2612 57 75 the
919 2612 56 75 Iky
999 2612 65 75 was
1089 2612 91 75 more
1192 2612 48 75 fa-

214 2659 307 75 vourable.—And,
546 2659 142 75 through
710 2659 18 75 a
751 2659 161 75 reflecting
935 2659 156 75 telefcope
1111 2659 45 75 -of
1174 2659 67 75 two

214 2704 67 75 feet
297 2704 103 75 focus,
424 2704 199 75 magnifying
642 2704 67 75 140
725 2704 107 75 times,
855 2704 41 75 he
916 2704 101 75 found
1033 2704 55 75 the
1103 2704 137 75 internal

215 2751 124 75 contaCt
355 2751 41 75 of
412 2751 112 75 Venus
536 2751 78 75 with
626 2751 55 75 the
697 2751 84 75 fun’s
795 2751 80 75 limb
886 2751 35 75 to
937 2751 39 75 be
993 2751 34 75 at
1042 2751 20 75 8
1080 2751 99 75 hours
1199 2751 40 75 18

215 2798 137 75 minutes
366 2798 17 75 2
392 2798 42 75 It
444 2798 143 75 feconds,
613 2798 153 75 apparent
780 2798 98 75 time;
905 2798 107 75 which
1035 2798 95 75 being
1145 2798 94 75 redu-

214 2844 61 75 ced
290 2844 37 75 to
343 2844 55 75 the
414 2844 152 75 apparent
580 2844 78 75 time
674 2844 33 75 at
718 2844 209 75 Greenwich,
950 2844 66 75 was
1042 2844 19 75 8
1079 2844 99 75 hours
1198 2844 41 75 18

216 2890 141 75 minutes
372 2890 68 75 51^
455 2890 155 75 feconds;
632 2890 36 75 fo
683 2890 71 75 that
769 2890 50 75 his
836 2890 78 75 time
930 2890 41 75 of
981 2890 107 75 feeing
1096 2890 56 75 the
1164 2890 76 75 con-

217 2935 64 75 tact
293 2935 63 75 was
369 2935 45 75 8t
425 2935 131 75 feconds
568 2935 112 75 fooner
698 2935 47 75 (in
763 2935 141 75 abfolute
921 2935 93 75 time)
1027 2935 78 75 than
1120 2935 55 75 the
1192 2935 48 75 in-

214 2980 81 75 ftant
308 2980 39 75 of
365 2980 41 75 its
424 2980 94 75 being
533 2980 73 75 feen
622 2980 32 75 at
671 2980 206 75 Greenwich.

260 3029 116 75 MdTrs
391 3029 139 75 Ellicott
540 3029 65 75 and
615 3029 148 75 Dollond
778 3029 153 75 obfexved
942 3029 55 75 the
1014 3029 135 75 internal
1164 3029 77 75 con-

1335 175 44 75 N
1457 175 40 75 O
1575 175 51 75 M
1703 175 52 75 Y.

1285 243 64 75 taCt
1364 243 35 75 at
1413 243 180 75 Hackney;
1620 243 64 75 and
1698 243 86 75 their
1799 243 79 75 time
1893 243 40 75 of
1943 243 108 75 feeing
2061 243 40 75 it,
2126 243 141 75 reduced
2282 243 37 75 to

1288 289 56 75 the
1360 289 77 75 time
1454 289 33 75 at
1502 289 211 75 Greenwich,
1736 289 66 75 was
1819 289 33 75 at
1875 289 20 75 8
1920 289 98 75 hours
2048 289 39 75 18
2113 289 138 75 minutes
2279 289 44 75 56

1289 336 146 75 feconds,
1459 336 107 75 which
1590 336 66 75 was
1682 336 22 75 4
1727 336 135 75 feconds
1884 336 115 75 fooner
2021 336 35 75 in
2079 336 143 75 abfolute
2246 336 79 75 time

1292 382 77 75 than
1381 382 56 75 the
1453 382 126 75 coptaCt
1590 382 65 75 was
1671 382 73 75 feen
1759 382 34 75 at
1808 382 209 75 Greenwich.

1339 429 58 75 Mr
1420 429 143 75 Canton’
1575 429 33 75 in
1633 429 274 75 Spittle-Square,
1933 429 152 75 London,
2112 429 33 75 4'
2165 429 64 75 11"
2252 429 74 75 weft

1293 476 39 75 of
1352 476 211 75 Greenwich,
1591 476 112 75 (equal
1718 476 35 75 to
1774 476 41 75 16
1833 476 132 75 feconds
1982 476 45 75 44
2043 476 107 75 thirds
2165 476 41 75 of
2217 476 108 75 time),

1293 523 165 75 meafured
1481 523 54 75 the
1558 523 85 75 fun’s
1659 523 156 75 diameter
1832 523 54 75 31'
1905 523 64 75 33"
1987 523 44 75 24
2031 505 32 49 /,/
2063 523 13 75 ,
2101 523 63 75 and
2186 523 56 75 the
2258 523 68 75 dia-

1292 569 101 75 meter
1409 569 41 75 of
1469 569 112 75 Venus
1605 569 42 75 on
1670 569 57 75 the
1749 569 59 75 fun
1833 569 84 75 58^;
1945 569 75 75 and,
2045 569 44 75 by
2111 569 214 75 obfervation,

1292 616 102 75 found
1410 616 55 75 the
1481 616 153 75 apparent
1649 616 79 75 time
1742 616 40 75 of
1793 616 56 75 the
1865 616 136 75 internal
2013 616 126 75 contaCl
2154 616 40 75 of
2212 616 113 75 Venus

1293 661 77 75 with
1388 661 57 75 the!
1459 661 84 75 fun’s
1560 661 78 75 limb
1653 661 35 75 to
1710 661 40 75 be
1767 661 33 75 at
1817 661 20 75 8
1860 661 99 75 hours
1989 661 40 75 18
2055 661 136 75 minutes
2216 661 40 75 41
2277 661 50 75 fe-

1293 708 98 75 conds
1405 708 11 75 ;
1442 708 121 75 which,
1588 708 43 75 by
1647 708 176 75 reduction,
1848 708 65 75 was
1936 708 78 75 only
2031 708 45 75 2-f
2091 708 131 75 feconds
2238 708 90 75 fliort

1294 755 41 75 of
1353 755 56 75 the
1425 755 78 75 time
1520 755 32 75 at
1568 755 57 75 the
1636 755 108 75 Royal
1761 755 220 75 Obfervatory
1997 755 33 75 at
2045 755 210 75 Greenwich.

1341 802 76 75 The
1434 802 172 75 Reverend
1621 802 60 75 Mr
1702 802 146 75 Richard
1871 802 155 75 Haydon,
2051 802 32 75 at
2108 802 162 75 Leflceard
2291 802 36 75 in

1294 849 177 75 Cornwall,
1499 849 62 75 (16
1586 849 138 75 minutes
1753 849 42 75 10
1818 849 132 75 feconds
1978 849 31 75 in
2033 849 77 75 time
2138 849 74 75 weft
2239 849 87 75 from

1293 895 153 75 London,
1471 895 35 75 as
1521 895 101 75 ftated
1645 895 43 75 by
1713 895 54 75 Dr
1791 895 129 75 Bevis),
1943 895 154 75 obferved
2116 895 54 75 the
2186 895 139 75 internal

1294 941 124 75 contact
1433 941 36 75 to
1484 941 41 75 be
1542 941 33 75 at
1599 941 21 75 8
1644 941 99 75 hours
1766 941 24 75 o
1807 941 137 75 minutes
1970 941 45 75 20
2031 941 145 75 feconds,
2201 941 123 75 which,

1293 988 43 75 by
1359 988 178 75 reduction,
1569 988 66 75 was
1660 988 21 75 8
1705 988 99 75 hours
1834 988 40 75 16
1899 988 137 75 minutes
2063 988 44 75 30
2133 988 132 75 feconds
2291 988 34 75 at

1293 1034 218 75 Greenwich;
1538 1034 127 75 fo'that
1687 1034 42 75 he
1752 1034 81 75 muft
1848 1034 83 75 have
1944 1034 72 75 feen
2039 1034 28 75 it
2085 1034 18 75 2
2122 1034 137 75 minutes
2279 1034 45 75 30

1292 1082 131 75 feconds
1438 1082 113 75 fooner
1566 1082 33 75 in
1615 1082 143 75 abfolute
1769 1082 78 75 time
1859 1082 76 75 than
1947 1082 26 75 it
1985 1082 65 75 was
2067 1082 71 75 feen
2151 1082 32 75 at
2196 1082 127 75 Green-

1292 1128 84 75 wich
1387 1128 80 75 ;—a
1482 1128 173 75 difference
1670 1128 44 75 by
1729 1128 97 75 much
1841 1128 58 75 too
1913 1128 91 75 great
2027 1128 36 75 to
2086 1128 40 75 be
2142 1128 185 75 occafioned

1293 1173 44 75 by
1352 1173 56 75 the
1423 1173 172 75 difference
1612 1173 40 75 of
1671 1173 191 75 parallaxes.
1911 1173 68 75 But
1994 1173 43 75 by
2049 1173 19 75 a
2083 1173 243 75 memorandum

1294 1219 39 75 of
1352 1219 59 75 Mr
1426 1219 167 75 Hayden’s
1610 1219 86 75 fome
1714 1219 91 75 years
1830 1219 124 75 before,
1978 1219 27 75 it
2031 1219 129 75 appears
2187 1219 70 75 that
2281 1219 45 75 he

1293 1266 75 75 then
1385 1266 152 75 fuppofed
1559 1266 51 75 his
1626 1266 75 75 weft
1720 1266 166 75 longitude
1902 1266 36 75 to
1953 1266 41 75 be
2010 1266 75 75 near
2103 1266 66 75 two
2185 1266 139 75 minutes

1293 1312 109 75 more;
1428 1312 106 75 which
1550 1312 108 75 brings
1676 1312 50 75 his
1742 1312 77 75 time
1835 1312 36 75 to
1895 1312 94 75 agree
2005 1312 111 75 within
2133 1312 77 75 half
2228 1312 18 75 a
2262 1312 60 75 mi-

1293 1359 76 75 nute
1385 1359 40 75 of
1444 1359 54 75 the
1514 1359 77 75 time
1608 1359 33 75 at
1657 1359 218 75 Greenwich;
1900 1359 37 75 to
1954 1359 106 75 which
2075 1359 55 75 the
2142 1359 182 75 parallaxes

1293 1406 66 75 will
1371 1406 79 75 very
1465 1406 112 75 nearly
1592 1406 133 75 anfwer.

1339 1452 48 75 At
1413 1452 192 75 Stockholm
1627 1452 230 75 Obfervatory,
1881 1452 136 75 latitude
2036 1452 44 75 59
2080 1434 18 49 0
2117 1452 47 75 2o'
2164 1452 34 75 4-
2212 1452 110 75 north,

1293 1498 63 75 and
1371 1498 167 75 longitude
1559 1498 12 75 1
1593 1498 84 75 hour
1697 1498 38 75 12
1754 1498 137 75 minutes
1915 1498 63 75 eaft
2002 1498 85 75 from
2111 1498 211 75 Greenwich,

1292 1545 57 75 the
1361 1545 105 75 whole
1478 1545 41 75 of
1529 1545 57 75 the
1601 1545 109 75 tranfit
1726 1545 65 75 was
1809 1545 125 75 vifible:
1960 1545 56 75 the
2032 1545 211 75 totalingrefs
2256 1545 68 75 was

1292 1592 152 75 obferved
1461 1592 42 75 by
1514 1592 59 75 Mr
1589 1592 194 75 Wargentin
1800 1592 36 75 to
1852 1592 39 75 be
1908 1592 32 75 at
1959 1592 18 75 3
1995 1592 98 75 hours
2119 1592 43 75 39
2184 1592 140 75 minutes

1295 1640 42 75 23
1355 1640 132 75 feconds
1503 1640 33 75 in
1551 1640 56 75 the
1630 1640 158 75 morning,
1813 1640 63 75 and
1900 1640 55 75 the
1972 1640 172 75 beginning
2160 1640 39 75 of
2217 1640 105 75 egrefs

1293 1684 32 75 at
1342 1684 21 75 9
1374 1684 105 75 hours
1497 1684 43 75 30
1560 1684 136 75 minutes
1717 1684 19 75 8
1755 1684 131 75 feconds
1901 1684 9 75 ;
1934 1684 34 75 fo
1980 1684 70 75 that
2068 1684 56 75 the
2141 1684 105 75 whole
2261 1684 61 75 du-

1293 1733 104 75 ration
1417 1733 143 75 between
1576 1733 56 75 the
1647 1733 67 75 two
1729 1733 136 75 internal
1885 1733 153 75 contacts,
2062 1733 34 75 as
2111 1733 72 75 feen
2201 1733 33 75 at
2251 1733 72 75 that

1292 1778 103 75 place,
1420 1778 66 75 was
1505 1778 17 75 5
1541 1778 98 75 hours
1659 1778 44 75 50
1719 1778 136 75 minutes
1873 1778 43 75 45
1931 1778 143 75 feconds.
2093 1778 13 75 *

1339 1823 49 75 At
1403 1823 135 75 Torneo
1553 1823 32 75 in
1598 1823 162 75 Lapland,
1781 1823 34 75 (1
1830 1823 81 75 hour
1923 1823 45 75 27
1980 1823 137 75 minutes
2130 1823 42 75 28
2189 1823 135 75 feconds

1293 1870 62 75 eaft
1371 1870 41 75 of
1420 1870 123 75 Paris),
1568 1870 59 75 Mr
1644 1870 146 75 Hellant,
1816 1870 74 75 who
1905 1870 27 75 is
1945 1870 154 75 efteemed
2112 1870 19 75 a
2145 1870 78 75 very
2235 1870 88 75 good

1292 1916 159 75 obferver,
1476 1916 101 75 found
1593 1916 55 75 the
1663 1916 83 75 total
1757 1916 120 75 iogrefs
1894 1916 34 75 to
1945 1916 38 75 be
2000 1916 34 75 at
2057 1916 22 75 4
2094 1916 99 75 hours
2218 1916 17 75 3
2261 1916 60 75 mi-

1291 1963 91 75 nutes
1409 1963 42 75 59
1467 1963 144 75 feconds,
1637 1963 61 75 and
1715 1963 56 75 the
1797 1963 169 75 beginning
1989 1963 42 75 of
2048 1963 104 75 egrefs
2177 1963 36 75 to
2233 1963 39 75 be
2298 1963 24 75 9

1289 2009 99 75 hours
1408 2009 43 75 54
1466 2009 138 75 minutes
1621 2009 19 75 8
1658 2009 240 75 feconds.^—So
1922 2009 70 75 that
2016 2009 57 75 the
2096 2009 103 75 whole
2223 2009 97 75 dura-

1291 2055 67 75 tion
1380 2055 143 75 between
1540 2055 54 75 the
1611 2055 66 75 two
1692 2055 136 75 internal
1851 2055 139 75 contacts
2016 2055 66 75 was
2108 2055 17 75 5
2152 2055 99 75 hours
2275 2055 47 75 50

1291 2102 137 75 minutes
1446 2102 21 75 9
1483 2102 144 75 feconds.

1337 2148 48 75 At
1402 2148 188 75 Hernofand
1605 2148 33 75 in
1656 2148 150 75 Sweden,
1825 2148 152 75 (latitude
1994 2148 44 75 6°
2059 2148 56 75 38'
2130 2148 109 75 north,
2257 2148 64 75 and

1289 2195 166 75 longitude
1477 2195 11 75 1
1509 2195 83 75 hour
1617 2195 19 75 2
1666 2195 136 75 minutes
1832 2195 38 75 12
1895 2195 132 75 feconds
2049 2195 63 75 eaft
2139 2195 40 75 of
2196 2195 125 75 Paris),

1290 2241 58 75 Mr
1364 2241 110 75 Qifter
1490 2241 154 75 obferved
1658 2241 56 75 the
1730 2241 81 75 total
1830 2241 119 75 ingrefs
1968 2241 36 75 to
2019 2241 40 75 be
2075 2241 34 75 at
2126 2241 18 75 3
2158 2241 98 75 hours
2275 2241 47 75 38

1291 2288 135 75 minutes
1443 2288 45 75 26
1504 2288 153 75 feconds;
1676 2288 63 75 and
1754 2288 57 75 the
1824 2288 171 75 beginning
2011 2288 40 75 of
2062 2288 104 75 egrefs
2183 2288 34 75 to
2234 2288 39 75 be
2286 2288 35 75 at

1292 2335 20 75 9
1329 2335 98 75 hours
1446 2335 44 75 29
1514 2335 137 75 minutes
1668 2335 40 75 21
1728 2335 260 75 feconds;—the
2004 2335 150 75 duration
2174 2335 146 75 between

1291 2381 87 75 thefe
1387 2381 66 75 two
1464 2381 138 75 internal
1613 2381 139 75 contacts
1767 2381 17 75 5
1798 2381 99 75 hours
1914 2381 43 75 50
1968 2381 136 75 minutes
2121 2381 42 75 56
2174 2381 145 75 feconds.

1338 2428 57 75 Mr
1412 2428 54 75 De
1482 2428 53 75 La
1550 2428 126 75 Lande,
1702 2428 33 75 at
1758 2428 106 75 Paris,
1888 2428 154 75 obferved
2066 2428 57 75 the
2145 2428 174 75 beginning

1292 2475 40 75 of
1349 2475 104 75 egrefs
1469 2475 35 75 to
1527 2475 39 75 be
1583 2475 34 75 at
1633 2475 19 75 8
1670 2475 97 75 hours
1786 2475 42 75 28
1846 2475 139 75 minutes
2007 2475 45 75 26
2074 2475 132 75 feeonds
2223 2475 95 75 appa-

1292 2521 69 75 rent
1382 2521 208 75 time.—But
1605 2521 58 75 Mr
1680 2521 121 75 Ferner
1819 2521 91 75 (who
1926 2521 64 75 was
2007 2521 78 75 then
2101 2521 33 75 at
2150 2521 167 75 Conflans,

1295 2569 84 75 14%
1394 2569 74 75 weft
1483 2569 41 75 of
1541 2569 55 75 the
1613 2569 88 75 Roy;
1701 2551 5 49 1
1706 2569 16 75 !
1748 2569 218 75 Obfervatory
1981 2569 33 75 at
2038 2569 107 75 Paris)
2162 2569 157 75 obferved

1290 2614 55 75 the
1361 2614 171 75 beginning
1546 2614 44 75 of
1604 2614 104 75 egrefs
1724 2614 36 75 to
1781 2614 41 75 be
1839 2614 32 75 at
1889 2614 19 75 8
1926 2614 99 75 hours
2049 2614 43 75 28
2117 2614 136 75 minutes
2271 2614 47 75 29

1289 2660 131 75 feconds
1436 2660 72 75 true
1524 2660 90 75 time.
1662 2660 78 75 The
1754 2660 163 75 equation,
1936 2660 36 75 or
1983 2660 172 75 cjjfference
2171 2660 146 75 between

1290 2707 55 75 the
1362 2707 71 75 true
1449 2707 64 75 and
1528 2707 152 75 apparent
1696 2707 90 75 time,
1810 2707 65 75 was
1898 2707 11 75 1
1931 2707 120 75 minute
2069 2707 42 75 54
2123 2707 196 75 feconds.—

1288 2753 77 75 The
1379 2753 84 75 total
1476 2753 132 75 ingrefs,
1630 2753 96 75 being
1748 2753 112 75 before
1883 2753 58 75 the
1962 2753 57 75 fun
2041 2753 80 75 rofe,
2147 2753 97 75 could
2259 2753 62 75 not

1289 2801 39 75 be
1344 2801 84 75 feen.

1336 2847 49 75 At
1399 2847 145 75 Tobol(k
1560 2847 32 75 in
1609 2847 136 75 Siberia,
1770 2847 59 75 Mr
1845 2847 133 75 Chappe
1993 2847 153 75 obferved
2162 2847 56 75 the
2234 2847 88 75 total

1289 2893 118 75 ingrefs
1432 2893 35 75 to
1490 2893 44 75 be
1555 2893 34 75 at
1613 2893 21 75 7
1658 2893 97 75 hours
1780 2893 23 75 o
1829 2893 135 75 minutes
1994 2893 43 75 28
2062 2893 131 75 feconds
2209 2893 33 75 in
2259 2893 61 75 the

1289 2939 158 75 morning,
1464 2939 62 75 and
1543 2939 56 75 the
1613 2939 170 75 beginning
1798 2939 41 75 of
1849 2939 104 75 egrefs
1969 2939 35 75 to
2015 2939 39 75 be
2071 2939 34 75 at
2116 2939 45 75 49
2177 2939 142 75 minutes

1290 2992 69 75 20t
1379 2992 132 75 feconds
1534 2992 88 75 after
1639 2992 38 75 12
1691 2992 33 75 at
1739 2992 195 75 noon.—So
1949 2992 72 75 that
2036 2992 56 75 the
2102 2992 105 75 whole
2218 2992 99 75 dura-

1289 3037 68 75 tion
1373 3037 39 75 of
1431 3037 59 75 the
1502 3037 110 75 tranfit
1634 3037 145 75 between
1801 3037 56 75 the
1878 3037 138 75 internal
2038 3037 141 75 contacts
2201 3037 67 75 was
2292 3037 22 75 5

2214 3076 102 75 hours
