2428 3377
171 163 78 75 152

716 163 43 75 A
873 163 43 75 N
1035 163 41 75 A
1192 163 28 75 1

167 233 100 75 fides;
293 233 109 75 the'os
418 233 145 75 occipitis
581 233 108 75 malces
705 233 56 75 the
778 233 106 75 whole
899 233 215 75 hinder-part,
1140 233 62 75 and

166 279 90 75 ibme
273 279 40 75 of
332 279 54 75 the
398 279 73 75 bafe
482 253 8 104 ■
519 279 54 75 the
585 279 36 75 ps
637 279 179 75 ethmoides
833 279 26 75 is
876 279 111 75 placed
1003 279 32 75 in
1048 279 54 75 the
1115 279 84 75 fore-

168 325 74 75 part
253 325 40 75 of
312 325 55 75 the
383 325 72 75 bafe
468 325 10 75 ;
506 325 60 75 and
584 325 55 75 the
656 325 36 75 os
712 325 186 75 fphenoides
919 325 26 75 is
961 325 33 75 in
1011 325 54 75 the
1082 325 120 75 middle

167 371 46 75 •of
231 371 39 75 it.

217 418 109 75 Thefe
342 418 98 75 bones
458 418 52 75 are
531 418 112 75 joined
657 418 36 75 to
710 418 76 75 each
810 418 93 75 other
919 418 43 75 by
979 418 61 75 five
1057 418 121 75 futures
1191 418 10 75 ;

168 464 58 75 the
238 464 106 75 names
362 464 40 75 of
412 464 107 75 which
535 464 65 75 ate,
625 464 56 75 tlte
697 464 141 75 coronal,
862 464 178 75 iambdoid,
1065 464 139 75 fagittal,

168 509 67 75 and
247 509 65 75 two
328 509 183 75 fquamous.

217 556 77 75 The
311 556 129 75 coronal
456 556 105 75 future
585 556 28 75 is
638 556 163 75 extended
823 556 90 75 over,
923 556 56 75 the
1002 556 94 75 head,
1121 556 85 75 from

169 604 116 75 within
302 604 38 75 an
356 604 73 75 inch
445 604 38 75 or
498 604 33 75 fo
554 604 41 75 of
613 604 56 75 the
683 604 148 75 external
849 604 132 75 canthus
998 604 39 75 of
1056 604 62 75 one
1133 604 71 75 eye,

171 649 35 75 to
222 649 56 75 the
294 649 65 75 like
383 649 137 75 diftance
544 649 86 75 from
654 649 199 75 the.other;
880 649 106 75 which
1010 649 95 75 being
1130 649 75 75 near

171 696 55 75 the
242 696 89 75 place
348 696 106 75 where
471 696 55 75 the
544 696 140 75 ancients
697 696 86 75 wore
799 696 85 75 their
895 696 101 75 vittse,
1015 696 135 75 coronas,
1168 696 39 75 or

169 743 165 75 garlands,
360 743 63 75 this
440 743 108 75 future
564 743 56 75 has
637 743 100 75 hence
761 743 56 75 got
839 743 42 75 its
906 743 298 75 name.—-Though

169 789 56 75 the
249 789 214 75 indentations
480 789 40 75 of
537 789 65 75 this
619 789 105 75 future
742 789 53 75 are
818 789 205 75 confpicuous
1040 789 31 75 in
1088 789 40 75 its
1146 789 58 75 up-

170 835 57 75 per
243 835 83 75 part,
352 835 54 75 yet
419 835 39 75 an
474 835 74 75 inch
563 835 40 75 or
618 835 88 75 more
720 835 40 75 of
776 835 42 75 its
835 835 64 75 end
918 835 39 75 on
975 835 79 75 each
1071 835 64 75 fide
1146 835 57 75 has

171 881 82 75 none
271 881 40 75 of
329 881 88 75 them
433 881 10 75 ;
470 881 51 75 for
538 881 26 75 it
581 881 25 75 is
624 881 169 75 fquamous
810 881 62 75 and
888 881 125 75 fmooth
1030 881 103 75 there.

172 929 6 75 -
216 929 78 75 The
316 929 195 75 lamb’doidal
534 929 106 75 future
664 929 110 75 begins
797 929 85 75 fome
906 929 72 75 way
1000 929 116 75 below,
1142 929 63 75 and

169 974 125 75 farther
322 974 82 75 back
430 974 78 75 than
537 974 54 75 the
619 974 113 75 vertex
760 974 37 75 or
830 974 108 75 crown
965 974 39 75 of
1029 974 56 75 the
1108 974 95 75 head,

170 1022 130 75 whence
316 1022 41 75 its
370 1022 68 75 two
456 1022 67 75 legs
541 1022 62 75 are
623 1022 158 75 ftretched
802 1022 166 75 obliquely
990 1022 214 75 downwards,

171 1068 63 75 and
250 1068 35 75 to
303 1068 77 75 each
392 1068 76 75 fide,
493 1068 31 75 in
537 1068 56 75 the
613 1068 85 75 form
714 1068 39 75 of
772 1068 55 75 the
845 1068 113 75 Greek
973 1068 97 75 letter
1085 1068 31 75 a,
1144 1068 62 75 and

172 1115 54 75 are
241 1115 164 75 generally
416 1115 65 75 faid
497 1115 35 75 to
545 1115 120 75 extend
681 1115 188 75 themfelves
885 1115 34 75 to
936 1115 55 75 the
1004 1115 71 75 bafe
1092 1115 40 75 of
1146 1115 59 75 the

172 1162 94 75 fkull.

216 1208 85 75 This
329 1208 107 75 future
460 1208 27 75 is
512 1208 179 75 fometimes
714 1208 79 75 very
808 1208 167 75 irregular,
1002 1208 95 75 being
1113 1208 92 75 made

167 1253 57 75 up.
238 1253 40 75 of
297 1253 19 75 a
344 1253 90 75 great
461 1253 96 75 many
582 1253 90 75 fmall
699 1253 134 75 futures,
859 1253 106 75 which
992 1253 155 75 furrbund
1170 1253 35 75 fo

170 1300 96 75 many
281 1300 87 75 little
384 1300 99 75 bones
500 1300 71 75 that
587 1300 53 75 are
657 1300 163 75 generally
832 1300 104 75 larger
949 1300 61 75 and
1023 1300 87 75 more
1127 1300 76 75 con-

169 1349 145 75 fpicuous
332 1349 40 75 on
390 1349 55 75 the
462 1349 146 75 external
632 1349 123 75 furface
772 1349 41 75 of
831 1349 62 75 the'
909 1349 79 75 flcull
1005 1349 77 75 than
1105 1349 98 75 inter-

170 1394 100 75 nally.
318 1394 108 75 Thefe
451 1394 98 75 bones
575 1394 53 75 are
652 1394 163 75 generally
839 1394 104 75 called
966 1394 176 75 triquetra,
1168 1394 37 75 or

169 1441 201 75 iVormiana.

215 1487 76 75 The
319 1487 127 75 fagittal
468 1487 111 75 future
603 1487 26 75 is
657 1487 114 75 placed
793 1487 258 75 longitudinally,
1085 1487 32 75 in
1148 1487 55 75 the

169 1534 120 75 middle
304 1534 40 75 of
356 1534 55 75 the
429 1534 97 75 upper
543 1534 70 75 part
626 1534 40 75 of
677 1534 54 75 the
747 1534 93 75 fkull,
866 1534 62 75 and
940 1534 181 75 commonly
1138 1534 65 75 ter-

169 1580 134 75 minates
321 1580 32 75 at
369 1580 55 75 the
441 1580 119 75 middle
576 1580 40 75 of
635 1580 55 75 the
708 1580 141 75 coronal,
874 1580 64 75 and
961 1580 40 75 of
1016 1580 60 75 the
1100 1580 101 75 lamb-

168 1626 78 75 doid
263 1626 142 75 futures;
432 1626 143 75 between
593 1626 104 75 which
714 1626 26 75 it
762 1626 27 75 is
805 1626 68 75 faid
897 1626 35 75 to
955 1626 40 75 be
1018 1626 124 75 placed,
1169 1626 33 75 as

169 1672 40 75 an
233 1672 104 75 arrow
365 1672 26 75 is
419 1672 145 75 between
596 1672 55 75 the
682 1672 97 75 firing
807 1672 62 75 and
898 1672 303 75 bow.—However,

168 1719 64 75 tliis
247 1719 108 75 future
371 1719 26 75 is
414 1719 186 75 frequently
617 1719 171 75 continued
805 1719 141 75 through
962 1719 59 75 the
1035 1719 119 75 middle
1167 1719 40 75 of

169 1765 55 75 the
242 1765 35 75 os
294 1765 128 75 frontis,
446 1765 95 75 down
558 1765 34 75 to
609 1765 55 75 the
681 1765 72 75 root
766 1765 39 75 of
823 1765 56 75 the
896 1765 95 75 nofe;
1018 1765 106 75 which
1137 1765 64 75 oft-

170 1811 75 75 ener
261 1811 139 75 happens
417 1811 31 75 in
465 1811 124 75 women
603 1811 80 75 than
700 1811 85 75 men.

214 1858 76 75 The
307 1858 168 75 fquamous
493 1858 260 75 agglutinations,
777 1858 38 75 or
830 1858 78 75 falfe
923 1858 136 75 futures,
1076 1858 53 75 are
1141 1858 60 75 one

169 1904 41 75 on
228 1904 78 75 each
323 1904 76 75 fide,
424 1904 19 75 a
458 1904 84 75 little
559 1904 100 75 above
676 1904 55 75 the
749 1904 66 75 ear,
841 1904 40 75 of
901 1904 17 75 a
934 1904 213 75 femicircuiar
1163 1904 36 75 fi-

168 1950 90 75 gure,
284 1950 127 75 formed
422 1950 45 75 by
483 1950 55 75 the
554 1950 207 75 overlopping
780 1950 80 75 (like
872 1950 60 75 one
948 1950 80 75 fcale
1044 1950 83 75 upon
1146 1950 54 75 an-

169 1996 110 75 other)
298 1996 39 75 of
355 1996 55 75 the
434 1996 97 75 upper
548 1996 70 75 part
641 1996 40 75 of
700 1996 55 75 the
780 1996 155 75 temporal
951 1996 111 75 bones,
1087 1996 41 75 on
1146 1996 55 75 the

168 2042 99 75 lower
284 2042 71 75 part
372 2042 40 75 of
433 2042 55 75 the
505 2042 145 75 parietal,
675 2042 119 75 where,
819 2042 33 75 in
869 2042 78 75 both
973 2042 112 75 bones,
1110 2042 90 75 there

169 2089 54 75 are
239 2089 18 75 a
271 2089 89 75 great
378 2089 93 75 many
487 2089 90 75 fmall
589 2089 109 75 rifings
710 2089 63 75 and
789 2089 149 75 furrows,
964 2089 106 75 which
1082 2089 53 75 are
1151 2089 49 75 in-

170 2135 118 75 dented
303 2135 67 75 into
389 2135 77 75 each
483 2135 115 75 other;
625 2135 123 75 though
766 2135 86 75 thefe
868 2135 201 75 inequalities
1086 2135 43 75 do
1145 2135 56 75 not

170 2181 116 75 appear
302 2181 50 75 till
370 2181 54 75 the
440 2181 99 75 bones
557 2181 52 75 are
625 2181 165 75 feparated

214 2228 76 75 The
302 2228 99 75 bones
419 2228 39 75 of
478 2228 55 75 the
549 2228 79 75 ficull
645 2228 54 75 are
713 2228 113 75 joined
842 2228 35 75 to
895 2228 87 75 thofe
999 2228 41 75 of
1058 2228 55 75 the
1130 2228 69 75 face

162 2275 51 75 -by
229 2275 208 75 fchyndekfis
461 2275 62 75 and
538 2275 260 75 futures.—The
819 2275 208 75 fchyndelefis
1050 2275 26 75 is
1094 2275 32 75 in
1145 2275 56 75 the

169 2320 150 75 partition
337 2320 40 75 of
395 2320 55 75 the
467 2320 258 75 nofe.—*—The
740 2320 122 75 futures
875 2320 64 75 faid
956 2320 35 75 to
1003 2320 39 75 be
1055 2320 146 75 common

169 2366 35 75 to
228 2366 56 75 the
311 2366 140 75 cranium
476 2366 62 75 and
562 2366 69 75 face
656 2366 53 75 are
736 2366 73 75 five,
838 2366 70 75 viz.
934 2366 55 75 the
1013 2366 188 75 ethmoidal,

169 2416 196 75 fipheneidal,
391 2416 185 75 tranfverfe,
594 2416 62 75 and
672 2416 66 75 two
755 2416 340 75 zygomatic.—Parts
1112 2416 89 75 how-

170 2458 73 75 ever
256 2458 40 75 of
314 2458 88 75 thefe
414 2458 122 75 futures
554 2458 52 75 are
619 2458 32 75 at
669 2458 54 75 the
736 2458 144 75 junction
894 2458 39 75 of
944 2458 76 75 only
1034 2458 57 75 the
1104 2458 98 75 bones

171 2506 40 75 of
230 2506 55 75 the
301 2506 92 75 fkull.

216 2552 75 75 The
314 2552 174 75 ethmoidal
515 2552 62 75 and
607 2552 184 75 fphenoidal
815 2552 123 75 futures
964 2552 157 75 furround
1146 2552 55 75 the

168 2598 98 75 bones
283 2598 40 75 of
341 2598 88 75 thefe
446 2598 127 75 names;
600 2598 62 75 and
677 2598 33 75 in
733 2598 86 75 fotne
843 2598 106 75 places
965 2598 75 75 help
1057 2598 35 75 to
1109 2598 91 75 make

169 2643 43 75 up
237 2643 94 75 other
353 2643 136 75 futures,
512 2643 207 75 particularly
742 2643 55 75 the
820 2643 168 75 fquamous
1013 2643 62 75 and
1099 2643 97 75 trarif-

168 2690 89 75 verfe
269 2690 10 75 ;
307 2690 73 75 and,
406 2690 32 75 in
450 2690 94 75 other
560 2690 99 75 parts,
685 2690 91 75 there
792 2690 26 75 is
836 2690 57 75 but
913 2690 60 75 one
989 2690 107 75 future
1113 2690 86 75 com-

170 2736 74 75 mon
258 2736 34 75 to
305 2736 86 75 thefe
404 2736 64 75 two
485 2736 124 75 bones..

216 2782 75 75 The
307 2782 173 75 tranfverfe
496 2782 107 75 future
619 2782 25 75 is
662 2782 163 75 extended
840 2782 89 75 quite
946 2782 84 75 crofs
1043 2782 55 75 the
1114 2782 84 75 face,

169 2827 84 75 from
270 2827 54 75 the
336 2827 145 75 external
493 2827 133 75 canthus
644 2827 41 75 of.
694 2827 60 75 one
770 2827 98 75 orbit,
893 2827 34 75 to
944 2827 57 75 the
1015 2827 83 75 fame
1110 2827 89 75 place

160 2873 50 75 .of
230 2873 54 75 the
296 2873 104 75 other.

216 2920 76 75 The
315 2920 181 75 zygomatic
522 2920 121 75 futures
667 2920 53 75 are
740 2920 61 75 one
825 2920 41 75 on
891 2920 78 75 each
997 2920 75 75 fide,
1103 2920 94 75 being

171 2965 98 75 fnort,
293 2965 62 75 and
366 2965 132 75 flanting
514 2965 83 75 from
614 2965 100 75 above
730 2965 175 75 obliquely,
923 2965 199 75 downwards
1135 2965 63 75 and

168 3013 200 75 backwards,
393 3013 35 75 to
440 3013 70 75 join
527 3013 153 75 a.procefs
696 3013 40 75 of
747 3013 54 75 the
818 3013 199 75 cheek-bone
1034 3013 34 75 to
1082 3013 63 75 one
1161 3013 42 75 of

1350 157 39 75 O
1508 157 48 75 M
1670 157 51 75 Y,

2126 157 151 75 Parti.

1246 229 54 75 the
1316 229 158 75 temporal
1498 229 113 75 bones,
1635 229 107 75 which
1765 229 154 75 advances
1943 229 140 75 towards
2107 229 56 75 the
2185 229 91 75 face;

1247 275 32 75 fo
1307 275 71 75 that
1403 275 56 75 the
1487 275 66 75 two
1577 275 153 75 proceffes
1755 275 76 75 thus
1858 275 123 75 united,
2006 275 84 75 form
2116 275 19 75 a
2155 275 65 75 fort
2243 275 41 75 of

1247 322 113 75 bridge
1372 322 38 75 or
1421 322 128 75 jugum,
1566 322 102 75 under
1679 322 107 75 which
1798 322 57 75 the
1863 322 157 75 temporal
2032 322 116 75 mufcle
2160 322 115 75 paffies;

1249 368 41 75 on
1308 368 105 75 which
1430 368 136 75 account
1581 368 54 75 the
1648 368 166 75 proceffes,
1832 368 63 75 and
1905 368 123 75 futures
2040 368 125 75 joining
2177 368 101 75 them,

1249 415 80 75 have
1346 415 80 75 been
1442 415 104 75 called
1562 415 188 75 zygomatic.

1296 462 77 75 The
1400 462 191 75 advantages
1618 462 39 75 of
1682 462 55 75 the
1764 462 123 75 futures
1914 462 41 75 of
1978 462 56 75 the
2061 462 142 75 cranium
2226 462 54 75 are

1251 508 106 75 thefe:
1390 508 29 75 1.
1436 508 93 75 That
1541 508 64 75 this
1622 508 125 75 capfula
1758 508 26 75 is
1796 508 89 75 more
1901 508 95 75 eafily
2005 508 126 75 formed
2147 508 63 75 and
2219 508 60 75 ex-

1252 554 117 75 tended
1377 554 68 75 into
1453 554 23 75 a
1486 554 155 75 fpherical
1651 554 111 75 figure,
1779 554 77 75 than
1865 554 30 75 if
1907 554 184 75 ithadbeen
2105 554 59 75 one
2177 554 102 75 conti-

1252 601 84 75 nued
1351 601 94 75 bone.
1484 601 34 75 2.
1535 601 92 75 That
1636 601 55 75 the
1703 601 98 75 bones
1813 601 106 75 which
1932 601 52 75 are
1997 601 32 75 at
2046 601 84 75 fome
2142 601 138 75 difiance

1252 650 83 75 from
1344 650 77 75 each
1433 650 94 75 other
1540 650 32 75 at
1584 650 87 75 birth
1683 650 103 75 might
1798 650 77 75 then
1883 650 100 75 yield,
2002 650 163 75 andallow
2175 650 36 75 to
2223 650 57 75 the

1251 694 83 75 head
1347 694 18 75 a
1377 694 121 75 change
1511 694 39 75 of
1561 694 103 75 fhape,
1683 694 260 75 accommodated
1958 694 35 75 to
2005 694 56 75 the
2073 694 122 75 paffage
2211 694 26 75 it
2253 694 27 75 is

1254 740 143 75 engaged
1413 740 45 75 in.
1506 740 163 75 Whence,
1693 740 32 75 in
1743 740 81 75 hard
1840 740 112 75 labour
1964 740 40 75 of
2022 740 178 75 child-bed,
2225 740 56 75 the

1250 787 98 75 bones
1364 787 39 75 of
1419 787 55 75 the
1491 787 153 75 cranium,
1668 787 120 75 inftead
1799 787 40 75 of
1857 787 96 75 being
1969 787 77 75 only
2057 787 139 75 brought
2212 787 69 75 into

1251 834 136 75 contaft,
1412 834 54 75 are
1482 834 179 75 fometimes
1684 834 92 75 made
1796 834 38 75 to
1850 834 112 75 mount
1978 834 59 75 one
2060 834 83 75 upon
2168 834 54 75 the
2245 834 36 75 o-

1251 880 84 75 ther.
1387 880 33 75 3.
1444 880 93 75 That
1553 880 55 75 the
1625 880 80 75 dura
1719 880 102 75 mater
1837 880 73 75 may
1934 880 39 75 be
1998 880 88 75 more
2110 880 106 75 firmly
2230 880 51 75 fu-

1251 926 137 75 fpended
1408 926 43 75 by
1467 926 40 75 its
1525 926 166 75 procefles,
1715 926 105 75 which
1836 926 151 75 infinuate
2010 926 188 75 themfelves
2214 926 68 75 into

1251 973 64 75 this
1340 973 201 75 conjuniflion
1566 973 40 75 of
1618 973 62 75 -the
1702 973 121 75 bones;
1849 973 52 75 for
1928 973 98 75 doing
2049 973 65 75 this
2138 973 143 75 equally,

1252 1019 62 75 and
1330 1019 107 75 where
1460 1019 56 75 the
1541 1019 134 75 greateft
1697 1019 146 75 neceflity
1864 1019 42 75 of
1924 1019 147 75 adhefion
2086 1019 40 75 is,
2153 1019 55 75 the
2231 1019 51 75 fu-

1253 1066 86 75 tures
1357 1066 52 75 are
1420 1066 146 75 difpofed
1578 1066 32 75 at
1626 1066 111 75 nearly
1752 1066 95 75 equal
1863 1066 165 75 diftances,
2055 1066 62 75 and
2127 1066 56 75 the
2195 1066 87 75 large

1252 1113 168 75 refervoirs
1437 1113 40 75 of
1495 1113 110 75 blood,
1631 1113 55 75 the
1702 1113 126 75 finufes,
1853 1113 54 75 are
1923 1113 101 75 under
2040 1113 37 75 or
2089 1113 75 75 near
2179 1113 102 75 them.

1253 1159 33 75 4.
1311 1159 93 75 That
1419 1159 152 75 fracfiures
1589 1159 102 75 might
1712 1159 40 75 be
1774 1159 173 75 prevented
1970 1159 85 75 from
2077 1159 149 75 reaching
2248 1159 34 75 fo

1250 1205 49 75 far
1315 1205 32 75 as
1366 1205 79 75 they
1456 1205 108 75 would
1576 1205 32 75 in
1620 1205 19 75 a
1650 1205 172 75 continued
1834 1205 86 75 bony
1932 1205 172 75 fubftance.
2141 1205 31 75 5.
2190 1205 92 75 That

1250 1252 55 75 the
1329 1252 184 75 connedion
1537 1252 32 75 at
1594 1252 55 75 the
1674 1252 121 75 futures
1813 1252 95 75 being
1924 1252 129 75 capable
2069 1252 40 75 of
2127 1252 153 75 yielding,

1249 1298 56 75 the
1321 1298 97 75 bones
1436 1298 158 75 might"be
1611 1298 137 75 allowed
1758 1298 35 75 to
1810 1298 159 75 feparate;
1997 1298 106 75 which
2118 1298 58 75 has
2188 1298 95 75 given

1250 1345 90 75 great
1355 1345 97 75 relief
1470 1345 34 75 to
1517 1345 135 75 patients
1669 1345 84 75 from
1776 1345 56 75 the
1847 1345 123 75 violent
1986 1345 173 75 fymptoms
2177 1345 106 75 which

1251 1391 79 75 they
1338 1391 65 75 had
1414 1391 112 75 before
1542 1391 64 75 this
1620 1391 176 75 reparation
1812 1391 177 75 happened.

1300 1438 128 75 Having
1444 1438 82 75 gone
1542 1438 141 75 through
1700 1438 55 75 the
1771 1438 127 75 general
1914 1438 151 75 ftrudure
2082 1438 40 75 of
2141 1438 55 75 the
2213 1438 68 75 cra-

1251 1484 100 75 nium,
1377 1484 48 75 we
1449 1484 73 75 now
1546 1484 137 75 proceed
1698 1484 36 75 to
1749 1484 147 75 examine
1918 1484 78 75 each
2013 1484 81 75 bone
2116 1484 41 75 of
2174 1484 108 75 which

1252 1530 70 75 that
1339 1530 175 75 brain-cafe
1531 1530 148 75 confifts.,

1295 1577 77 75 The
1388 1577 49 75 Os
1453 1577 176 75 Frontis
1653 1577 58 75 has
1729 1577 40 75 its
1786 1577 92 75 name
1893 1577 85 75 from
1992 1577 41 75 its
2046 1577 96 75 being
2157 1577 55 75 the
2224 1577 57 75 on-

1249 1623 35 75 ly
1306 1623 82 75 bone
1405 1623 40 75 of
1459 1623 76 75 that
1558 1623 71 75 part
1653 1623 40 75 of
1711 1623 55 75 the
1790 1623 70 75 face
1884 1623 48 75 we
1955 1623 69 75 calf
2040 1623 54 75 the
2114 1623 166 75 forehead,

1250 1670 123 75 though
1389 1670 27 75 it
1433 1670 129 75 reaches
1581 1670 18 75 a
1614 1670 86 75 good
1716 1670 71 75 deal
1804 1670 139 75 further.
1992 1670 33 75 It
2048 1670 57 75 has
2129 1670 86 75 fome
2232 1670 48 75 re-

1249 1716 176 75 femblance
1448 1716 34 75 in
1505 1716 92 75 finape
1621 1716 35 75 to
1679 1716 57 75 the
1760 1716 76 75 fhell
1859 1716 45 75 of
1918 1716 56 75 the
1998 1716 121 75 concha
2133 1716 146 75 bivalvis,

1249 1763 182 75 commonly
1446 1763 103 75 called
1566 1763 55 75 the
1636 1763 103 75 cockle
1753 1763 9 75 ;
1789 1763 52 75 for
1852 1763 56 75 the
1923 1763 224 75 greatefi-part
2158 1763 40 75 of
2215 1763 26 75 it
2254 1763 25 75 is

1250 1809 124 75 convex
1391 1809 192 75 externally,
1610 1809 63 75 and
1688 1809 137 75 concave
1841 1809 183 75 internally,
2049 1809 79 75 with
2147 1809 19 75 a
2181 1809 100 75 ferra-

1248 1855 57 75 ted
1321 1855 135 75 circular
1479 1855 102 75 edge;
1607 1855 95 75 while
1727 1855 55 75 the
1809 1855 126 75 fmaller
1958 1855 71 75 part
2054 1855 57 75 has
2127 1855 154 75 procelfes

1249 1901 62 75 and
1326 1901 201 75 depreffions,
1552 1901 106 75 which
1670 1901 93 75 make
1779 1901 26 75 it
1822 1901 40 75 of
1880 1901 38 75 an
1930 1901 158 75 trregular
2104 1901 112 75 figure.

1294 1946 76 75 The
1386 1946 146 75 external
1548 1946 122 75 furface
1686 1946 41 75 of
1745 1946 54 75 the
1816 1946 35 75 os
1869 1946 118 75 frontis
2002 1946 26 75 is
2045 1946 126 75 fmooth
2189 1946 32 75 at
2238 1946 41 75 its

1247 1992 99 75 upper
1362 1992 124 75 convex
1502 1992 92 75 part;
1621 1992 57 75 but
1694 1992 117 75 feveral
1830 1992 152 75 procefl’es
1999 1992 62 75 and
2080 1992 130 75 cavities
2226 1992 54 75 are

1248 2039 183 75 obfervable
1445 2039 126 75 below:
1598 2039 64 75 for,
1689 2039 32 75 at
1738 2039 77 75 each
1832 2039 91 75 angle
1940 2039 41 75 of
1998 2039 77 75 each
2101 2039 97 75 orbit,
2224 2039 56 75 the

1248 2085 83 75 bone
1343 2085 84 75 jutts
1443 2085 58 75 out
1524 2085 35 75 to
1575 2085 85 75 form
1679 2085 73 75 four
1771 2085 167 75 proceffes,
1964 2085 65 75 two
2044 2085 149 75 internal,
2219 2085 61 75 and

1250 2132 32 75 as
1299 2132 96 75 many
1412 2132 167 75 external;
1605 2132 120 75 which,
1750 2132 85 75 from
1853 2132 63 75 this
1932 2132 160 75 fituation,
2116 2132 74 75 may
2207 2132 73 75 well

1248 2178 125 75 enough
1398 2178 39 75 be
1462 2178 116 75 named
1600 2178 154 75 angular.
1803 2178 153 75 Between
1978 2178 56 75 the
2056 2178 137 75 internal
2217 2178 63 75 and

1248 2225 144 75 external
1409 2225 132 75 angular
1563 2225 153 75 procefies
1742 2225 40 75 of
1800 2225 173 75 each-fide,
2000 2225 38 75 an
2055 2225 116 75 arched
2188 2225 91 75 ridge

1248 2272 25 75 is
1287 2272 173 75 extended,
1485 2272 42 75 on
1539 2272 106 75 which
1661 2272 56 75 the
1732 2272 181 75 eye-brows
1931 2272 53 75 are
2000 2272 280 75 placed.—Very

1248 2319 84 75 little
1349 2319 99 75 above
1465 2319 55 75 the
1536 2319 135 75 internal
1688 2319 62 75 end
1766 2319 40 75 of
1824 2319 79 75 each
1919 2319 39 75 of
1969 2319 87 75 thefe
2072 2319 207 75 fuperciliary

1247 2365 118 75 ridges,
1391 2365 18 75 a
1424 2365 230 75 protuberance
1670 2365 73 75 may
1758 2365 42 75 be
1815 2365 179 75 remarked,
2019 2365 32 75 in
2073 2365 78 75 moft
2167 2365 109 75 Ikulis,

1248 2411 107 75 where
1371 2411 90 75 there
1473 2411 53 75 are
1542 2411 88 75 large
1651 2411 140 75 cavities,
1817 2411 103 75 called
1931 2411 139 75 Jnuifei,
2096 2411 110 75 within
2222 2411 55 75 the

1248 2457 289 75 bone.—Betwixt
1560 2457 55 75 the
1636 2457 136 75 inteiaial
1801 2457 131 75 angular
1957 2457 165 75 procefles,
2148 2457 18 75 a
2187 2457 90 75 fmall

1248 2503 125 75 procefs
1389 2503 74 75 rifes
1463 2535 16 49 y
1503 2503 104 75 which
1629 2503 100 75 forms
1751 2503 86 75 fome
1857 2503 87 75 Ihare
1967 2503 39 75 of
2025 2503 55 75 the
2104 2503 84 75 nofe,
2214 2503 63 75 and

1247 2549 113 75 thence
1375 2549 27 75 is
1419 2549 114 75 named
1552 2549 150 75 nafil.—
1702 2581 4 49 :
1706 2549 144 75 —vSome
1872 2549 130 75 obferve
2027 2549 17 75 a
2067 2549 210 75 protuberant

1247 2595 70 75 part
1333 2595 42 75 on
1390 2595 57 75 the
1464 2595 80 75 edge
1561 2595 40 75 of
1619 2595 55 75 the
1689 2595 95 75 bone,
1809 2595 120 75 behind
1951 2595 76 75 each
2052 2595 145 75 external
2220 2595 54 75 an-

1247 2642 91 75 gular
1361 2642 138 75 procefs,
1524 2642 106 75 which
1654 2642 77 75 they
1753 2642 61 75 call
1838 2642 158 75 temporal
2016 2642 175 75 prdeeffes;
2217 2642 58 75 but

1246 2688 87 75 thefe
1350 2688 53 75 are
1418 2688 258 75 ineonfiderable.
1772 2688 97 75 From
1886 2688 55 75 the
1955 2688 102 75 under
2072 2688 72 75 part
2160 2688 39 75 of
2218 2688 55 75 the

1245 2734 205 75 fuperciliary
1475 2734 117 75 ridges,
1617 2734 56 75 the
1699 2734 119 75 frontal
1842 2734 81 75 bone
1946 2734 75 75 runs
2044 2734 19 75 a
2086 2734 88 75 great
2201 2734 72 75 way

1246 2781 207 75 backwards;
1480 2781 105 75 which
1604 2781 85 75 parts
1706 2781 72 75 may
1790 2781 97 75 jufily
1904 2781 125 75 enough
2046 2781 38 75 be
2101 2781 102 75 called
2219 2781 52 75 or-

1246 2825 89 75 bitar
1350 2825 165 75 proceffes.
1549 2825 121 75 Thefe,
1688 2825 149 75 contrary
1854 2825 34 75 to
1900 2825 54 75 the
1970 2825 61 75 reff
2046 2825 40 75 of
2095 2825 64 75 this
2175 2825 94 75 bone,

1246 2874 52 75 are
1314 2874 137 75 concave
1472 2874 192 75 externally,
1689 2874 52 75 for
1762 2874 237 75 receiving-the
2023 2874 110 75 globes
2157 2874 40 75 of
2214 2874 56 75 the

1244 2919 86 75 eyes,
1355 2919 78 75 with
1449 2919 85 75 their
1549 2919 144 75 mufcles,
1717 2919 60 75 fat,
1792 2919 75 75 :<bc.
1901 2919 6 75 .

1291 2965 37 75 In
1344 2965 77 75 each
1438 2965 41 75 of
1497 2965 55 75 the
1568 2965 122 75 orbitar
1705 2965 167 75 proceffes,
1895 2965 118 75 behind
2028 2965 56 75 the
2099 2965 120 75 middle
2234 2965 40 75 of

1241 3012 55 75 the
1309 3012 202 75 fuperciliary
1520 3012 117 75 ridges,
1656 3012 19 75 a
1686 3012 211 75 confiderable
1908 3012 184 75 finuofityis
2103 3012 163 75 obferved,

2161 3055 106 75 where
