2396 3377
519 75 40 75 A
619 75 48 75 M
727 75 36 75 B

1054 75 19 75 (
1136 75 15 75 i

156 139 74 75 wife
254 139 105 75 called
382 139 55 75 the
466 139 171 75 perimeter
661 139 41 75 of
728 139 20 75 a
770 139 113 75 figure.
908 139 6 75 '
942 139 63 75 See
1032 139 114 75 Peri-

161 187 145 75 meter.

107 234 238 75 AMBITUS,
382 234 32 75 in
439 234 128 75 Roman
591 234 173 75 antiquity,
802 234 55 75 the
883 234 117 75 fetting
1023 234 42 75 up
1092 234 53 75 for

152 279 87 75 fome
266 279 186 75 magiftraey
476 279 38 75 or
538 279 106 75 office,
669 279 63 75 and
755 279 156 75 formally
926 279 98 75 going
1041 279 105 75 round

152 326 58 75 the
225 326 67 75 city
308 326 35 75 to
360 326 104 75 folicit
477 326 56 75 the
550 326 128 75 intereft
695 326 63 75 and
773 326 92 75 votes
883 326 40 75 of
941 326 57 75 the
1015 326 127 75 people.

151 372 56 75 On
224 372 88 75 thefe
329 372 170 75 occafions,
525 372 26 75 it
567 372 66 75 was
646 372 57 75 not
716 372 77 75 only
808 372 89 75 ufual
915 372 35 75 to
966 372 105 75 folicit
1088 372 56 75 the

150 418 128 75 Uitereft
294 418 41 75 of
353 418 86 75 their
462 418 121 75 friends
608 418 63 75 and
695 418 109 75 others
829 418 79 75 with
934 418 107 75 whom
1066 418 79 75 they

150 465 85 75 were
246 465 181 75 perfonally
443 465 203 75 acquainted,
672 465 59 75 but
754 465 55 75 the
827 465 196 75 candidates,
1049 465 95 75 being

150 511 154 75 attended
319 511 45 75 by
375 511 128 75 perfons
520 511 40 75 of
579 511 39 75 an
629 511 161 75 extenfive
803 511 240 75 acquaintance,
1068 511 76 75 who

150 558 164 75 fuggefted
331 558 35 75 to
379 558 88 75 them
479 558 55 75 the
546 558 106 75 names
665 558 41 75 of
717 558 54 75 the
784 558 147 75 citizens,
950 558 62 75 and
1029 558 114 75 thence

150 605 105 75 called
280 605 264 75 nomenclatores,
569 605 37 75 or
627 605 206 75 interpretes,
856 605 93 75 made
977 605 85 75 their
1087 605 54 75 ap-

149 652 152 75 plication
318 652 36 75 to
375 652 45 75 all
443 652 80 75 they
538 652 79 75 met.
666 652 85 75 This
776 652 134 75 method
926 652 40 75 of
984 652 90 75 fuing
1090 652 53 75 for

150 698 107 75 offices
274 698 65 75 was
356 698 135 75 deemed
503 698 179 75 allowable,
701 698 63 75 and
779 698 163 75 therefore
954 698 96 75 never
1066 698 75 75 pro-

150 745 125 75 hibited
299 745 44 75 by
367 745 82 75 law;
481 745 59 75 but
562 745 35 75 to
621 745 130 75 redrain
775 745 43 75 all
841 745 107 75 undue
973 745 166 75 influence,

150 792 146 75 whether
313 792 44 75 by
371 792 144 75 bribery,
541 792 38 75 or
594 792 188 75 exhibiting,
795 792 120 75 games,
940 792 113 75 fhews,
1079 792 64 75 and

151 838 55 75 the
222 838 77 75 like,
317 838 94 75 many
427 838 79 75 laws
524 838 85 75 were
625 838 143 75 enadted,
787 838 63 75 and
859 838 109 75 fevere
984 838 78 75 fines
1079 838 60 75 im-

150 885 109 75 pofed.

105 932 187 75 AMBLE,
317 932 32 75 in
373 932 245 75 horfemanffiip,
653 932 19 75 a
698 932 142 75 peculiar
862 932 78 75 pace
964 932 45 75 by
1033 932 107 75 which

152 978 18 75 a
185 978 120 75 horfe’s
323 978 65 75 two
403 978 70 75 legs
489 978 40 75 of
549 978 55 75 the
620 978 83 75 fame
726 978 64 75 fide
812 978 93 75 move
921 978 34 75 at
978 978 56 75 the
1056 978 84 75 fame

152 1026 90 75 time.

107 1072 349 75 AMBLETEUSE,
494 1072 19 75 a
543 1072 89 75 fmall
656 1072 245 75 fea-port-town
934 1072 42 75 of
1001 1072 141 75 Picardy

151 1118 32 75 in
209 1118 135 75 France,
369 1118 137 75 fituated
532 1118 98 75 about
655 1118 61 75 five
740 1118 91 75 miles
859 1118 98 75 north
986 1118 40 75 of
1049 1118 89 75 Bou-

153 1165 106 75 logne.

104 1213 294 75 AMBLYGON,
423 1213 32 75 in
472 1213 178 75 geometry,
676 1213 132 75 denotes
826 1213 40 75 an
889 1213 111 75 obtufe
1024 1213 114 75 angled

141 1260 160 75 triangle,
333 1260 38 75 or
396 1260 20 75 a
441 1260 136 75 triangle
602 1260 60 75 one
687 1260 39 75 of
746 1260 106 75 whofe
877 1260 109 75 angles
1015 1260 124 75 confifts

152 1305 40 75 of
210 1305 89 75 more
314 1305 78 75 than
408 1305 109 75 ninety
532 1305 146 75 degrees.

105 1351 281 75 AMBLYOPY.
437 1351 61 75 See
514 1351 146 75 Gutta
682 1351 166 75 Serena.

106 1399 154 75 AMBO,
285 1399 38 75 or
347 1399 154 75 Ambon,
526 1399 33 75 in
584 1399 216 75 ecclefiaftical
827 1399 172 75 antiquity,
1026 1399 18 75 a
1059 1399 81 75 kind

153 1445 40 75 of
204 1445 102 75 pulpit
322 1445 38 75 or
370 1445 233 75 reading-defk,
620 1445 108 75 where
744 1445 71 75 that
828 1445 72 75 part
915 1445 40 75 of
967 1445 55 75 the
1034 1445 106 75 divine

154 1491 116 75 fervice
287 1491 105 75 called
404 1491 55 75 the
477 1491 133 75 gradual
626 1491 64 75 was
707 1491 196 75 performed.

105 1538 454 75 AMBOHETSMENES,
601 1538 18 75 a
651 1538 149 75 province
827 1538 34 75 in
888 1538 56 75 the
972 1538 99 75 ifland
1104 1538 41 75 of

154 1583 221 75 Madagafcar,
401 1583 76 75 near
489 1583 54 75 the
559 1583 180 75 mountains
756 1583 40 75 of
815 1583 55 75 the
887 1583 82 75 fame
985 1583 106 75 name.

106 1632 269 75 AMBONUM.
426 1632 235 75 SeeOcuLus
678 1632 119 75 Belu

107 1677 242 75 AMBOINA.
400 1677 62 75 See
479 1677 207 75 Amboyna.

107 1723 232 75 AMBOISE,
364 1723 19 75 a
404 1723 88 75 town
516 1723 41 75 of
575 1723 184 75 Orleanois,
789 1723 33 75 in
846 1723 135 75 France,
1006 1723 134 75 fituated

156 1769 40 75 on
222 1769 54 75 the
301 1769 84 75 river
408 1769 113 75 Loire,
547 1769 97 75 about
671 1769 54 75 ten
750 1769 91 75 miles
866 1769 63 75 eaft
956 1769 40 75 of
1013 1769 124 75 Tours,

155 1816 31 75 in
205 1816 40 75 i°
264 1816 44 75 E.
324 1816 91 75 long,
440 1816 63 75 and
521 1816 66 75 47°
608 1816 55 75 25'
679 1816 47 75 N.
744 1816 59 75 lat.

107 1863 255 75 AMBOYNA,
389 1863 38 75 an
445 1863 99 75 ifland
560 1863 40 75 of
611 1863 111 75 theE.
740 1863 122 75 Indies,
887 1863 92 75 lying
994 1863 145 75 between

154 1909 55 75 the
233 1909 154 75 Molucca
407 1909 69 75 ifles
501 1909 64 75 and
588 1909 91 75 thofe
702 1909 41 75 of
760 1909 125 75 Banda,
917 1909 33 75 in
978 1909 98 75 126°.
1091 1909 46 75 E.

154 1955 88 75 long,
270 1955 62 75 and
352 1955 16 75 3
368 1937 25 49 0
414 1955 55 75 40'
494 1955 36 75 S.
544 1955 59 75 lat.

202 2002 38 75 In
257 2002 64 75 this
337 2002 109 75 ifland,
472 2002 107 75 which
594 2002 28 75 is
646 2002 98 75 about
767 2002 130 75 feventy
913 2002 92 75 miles
1021 2002 33 75 in
1077 2002 63 75 cir-

154 2049 211 75 cumference,
387 2049 58 75 the
462 2049 114 75 Dutch
592 2049 82 75 have
691 2049 19 75 a
731 2049 106 75 ftrong
853 2049 78 75 fort,
957 2049 184 75 garrifoned

153 2095 44 75 by
211 2095 93 75 feven
320 2095 37 75 or
381 2095 87 75 eight
484 2095 148 75 hundred
654 2095 85 75 men.
787 2095 105 75 What
909 2095 107 75 makes
1040 2095 26 75 it
1084 2095 55 75 the

153 2141 88 75 more
266 2141 209 75 remarkable,
500 2141 26 75 is
551 2141 56 75 the
632 2141 88 75 cruel
736 2141 94 75 ufage
846 2141 63 75 and
924 2141 163 75 expulfion
1104 2141 41 75 of

153 2188 55 75 the
232 2188 130 75 Englifli
392 2188 117 75 fadtors
531 2188 46 75 by
601 2188 54 75 the
681 2188 127 75 Dutch,
849 2188 33 75 in
906 2188 56 75 the
986 2188 89 75 reign
1104 2188 41 75 of

153 2235 46 75 K.
217 2235 106 75 James
340 2235 30 75 I.

106 2282 265 75 AMBOSINE,
397 2282 18 75 a
437 2282 151 75 province
607 2282 44 75 of
661 2282 127 75 Africa,
813 2282 33 75 in
863 2282 54 75 the
933 2282 155 75 kingdom
1103 2282 42 75 of

156 2327 116 75 Benin.

106 2374 220 75 AMBOTE,
352 2374 18 75 a
386 2374 87 75 town
488 2374 41 75 of
546 2374 137 75 Poland,
707 2374 35 75 in
758 2374 190 75 Samogitia,
973 2374 83 75 upon
1082 2374 56 75 the

154 2419 83 75 river
260 2419 185 75 Wardaria,
479 2419 65 75 two
569 2419 106 75 Polilh
698 2419 91 75 miles
816 2419 86 75 from
930 2419 110 75 Siade,
1075 2419 63 75 and

153 2467 72 75 nine
243 2467 83 75 from
344 2467 55 75 the
416 2467 107 75 Baltic
535 2467 62 75 fea.

106 2514 254 75 AMBOULE,
385 2514 20 75 a
419 2514 88 75 large
523 2514 136 75 country
674 2514 33 75 in
720 2514 54 75 the
790 2514 99 75 ifland
906 2514 41 75 of
963 2514 172 75 Madagaf-

154 2559 65 75 car,
245 2559 35 75 to
292 2559 56 75 the
364 2559 96 75 north
473 2559 39 75 of
531 2559 192 75 Carcanofli.

105 2606 193 75 Amboule
324 2606 28 75 is
369 2606 136 75 alfi^tbe
528 2606 93 75 name
643 2606 40 75 of
703 2606 18 75 a
739 2606 215 75 confiderable
969 2606 117 75 village
1099 2606 37 75 in

151 2651 32 75 in
200 2651 70 75 that
287 2651 148 75 country.

105 2700 324 75 AMBOURNAY,
454 2700 19 75 a
487 2700 91 75 fmall
589 2700 88 75 town
700 2700 41 75 of
759 2700 136 75 France,
917 2700 87 75 upon
1021 2700 55 75 the
1092 2700 43 75 ri-

152 2744 55 75 ver
221 2744 76 75 Ain,
323 2744 42 75 on
381 2744 56 75 the
453 2744 78 75 road
547 2744 85 75 from
647 2744 114 75 Lyons
778 2744 35 75 to
830 2744 147 75 Geneva.

105 2792 188 75 A.MBRA,
319 2792 37 75 or
367 2792 297 75 Ambragrisia.
716 2792 61 75 See
793 2792 306 75 Ambergrease;

105 2839 230 75 AMBRASI,
372 2839 18 75 a
414 2839 84 75 river
524 2839 41 75 of
584 2839 127 75 Africa,
736 2839 120 75 which,
889 2839 82 75 after
997 2839 137 75 wafhing

151 2883 55 75 the
236 2883 153 75 kingdom
424 2883 40 75 of
494 2883 129 75 Congo,
659 2883 74 75 falls
765 2883 69 75 into
867 2883 57 75 the
957 2883 176 75 Ethiopian

151 2930 123 75 Ocean.

198 2977 102 75 Vol,
316 2977 29 75 I.
395 2977 69 75 No.
483 2977 34 75 6.

1170 72 40 75 53
1271 72 19 75 )

1609 72 42 75 A
1709 72 49 75 M
1817 72 36 75 B

1198 139 212 75 AMBRES,
1436 139 19 75 a
1466 139 68 75 city
1545 139 43 75 of
1604 139 136 75 France,
1764 139 33 75 in
1817 139 55 75 the
1888 139 114 75 Upper
2017 139 210 75 Languedoc,

1243 184 31 75 in
1293 184 55 75 the
1365 184 125 75 diocefe
1506 184 41 75 of
1566 184 140 75 Caftres.

1194 233 375 75 AMBRESBERRY,
1594 233 19 75 a
1633 233 228 75 market-town
1877 233 32 75 in
1922 233 181 75 Wiltfliire,
2128 233 98 75 about

1240 277 47 75 fix
1315 277 90 75 miles
1433 277 97 75 north
1558 277 40 75 of
1618 277 174 75 Salilbury,
1817 277 65 75 and
1902 277 134 75 fituated
2059 277 33 75 in
2114 277 39 75 i°
2169 277 56 75 40'

1240 324 61 75 W.
1317 324 88 75 long,
1432 324 62 75 and
1513 324 39 75 51
1552 306 26 49 0
1599 324 44 75 20
1670 324 48 75 N.
1735 324 60 75 lat.

1194 372 246 75 AMBROSE,
1467 372 37 75 or
1520 372 41 75 St
1576 372 189 75 Ambrose
1784 372 36 75 in
1837 372 52 75 the
1903 372 103 75 wood,
2032 372 39 75 an
2083 372 95 75 order
2190 372 41 75 of

1241 417 164 75 religious,
1429 417 75 75 who
1520 417 52 75 ufe
1588 417 56 75 the
1665 417 191 75 Ambrofian
1875 417 105 75 office,
2005 417 63 75 and
2084 417 85 75 wear
2185 417 39 75 an

1241 464 103 75 image
1360 464 41 75 of
1420 464 70 75 that
1502 464 79 75 faint
1597 464 157 75 engraven
1766 464 42 75 on
1820 464 18 75 a
1854 464 83 75 little
1949 464 85 75 plate
2046 464 8 75 :
2082 464 31 75 in
2130 464 96 75 other

1242 510 136 75 refpedts
1403 510 79 75 they
1504 510 145 75 conform
1673 510 35 75 to
1733 510 55 75 the
1812 510 69 75 rule
1905 510 41 75 of
1964 510 55 75 the
2035 510 188 75 Auguflins.

1204 559 10 75 '
1241 559 62 75 See
1319 559 236 75 Ambrosian
1575 559 161 75 Office,
1762 559 63 75 and
1836 559 247 75 Augustins,

1191 606 267 75 AMBROSIA,
1483 606 33 75 in
1544 606 136 75 heathen
1706 606 171 75 antiquity,
1902 606 132 75 denotes
2060 606 56 75 the
2143 606 81 75 folid

1237 649 82 75 food
1342 649 40 75 of
1400 649 56 75 the
1468 649 93 75 gods,
1586 649 33 75 in
1636 649 288 75 contradiflindlion
1941 649 84 75 from
2041 649 56 75 the
2113 649 109 75 drink,

1238 696 105 75 which
1360 696 64 75 was
1441 696 104 75 called
1567 696 125 75 nettar.
1740 696 33 75 It
1786 696 68 75 had
1873 696 55 75 the
1945 696 192 75 appellation
2152 696 72 75 am-

1238 743 113 75 brofta,
1370 743 34 75 as
1417 743 94 75 being
1526 743 153 75 fuppofed
1690 743 34 75 to
1741 743 115 75 render
1871 743 88 75 thofe
1976 743 160 75 immortal
2147 743 76 75 who

1237 789 54 75 fed
1302 789 146 75 thereon.

1190 837 220 75 Ambrosia,
1435 837 27 75 is
1475 837 65 75 alfo
1557 837 18 75 a
1586 837 82 75 term
1683 837 52 75 for
1751 837 102 75 rough
1870 837 38 75 or
1925 837 97 75 crude
2034 837 87 75 wax,
2149 837 71 75 fup-

1238 884 96 75 pofed
1349 884 35 75 to
1401 884 40 75 be
1458 884 55 75 the
1526 884 78 75 food
1615 884 46 75 of
1674 884 86 75 bees.

1190 930 220 75 Ambrosia,
1435 930 32 75 in
1491 930 141 75 Grecian
1649 930 172 75 antiquity,
1846 930 19 75 a
1881 930 91 75 name
1988 930 179 75 fometimes
2184 930 37 75 u-

1234 977 55 75 fed
1304 977 53 75 for
1372 977 20 75 a
1406 977 122 75 feftival
1544 977 41 75 of
1604 977 159 75 Bacchus,
1788 977 168 75 otherwife
1979 977 109 75 called,
2104 977 104 75 lencea'
2208 977 9 75 .

1240 1024 61 75 See
1318 1024 159 75 Lenzea.

1189 1070 220 75 Ambrosia,
1431 1070 35 75 in
1483 1070 132 75 botany,
1640 1070 19 75 a
1670 1070 97 75 genus
1780 1070 40 75 of
1838 1070 56 75 the
1917 1070 157 75 monoecia
2089 1070 130 75 pentan-

1236 1117 69 75 dria
1321 1117 92 75 clafs.
1461 1117 76 75 The
1562 1117 82 75 male
1667 1117 143 75 flofcules
1836 1117 40 75 of
1894 1117 55 75 the
1972 1117 153 75 ambrofia
2139 1117 83 75 have

1237 1163 41 75 no
1295 1163 100 75 petals
1408 1163 9 75 ;
1445 1163 55 75 the
1518 1163 79 75 fruit
1612 1163 41 75 of
1672 1163 55 75 the
1743 1163 116 75 female
1870 1163 27 75 is
1910 1163 138 75 prickly,
2075 1163 62 75 and
2152 1163 69 75 flia-

1237 1211 61 75 ped
1298 1193 5 49 -
1303 1211 74 75 like
1394 1211 19 75 a
1428 1211 86 75 club,
1540 1211 182 75 containing
1744 1211 61 75 one
1827 1211 120 75 oblong
1970 1211 74 75 feed
2070 1211 32 75 in
2126 1211 92 75 each.

1235 1258 112 75 There
1359 1258 53 75 are
1425 1258 73 75 four
1512 1258 117 75 fpeeies
1647 1258 40 75 of
1699 1258 162 75 ambrofia,
1887 1258 71 75 via.
1983 1258 55 75 the
2050 1258 118 75 trifida,
2187 1258 34 75 e-

1235 1303 108 75 latior,
1369 1303 62 75 and
1455 1303 54 75 the
1533 1303 227 75 artemififolia,
1786 1303 42 75 all
1854 1303 120 75 natives
1994 1303 39 75 of
2045 1303 175 75 America;

1235 1350 64 75 and
1314 1350 56 75 the
1383 1350 169 75 maritima,
1578 1350 19 75 a
1613 1350 106 75 native
1734 1350 41 75 of
1794 1350 142 75 Greece.

1189 1399 289 75 AMBROSIAN
1507 1399 92 75 office,
1636 1399 32 75 in
1696 1399 270 75 church-hiftory,
2003 1399 19 75 a
2048 1399 186 75 particular,

1236 1444 140 75 formula
1400 1444 40 75 of
1459 1444 134 75 worfhip
1618 1444 31 75 in
1675 1444 54 75 the
1753 1444 121 75 church
1899 1444 39 75 of
1963 1444 118 75 Milan,
2114 1444 108 75 which

1236 1491 90 75 takes
1343 1491 41 75 its
1402 1491 91 75 name
1510 1491 85 75 from
1613 1491 40 75 St
1668 1491 169 75 Ambrofe,
1864 1491 74 75 who
1962 1491 163 75 inftituted
2149 1491 71 75 that

1236 1537 91 75 office
1342 1537 33 75 in
1392 1537 55 75 the
1463 1537 110 75 fourth
1590 1537 146 75 century.
1785 1537 93 75 Each
1902 1537 121 75 church
2050 1537 172 75 originally

1236 1584 63 75 had
1313 1584 43 75 its
1374 1584 173 75 particular
1562 1584 91 75 office
1665 1584 10 75 ;
1702 1584 63 75 and
1780 1584 95 75 when
1891 1584 54 75 the
1957 1584 94 75 pope,
2075 1584 33 75 in
2120 1584 115 75 after-.

1236 1629 105 75 times,
1366 1629 78 75 took
1460 1629 85 75 upon
1556 1629 67 75 him
1639 1629 36 75 to
1686 1629 119 75 impofe
1821 1629 54 75 the
1888 1629 126 75 Roman
2025 1629 93 75 office
2134 1629 86 75 upon

1237 1677 43 75 all
1305 1677 55 75 the
1380 1677 131 75 weftern
1541 1677 168 75 churches,
1734 1677 72 75 that
1821 1677 41 75 of
1880 1677 103 75 Milan
2000 1677 156 75 flickered
2177 1677 42 75 it-

1236 1723 64 75 felf
1319 1723 100 75 under
1443 1723 56 75 the
1521 1723 92 75 name
1637 1723 63 75 and
1722 1723 166 75 authority
1911 1723 39 75 of
1970 1723 40 75 St
2036 1723 181 75 Ambrofe;

1235 1770 85 75 from
1338 1770 104 75 which
1460 1770 76 75 time
1554 1770 55 75 the
1626 1770 189 75 Ambrofian
1832 1770 93 75 ritual
1941 1770 59 75 has
2010 1770 173 75 prevailed.

1188 1817 268 75 AMBROSIN,
1482 1817 18 75 a
1522 1817 72 75 coin
1619 1817 153 75 formerly
1797 1817 106 75 (truck
1925 1817 48 75 by
1988 1817 56 75 the
2067 1817 100 75 dukes
2181 1817 45 75 of

1235 1863 117 75 Milan,
1379 1863 214 75 reprefenting
1606 1863 39 75 St
1662 1863 157 75 Ambrofe
1835 1863 42 75 on
1892 1863 186 75 horfeback,
2104 1863 79 75 with
2200 1863 20 75 a

1236 1909 84 75 whip
1337 1909 31 75 in
1385 1909 58 75 his-
1452 1909 87 75 right
1554 1909 99 75 hand.

1187 1957 225 75 AMBRUN,
1429 1957 33 75 in
1478 1957 195 75 geography,
1691 1957 56 75 the
1763 1957 83 75 fame
1862 1957 80 75 with
1958 1957 161 75 Embrun.
2157 1957 62 75 See

1235 2002 182 75 Embrun.

1189 2049 185 75 AMBRY,
1399 2049 19 75 a
1433 2049 89 75 place
1538 2049 33 75 in
1587 2049 106 75 which
1710 2049 53 75 are
1779 2049 162 75 depofited
1956 2049 43 75 all
2019 2049 127 75 utenfils
2162 2049 56 75 ne-

1237 2095 118 75 ceflary
1369 2095 53 75 for
1432 2095 263 75 houfe-keeping.
1744 2095 39 75 In
1799 2095 56 75 the
1872 2095 125 75 ancient
2013 2095 117 75 abbeys
2155 2095 64 75 and

1236 2141 154 75 priories,,
1408 2141 91 75 there
1515 2141 65 75 was
1598 2141 39 75 an
1661 2141 91 75 office
1768 2141 101 75 under
1886 2141 63 75 this
1966 2141 268 75 denomination,,

1236 2188 139 75 wherein
1392 2188 83 75 were
1491 2188 66 75 laid
1575 2188 40 75 up
1633 2188 42 75 all
1691 2188 149 75 charities
1856 2188 52 75 for
1919 2188 56 75 the
1990 2188 93 75 poor.

1188 2235 289 75 AMBUBAJiE,
1501 2235 33 75 in
1549 2235 128 75 Roman
1689 2235 172 75 antiquity,
1879 2235 84 75 were
1974 2235 165 75 immodeft
2151 2235 66 75 wo-

1235 2279 84 75 men,
1344 2279 74 75 who
1435 2279 87 75 came
1538 2279 85 75 from
1649 2279 94 75 Syria
1766 2279 34 75 to
1817 2279 118 75 Rome,
1961 2279 107 75 where
2084 2279 78 75 they
2176 2279 40 75 li-

1235 2327 61 75 ved
1313 2327 43 75 by
1373 2327 213 75 proflitution,
1612 2327 61 75 and
1684 2327 44 75 by
1744 2327 129 75 playing
1884 2327 42 75 on
1937 2327 55 75 the
2008 2327 90 75 flute.

1187 2374 275 75 AMBUBEJA,
1487 2374 33 75 in
1536 2374 132 75 botany,
1693 2374 42 75 an
1752 2374 142 75 obfolete
1919 2374 91 75 name
2033 2374 41 75 of
2092 2374 55 75 the
2171 2374 45 75 ci-

1235 2419 158 75 chorium.
1444 2419 61 75 See
1522 2419 250 75 Cichorium.

1185 2467 240 75 AMBUILA,
1451 2467 37 75 or
1504 2467 196 75 Amboila,
1727 2467 19 75 a
1761 2467 136 75 country
1912 2467 40 75 of
1963 2467 127 75 Africa,
2115 2467 32 75 in
2160 2467 55 75 the

1231 2513 155 75 kingdom
1403 2513 40 75 of
1462 2513 127 75 Congo,
1614 2513 144 75 between
1774 2513 56 75 the
1843 2513 73 75 lake
1939 2513 194 75 Aquelonde
2153 2513 63 75 and

1235 2559 38 75 St
1291 2559 171 75 Salvador,

1185 2609 347 75 AMBULATION.
1583 2609 61 75 See
1711 2609 45 75 ab
1764 2609 110 75 king.

1185 2653 286 75 Ambulation,
1495 2653 32 75 in
1541 2653 143 75 furgery,
1711 2653 17 75 a
1744 2653 81 75 term
1842 2653 76 75 ufed
1933 2653 52 75 for
2010 2653 55 75 the
2087 2653 127 75 fpread-

1233 2697 54 75 ing
1304 2697 40 75 of
1361 2697 19 75 a
1395 2697 157 75 gangrene
1569 2697 36 75 or
1622 2697 238 75 mortification.

1185 2748 355 75 AMBULATORY,
1558 2748 19 75 a
1588 2748 81 75 term
1682 2748 126 75 applied
1824 2748 35 75 to
1870 2748 76 75 fuch
1959 2748 108 75 courts
2084 2748 33 75 as
2130 2748 84 75 were

1232 2791 56 75 not
1304 2791 99 75 fixed,
1427 2791 58 75 but
1497 2791 150 75 removed
1662 2791 180 75 fometimes
1859 2791 34 75 to
1911 2791 58 75 one
1986 2791 101 75 place,
2111 2791 103 75 fome-

1232 2842 92 75 times
1338 2842 35 75 to
1389 2842 147 75 another.

1183 2889 315 75 AMBURBIUM,
1523 2889 33 75 in
1574 2889 126 75 Roman
1713 2889 172 75 antiquity,
1902 2889 200 75 aproceffion
2120 2889 94 75 made

1230 2935 42 75 by
1281 2935 54 75 the
1347 2935 145 75 Romans
1505 2935 104 75 round
1621 2935 54 75 the
1688 2935 67 75 city
1767 2935 62 75 and
1838 2935 204 75 pomoerium,
2060 2935 32 75 in
2105 2935 107 75 which

1696 2985 31 75 L
1750 2985 13 75 1

2138 2985 79 75 they

972 2990 16 75 3
