2428 3377
134 169 102 75 Part
255 169 72 75 VI.

178 232 100 75 They
288 232 54 75 are
357 232 86 75 lined
456 232 41 75 on
515 232 54 75 the
585 232 96 75 infide
696 232 46 75 by
753 232 20 75 a
786 232 79 75 very
884 232 62 75 fine
969 232 194 75 membrane,

132 278 108 75 which
273 278 197 75 continually
490 278 179 75 difcharges
690 278 20 75 a
733 278 230 75 mucilaginous
980 278 100 75 fluid;
1106 278 63 75 and

132 325 34 75 in
182 325 56 75 the
254 325 160 75 fubftance
432 325 41 75 of
491 325 55 75 the
563 325 182 75 membrane
761 325 54 75 are
833 325 18 75 a
867 325 90 75 great
978 325 135 75 number
1135 325 40 75 of

133 371 89 75 final!
236 371 239 75 blood-veflels.

179 419 77 75 The
271 419 157 75 bronchia
444 419 53 75 are
513 419 133 75 divided
660 419 33 75 in
710 419 43 75 all
770 419 170 75 directions
958 419 68 75 into
1044 419 37 75 an
1099 419 70 75 infi-

133 466 75 75 nite-
224 466 134 75 number
381 466 42 75 of
441 466 238 75 ramifications,
703 466 106 75 which
834 466 145 75 diminilh
1003 466 168 75 gradually

133 513 33 75 in
181 513 84 75 fize;
291 513 65 75 and
371 513 33 75 as
422 513 78 75 they
516 513 133 75 become
665 513 165 75 capillary,
855 513 123 75 change
998 513 85 75 their
1099 513 70 75 car-

134 559 172 75 tilaginous
323 559 152 75 ftruCture
491 559 69 75 into
572 559 72 75 that
656 559 40 75 of
715 559 19 75 a
750 559 195 75 membrane.

181 606 91 75 Each
288 606 41 75 of
347 606 89 75 thefe
452 606 170 75 numerous
640 606 164 75 bronchial
821 606 91 75 tubes
929 606 27 75 is
974 606 147 75 widened
1137 606 33 75 at

133 653 56 75 the
201 653 187 75 extremity,
413 653 64 75 and
493 653 136 75 thereby
644 653 127 75 formed
787 653 73 75 into,
871 653 19 75 a
906 653 89 75 fmall
1012 653 157 75 membra-

133 699 81 75 nous
238 699 74 75 cell,
338 699 183 75 commonly
545 699 103 75 called
676 699 19 75 a
719 699 123 75 velicle.
890 699 110 75 Thefe
1028 699 76 75 cells
1133 699 37 75 or

133 746 138 75 follieuli
289 746 53 75 are
359 746 118 75 clofely
492 746 174 75 connected
681 746 148 75 together
852 746 33 75 in
908 746 156 75 bundles;
1090 746 80 75 each

135 792 90 75 fmall
252 792 120 75 branch
395 792 178 75 producing
597 792 19 75 a
639 792 120 75 bundle
782 792 260 75 proportionable
1067 792 35 75 to
1126 792 43 75 its

134 839 114 75 extent
264 839 63 75 and
343 839 55 75 the
410 839 134 75 number
555 839 42 75 of
611 839 41 75 its
670 839 239 75 ramifications,

183 886 110 75 Thefe
308 886 91 75 fmall
420 886 151 75 veficular
598 886 38 75 or
652 886 155 75 cellulous
823 886 136 75 bundles
976 886 53 75 are
1046 886 124 75 termed

133 933 139 75 lobules;
291 933 64 75 and
370 933 33 75 as
420 933 56 75 the
488 933 91 75 great
595 933 156 75 branches
768 933 54 75 are
842 933 131 75 divided
989 933 69 75 into
1080 933 89 75 fmall

135 979 91 75 rami,
260 979 33 75 fb
316 979 56 75 the
388 979 91 75 great
494 979 124 75 lobules
635 979 200 75 a?§Mivided
849 979 72 75 into
941 979 118 75 feveral
1078 979 90 75 fmall
1186 979 8 75 ’

135 1026 90 75 ones.
272 1026 78 75 The
365 1026 77 75 cells
459 1026 38 75 or
517 1026 128 75 veficles
661 1026 39 75 of
711 1026 79 75 each
817 1026 109 75 lobule
950 1026 81 75 have
1055 1026 20 75 a
1101 1026 69 75 free

137 1073 269 75 communication
423 1073 79 75 with
518 1073 80 75 each
614 1073 108 75 other,
747 1073 58 75 but
832 1073 56 75 the
910 1073 121 75 feveral
1046 1073 124 75 lobules

137 1119 42 75 do
197 1119 57 75 not
270 1119 232 75 communicate
521 1119 35 75 fo
573 1119 135 75 readily.

189 1166 77 75 The
282 1166 125 75 lobules
424 1166 116 75 appear
556 1166 158 75 diftinCtly
730 1166 42 75 to.
792 1166 40 75 be
848 1166 114 75 parted
978 1166 44 75 by
1037 1166 136 75 another

138 1212 153 75 cellulous
308 1212 173 75 fubftance,
499 1212 107 75 which
622 1212 171 75 furrounds
810 1212 78 75 each
901 1212 40 75 of
952 1212 88 75 them
1052 1212 32 75 in
1096 1212 75 75 pro-

136 1259 127 75 portion
276 1259 35 75 to
322 1259 85 75 their
418 1259 125 75 extent,
562 1259 62 75 and
640 1259 62 75 fills
719 1259 42 75 up
773 1259 55 75 the
840 1259 174 75 interftices
1026 1259 144 75 between

136 1307 102 75 them.
285 1307 87 75 This
389 1307 133 75 fubance
547 1307 101 75 forpis
674 1307 140 75 likewife
832 1307 18 75 a
869 1307 78 75 kind
954 1307 48 75 a)f
1014 1307 157 75 irregular

137 1349 222 75 fiiembrHneus
375 1349 90 75 cells,
490 1349 108 75 which
614 1349 54 75 are
684 1349 140 75 thinner,
841 1349 116 75 loofer,
976 1349 63 75 and
1054 1349 117 75 broad-

137 1399 35 75 er
188 1399 77 75 than
282 1399 56 75 the
355 1399 166 75 bronchial
537 1399 143 75 vefifcles.

186 1446 58 75 All
261 1446 56 75 the
330 1446 170 75 bronchial
515 1446 77 75 cells
609 1446 54 75 are
682 1446 197 75 furrounded
902 1446 45 75 by
971 1446 19 75 a
1017 1446 78 75 very
1111 1446 64 75 fine

138 1491 152 75 reticular
308 1491 131 75 texture
456 1491 41 75 of
507 1491 56 75 the
582 1491 90 75 fmall
688 1491 199 75 extremities
904 1491 41 75 of
963 1491 131 75 arteries
1106 1491 68 75 ^nd

138 1538 101 75 veins,
257 1538 106 75 which
380 1538 232 75 communicate
632 1538 98 75 every
744 1538 71 75 way
827 1538 79 75 with
922 1538 79 75 each
1017 1538 107 75 other.

185 1585 76 75 The
277 1585 224 75 blood-veflels
518 1585 41 75 of
570 1585 56 75 the
644 1585 91 75 lungs
753 1585 53 75 are
834 1585 41 75 of
886 1585 66 75 two
968 1585 116 75 kinds;
1111 1585 62 75 one

138 1631 159 75 Common,
323 1631 102 75 called
443 1631 55 75 the
510 1631 191 75 pulmonary
718 1631 109 75 artery
845 1631 61 75 and
924 1631 89 75 veins
1028 1631 11 75 ;
1066 1631 54 75 the
1136 1631 37 75 o-

138 1678 72 75 tker
226 1678 128 75 proper,
381 1678 104 75 called
501 1678 55 75 the
573 1678 168 75 bronchial
753 1678 142 75 arteries
913 1678 62 75 and
992 1678 105 75 veins.

185 1725 76 75 The
278 1725 193 75 pulmonary
483 1725 110 75 artery
610 1725 76 75 goes
704 1725 58 75 out
778 1725 84 75 from
879 1725 55 75 the
951 1725 88 75 right
1054 1725 119 75 ventri-

140 1772 47 75 cle
205 1772 40 75 of
257 1772 54 75 the
327 1772 112 75 heart;
458 1772 63 75 and
536 1772 42 75 its
595 1772 99 75 trunk
709 1772 117 75 having
843 1772 58 75 run
918 1772 110 75 almoft
1039 1772 136 75 direftly

139 1819 132 75 upward
286 1819 33 75 as
335 1819 77 75 high
431 1819 35 75 as
483 1819 57 75 th£
554 1819 170 75 curvature
740 1819 40 75 of
791 1819 57 75 the
864 1819 103 75 aorta,
993 1819 26 75 is
1043 1819 132 75 divided

138 1865 68 75 into
223 1865 66 75 two
309 1865 114 75 lateral
447 1865 167 75 branches,
639 1865 61 75 one
725 1865 98 75 going
838 1865 37 75 to
896 1865 56 75 the
970 1865 202 75 right-hand,

138 1913 103 75 called
249 1913 64 75 .the
330 1913 90 75 right
431 1913 192 75 pulmonary
639 1913 123 75 artery,
789 1913 54 75 the
860 1913 94 75 other
970 1913 34 75 to
1022 1913 55 75 the
1093 1913 75 75 left,

137 1959 126 75 termed
289 1959 56 75 the
367 1959 63 75 left
447 1959 191 75 pulmonary
665 1959 128 75 artery.
844 1959 78 75 The
950 1959 88 75 right
1064 1959 109 75 artery

138 2006 97 75 pafles
252 2006 100 75 under
377 2006 55 75 the
455 2006 169 75 curvature
651 2006 48 75 of’
710 2006 56 75 the
793 2006 104 75 aorta,
922 2006 63 75 and
1011 2006 26 75 is
1065 2006 108 75 confe-

139 2052 135 75 quently
298 2052 113 75 longer
434 2052 78 75 than
537 2052 55 75 the
617 2052 75 75 left.
739 2052 100 75 They
862 2052 79 75 both
971 2052 59 75 rUn
1058 2052 35 75 to
1117 2052 56 75 the

135 2098 107 75 lungs,
268 2098 63 75 and
347 2098 53 75 are
411 2098 160 75 difperfed
586 2098 140 75 through
738 2098 85 75 their
838 2098 107 75 whole
957 2098 160 75 fubftance
1130 2098 43 75 by

137 2145 224 75 ramifications
379 2145 111 75 neatly
504 2145 65 75 like
583 2145 92 75 thofe
692 2145 40 75 of
740 2145 55 75 the
811 2145 166 75 brohchia,
1003 2145 63 75 and
1082 2145 91 75 lying

138 2191 32 75 in
188 2191 54 75 the
263 2191 84 75 fame
367 2191 183 75 directions.

185 2238 78 75 The
279 2238 190 75 pulmonary
484 2238 89 75 veins
596 2238 119 75 having
730 2238 82 75 been
829 2238 189 75 diftributed
1033 2238 141 75 through

125 2284 3 75 .
137 2284 57 75 the
209 2284 93 75 lungs
319 2284 32 75 in
376 2284 56 75 the
454 2284 84 75 fame
555 2284 141 75 manner,
722 2284 42 75 go
781 2284 57 75 out
855 2284 42 75 on
923 2284 79 75 each
1028 2284 75 75 fide,
1122 2284 51 75 hy

138 2332 66 75 two
221 2332 89 75 great
328 2332 168 75 branches,
523 2332 107 75 which
647 2332 82 75 open
745 2332 149 75 laterally
909 2332 69 75 into
1003 2332 55 75 the
1075 2332 97 75 refer-

139 2378 71 75 voir
225 2378 38 75 or
280 2378 158 75 mufcular
453 2378 62 75 bag
531 2378 40 75 of
584 2378 55 75 the
656 2378 85 75 right
758 2378 131 75 auricle.

186 2425 127 75 Befides
331 2425 87 75 thefe
446 2425 117 75 capital
592 2425 239 75 blood-veffels,
857 2425 91 75 there
976 2425 55 75 are
1054 2425 67 75 two
1137 2425 35 75 o-

138 2471 90 75 thers
244 2471 104 75 called
364 2471 56 75 the
436 2471 168 75 bronchial
616 2471 110 75 artery
745 2471 62 75 and

188 2517 115 75 Under
320 2517 55 75 the
394 2517 73 75 root
484 2517 40 75 of
543 2517 78 75 each
637 2517 90 75 lung,
753 2517 71 75 that
839 2517 41 75 is,
898 2517 101 75 under
1016 2517 70 75 that
1102 2517 72 75 part

138 2564 127 75 formed
280 2564 44 75 by
340 2564 56 75 the
412 2564 211 75 .fubordiiiate
640 2564 98 75 trunk
752 2564 41 75 of
803 2564 56 75 the
875 2564 190 75 pulmonary
1088 2564 84 75 arte-

138 2611 51 75 ry,
215 2611 44 75 by
286 2611 55 75 the
370 2611 111 75 trunks
507 2611 40 75 of
566 2611 56 75 the
637 2611 190 75 pulmonary
848 2611 103 75 veins,
979 2611 63 75 and
1056 2611 45 75 by
1116 2611 56 75 the

137 2657 99 75 trunk
254 2657 121 75 of-the
399 2657 167 75 bronchia,
590 2657 90 75 there
697 2657 27 75 is
740 2657 19 75 a
775 2657 110 75 pretty
900 2657 102 75 broad
1017 2657 156 75 membra-

137 2704 81 75 nous
235 2704 165 75 ligament,
418 2704 105 75 which
541 2704 59 75 ties
617 2704 55 75 the
686 2704 152 75 pofterior
853 2704 81 75 edge
951 2704 40 75 of
1002 2704 77 75 each
1096 2704 78 75 lung

138 2751 35 75 to
189 2751 56 75 the
261 2751 112 75 lateral
390 2751 88 75 parts
498 2751 46 75 of
566 2751 56 75 the
643 2751 156 75 Vertebrse
826 2751 40 75 of
889 2751 56 75 the
970 2751 94 75 back,
1089 2751 93 75 from-

139 2798 160 75 ihata-oot
316 2798 43 75 all
374 2798 57 75 the
448 2798 71 75 way
535 2798 35 75 to
588 2798 54 75 the
659 2798 199 75 diaphragm.

185 2844 76 75 The
276 2844 155 75 bronchia
447 2844 130 75 already
593 2844 164 75 deferibed
774 2844 53 75 are
843 2844 154 75 branches
1025 2844 38 75 or
1080 2844 94 75 rami-

139 2891 144 75 fications
301 2891 40 75 of
352 2891 19 75 a
386 2891 89 75 large
492 2891 103 75 canal,
621 2891 106 75 partly
744 2891 239 75 cartilaginous,
1009 2891 61 75 and
1087 2891 87 75 part-

139 2938 34 75 ly
188 2938 235 75 membranous,
450 2938 102 75 called
575 2938 145 75 trachea,
747 2938 36 75 or
808 2938 113 75 afpera
948 2938 143 75 arteria.
1141 2938 33 75 It

138 2984 35 75 i£
182 2984 325 75 fituated-anteriorJy
523 2984 31 75 in
572 2984 55 75 thp
643 2984 100 75 lower
757 2984 72 75 part
846 2984 41 75 of
898 2984 55 75 the
970 2984 93 75 neck,
1088 2984 85 75 from

139 3031 129 75 whence
285 3031 26 75 it
327 3031 77 75 runs
420 3031 96 75 down
544 3031 70 75 into
641 3031 55 75 the
723 3031 121 75 thorax
871 3031 141 75 betwixt
1035 3031 55 75 the
1106 3031 67 75 two

185 3078 100 75 Von.
302 3078 31 75 I.
382 3078 124 75 Numb.'
529 3078 53 75 12.

1056 3078 18 75 3
1116 3078 7 75 .

2175 164 77 75 281

1215 229 129 75 pleurae,
1371 229 140 75 through
1529 229 55 75 the
1601 229 100 75 upper
1723 229 91 75 fpace
1831 229 59 75 left
1914 229 144 75 between
2076 229 54 75 the
2148 229 104 75 dupli-

1217 277 108 75 cature
1341 277 40 75 of
1395 277 56 75 the
1467 277 230 75 mediaftinum,
1723 277 120 75 behind
1860 277 54 75 the
1932 277 143 75 thymus.

1263 323 131 75 Having
1410 323 135 75 reached
1562 323 34 75 as
1612 323 64 75 low
1693 323 34 75 as
1744 323 56 75 the
1817 323 172 75 curvature,
2011 323 41 75 of
2075 323 54 75 the
2146 323 102 75 aorta,

1216 370 26 75 it
1258 370 124 75 divides
1399 370 69 75 into
1484 370 66 75 two
1573 370 112 75 lateral
1708 370 99 75 parts,
1832 370 62 75 one
1919 370 125 75 toward
2068 370 55 75 the
2148 370 102 75 right-

1217 416 98 75 hand,
1341 416 55 75 the
1412 416 94 75 other
1522 416 125 75 toward
1662 416 55 75 the
1733 416 72 75 left,
1831 416 105 75 which
1953 416 90 75 enter
2068 416 56 75 the
2144 416 107 75 lungs,

1217 464 63 75 and
1296 464 53 75 are
1373 464 189 75 diftributed
1578 464 140 75 through
1736 464 87 75 them
1850 464 34 75 in
1901 464 54 75 the
1972 464 130 75 manner
2119 464 133 75 already

1217 511 80 75 faid.
1344 511 110 75 Thefe
1466 511 66 75 two
1548 511 153 75 branches
1720 511 53 75 are
1789 511 104 75 called
1909 511 166 75 bronchia,
2101 511 63 75 and
2180 511 72 75 that

1219 558 41 75 on
1277 558 55 75 the
1351 558 87 75 right
1455 558 63 75 fide
1534 558 28 75 is
1579 558 122 75 fhorter
1716 558 77 75 than
1813 558 72 75 that
1902 558 41 75 of
1955 558 53 75 the
2027 558 73 75 left.

1265 603 76 75 The
1357 603 130 75 trachea
1508 603 28 75 is
1554 603 92 75 made
1662 603 42 75 up
1721 603 40 75 of
1772 603 156 75 fegments
1945 603 41 75 of
1997 603 111 75 circles
2128 603 37 75 or
2182 603 69 75 car-

1219 650 169 75 tilaginous
1405 650 115 75 hoops,
1545 650 146 75 difpofed
1706 650 32 75 in
1755 650 75 75 fuch
1848 650 19 75 a
1882 650 141 75 manner,
2049 650 33 75 as
2106 650 36 75 to
2166 650 86 75 form

1219 697 17 75 a
1253 697 89 75 canal
1363 697 81 75 open
1460 697 42 75 on
1518 697 55 75 the
1601 697 82 75 back
1706 697 83 75 part,
1816 697 55 75 the
1888 697 168 75 cartilages
2080 697 56 75 not
2153 697 98 75 going

1218 744 90 75 quite
1326 744 124 75 round;
1468 744 58 75 but
1538 744 64 75 this
1620 744 135 75 opening
1767 744 26 75 is
1806 744 88 75 filled
1911 744 43 75 by
1970 744 19 75 a
2003 744 65 75 loft
2084 744 169 75 glandular

1217 791 193 75 membrane,
1421 791 104 75 which
1535 791 174 75 completes
1718 791 55 75 the
1785 791 247 75 circumference
2041 791 39 75 of
2084 791 54 75 the
2148 791 103 75 canal.

1265 838 91 75 Each
1375 838 97 75 circle
1488 838 27 75 is
1539 838 98 75 about
1661 838 56 75 the
1742 838 128 75 twelfth
1897 838 72 75 part
1993 838 41 75 of
2054 838 39 75 an
2116 838 75 75 inch
2218 838 35 75 in

1217 885 148 75 breadth,
1391 885 62 75 and
1469 885 98 75 about
1584 885 18 75 a
1625 885 130 75 quarter
1771 885 41 75 of
1821 885 71 75 that
1908 885 90 75 fpace
2021 885 32 75 in
2077 885 173 75 thicknefs.

1217 931 105 75 Their
1338 931 198 75 extremities
1557 931 54 75 are
1628 931 125 75 round;
1780 931 62 75 and
1865 931 76 75 they
1960 931 53 75 are
2041 931 135 75 fituated
2191 931 60 75 ho-

1218 978 173 75 rizontally
1419 978 100 75 above
1546 978 78 75 each
1652 978 106 75 other,
1783 978 90 75 fmall
1889 978 174 75 interftices
2081 978 94 75 being
2191 978 62 75 left

1217 1025 144 75 between
1378 1025 100 75 them,
1504 1025 63 75 and
1585 1025 55 75 the
1656 1025 100 75 lower
1773 1025 80 75 edge
1876 1025 39 75 of
1935 1025 55 75 the
2014 1025 141 75 fuperior
2182 1025 68 75 feg-

1218 1071 102 75 ments
1337 1071 95 75 being
1447 1071 117 75 turned
1579 1071 125 75 toward
1720 1071 56 75 the
1799 1071 99 75 upper
1913 1071 82 75 edge
2011 1071 40 75 of
2066 1071 89 75 thofe
2172 1071 80 75 next

1218 1118 105 75 below
1340 1118 101 75 them.

1265 1165 97 75 They
1380 1165 113 75 are-all
1509 1165 174 75 connected
1705 1165 45 75 by
1772 1165 20 75 a
1812 1165 79 75 very
1906 1165 108 75 ftrong
2030 1165 105 75 elaftic
2151 1165 98 75 mem-

1219 1212 138 75 branous
1373 1212 152 75 ligament
1542 1212 87 75 fixed
1645 1212 35 75 to
1699 1212 84 75 their
1800 1212 110 75 edges.

1267 1259 76 75 The
1360 1259 89 75 canal
1467 1259 40 75 of
1518 1259 56 75 the
1590 1259 109 75 afpera
1716 1259 115 75 arteria
1848 1259 26 75 is
1891 1259 87 75 lined
2002 1259 42 75 on
2071 1259 56 75 the
2153 1259 97 75 infide

1218 1305 44 75 by
1289 1305 19 75 a
1326 1305 173 75 particular
1523 1305 193 75 membrane,
1744 1305 105 75 which
1866 1305 131 75 appears
2025 1305 35 75 to
2088 1305 40 75 be
2144 1305 108 75 partly

1219 1352 96 75 fleftiy
1331 1352 38 75 or
1397 1352 169 75 mufcularj
1591 1352 63 75 and
1686 1352 106 75 partly
1820 1352 222 75 ligamentary,
2067 1352 184 75 perforated

1219 1399 44 75 by
1279 1399 40 75 an
1335 1399 122 75 infinite
1484 1399 133 75 number
1640 1399 40 75 of
1702 1399 90 75 fmall
1816 1399 104 75 holes,
1945 1399 142 75 through
2112 1399 105 75 which
2233 1399 20 75 a

1220 1447 228 75 mucilaginous
1465 1447 79 75 fluid
1560 1447 196 75 continually
1772 1447 112 75 pafies,
1908 1447 35 75 to
1959 1447 119 75 defend
2093 1447 56 75 the
2163 1447 91 75 inner

1219 1492 122 75 furface
1361 1492 41 75 of
1420 1492 55 75 tile
1492 1492 130 75 trachea
1637 1492 116 75 againft
1770 1492 54 75 the
1840 1492 163 75 acrimony
2018 1492 40 75 of
2070 1492 55 75 the
2144 1492 60 75 air.

1266 1538 84 75 This
1368 1538 78 75 fluid
1462 1538 105 75 comes
1581 1538 83 75 from
1682 1538 89 75 fmall
1783 1538 167 75 glandular
1966 1538 110 75 bodies
2093 1538 160 75 difperfed

1220 1585 140 75 through
1380 1585 54 75 the
1450 1585 160 75 fubftance
1639 1585 39 75 of
1701 1585 55 75 the
1779 1585 195 75 membrane,
1999 1585 57 75 but
2084 1585 169 75 efpecially

1220 1633 85 75 from
1323 1633 54 75 the
1394 1633 126 75 glands,
1532 1633 296 75 fomething-larger
1838 1633 76 75 than
1928 1633 55 75 the
1996 1633 134 75 former,
2147 1633 106 75 which

1220 1678 42 75 lie
1280 1678 41 75 on
1338 1678 55 75 the
1409 1678 94 75 outer
1521 1678 38 75 or
1575 1678 154 75 pofterior
1745 1678 122 75 furface
1884 1678 41 75 of
1944 1678 70 75 that
2030 1678 107 75 ftrong
2151 1678 100 75 mem-

1221 1726 109 75 brane,
1356 1726 44 75 by
1416 1726 105 75 which
1537 1726 55 75 the
1609 1726 247 75 circumference
1873 1726 40 75 of
1935 1726 54 75 the
2003 1726 8 75 '
2011 1726 91 75 canal
2119 1726 26 75 is
2162 1726 88 75 com-

1221 1772 120 75 pleted.
1389 1772 77 75 The
1483 1772 83 75 fame
1583 1772 150 75 ftrufture
1752 1772 27 75 is
1795 1772 183 75 obfervable
2003 1772 31 75 in
2059 1772 55 75 the
2132 1772 123 75 ramifi-.

1221 1820 122 75 OationS
1360 1820 41 75 of
1412 1820 55 75 the
1484 1820 130 75 trachea
1633 1820 83 75 from
1730 1820 55 75 the
1809 1820 134 75 greateft
1960 1820 33 75 to
2010 1820 55 75 the
2080 1820 148 75 fmalleft.

1268 1867 47 75 At
1332 1867 56 75 the
1402 1867 107 75 angle'
1509 1867 38 75 of
1558 1867 55 75 the
1632 1867 65 75 firft
1714 1867 207 75 ramification
1932 1867 40 75 of
1985 1867 55 75 the
2056 1867 130 75 trachea
2201 1867 50 75 ar-

1220 1912 93 75 teria,
1337 1912 50 75 we
1406 1912 68 75 find
1489 1912 42 75 on
1547 1912 80 75 both
1644 1912 55 75 the
1726 1912 70 75 fore
1821 1912 63 75 and
1907 1912 82 75 back
2015 1912 92 75 fides,
2133 1912 126 75 certain’

1219 1959 75 75 foft,
1320 1959 161 75 roundiih,
1506 1959 167 75 glandular
1701 1959 123 75 bodies,
1847 1959 41 75 of
1909 1959 20 75 a
1944 1959 100 75 bluifh
2060 1959 37 75 or
2113 1959 144 75 blackiftv

1220 2007 124 75 colour,
1369 2007 64 75 and
1448 2007 40 75 of
1502 2007 19 75 a
1545 2007 129 75 texture
1691 2007 106 75 partly
1816 2007 64 75 like
1905 2007 70 75 that
1992 2007 39 75 of
2050 2007 55 75 the
2122 2007 130 75 thymus

1221 2053 128 75 already
1366 2053 176 75 deferibed,
1569 2053 63 75 and
1648 2053 106 75 partly
1770 2053 65 75 like
1852 2053 71 75 that
1950 2053 42 75 of
2013 2053 57 75 the
2098 2053 157 75 glandula

1220 2100 179 75 thyroide-s.
1447 2100 112 75 There
1576 2100 53 75 are
1641 2100 93 75 other
1749 2100 113 75 glands
1878 2100 41 75 of
1927 2100 58 75 the
2000 2100 84 75 fame
2099 2100 90 75 kind,
2216 2100 35 75 as

1223 2148 54 75 the
1294 2148 104 75 Origin
1413 2148 41 75 of
1469 2148 78 75 each
1564 2148 207 75 ramification
1789 2148 40 75 of
1844 2148 56 75 the
1916 2148 165 75 bronchia,
2107 2148 58 75 but
2176 2148 79 75 they

1220 2193 149 75 decreafe
1386 2193 264 75 proportionibly
1665 2193 32 75 in
1715 2193 133 75 number
1875 2193 62 75 and
1949 2193 86 75 Jize.
2083 2193 100 75 They
2199 2193 54 75 are

1221 2240 86 75 fixed
1331 2240 217 75 immediately
1570 2240 35 75 to
1629 2240 55 75 the
1700 2240 165 75 bronchia,
1893 2240 62 75 and
1970 2240 138 75 covered
2124 2240 43 75 by
2195 2240 62 75 th£

1219 2286 209 75 interlobular
1450 2286 182 75 fubftance;
1658 2286 63 75 and
1741 2286 77 75 they
1842 2286 85 75 leem
1956 2286 35 75 to
2019 2286 233 75 communicate

1220 2334 44 75 by
1279 2334 89 75 fmall
1386 2334 154 75 openings
1568 2334 79 75 with
1674 2334 56 75 the
1758 2334 107 75 cavity
1890 2334 44 75 of
1950 2334 54 75 the
2021 2334 166 75 bronchia.

1268 2379 202 75 Refpiration
1482 2379 26 75 is
1521 2379 182 75 performed
1714 2379 43 75 by
1769 2379 114 75 organs
1893 2379 39 75 of
1943 2379 65 75 two
2020 2379 106 75 kinds,
2144 2379 60 75 one
2216 2379 34 75 ot

1220 2426 106 75 which
1343 2426 73 75 may
1431 2426 41 75 be
1488 2426 118 75 looked
1623 2426 84 75 upon
1723 2426 34 75 as
1775 2426 110 75 active,
1902 2426 55 75 the
1970 2426 94 75 other
2081 2426 32 75 as
2126 2426 123 75 paflive.

1220 2474 76 75 The
1313 2474 92 75 lungs
1423 2474 52 75 are
1492 2474 40 75 of
1543 2474 56 75 the
1616 2474 113 75 fecond
1747 2474 90 75 kind,
1863 2474 63 75 and
1943 2474 55 75 the
2014 2474 65 75 firft
2106 2474 144 75 compre-

1220 2520 101 75 hends
1338 2520 116 75 chiefly
1471 2520 54 75 the
1545 2520 185 75 diaphragm
1748 2520 62 75 and
1829 2520 177 75 intercoftal
2024 2520 145 75 mufcles.

1268 2566 49 75 As
1334 2566 77 75 foon
1439 2566 33 75 as
1501 2566 56 75 the
1581 2566 180 75 intercoftal
1784 2566 132 75 mufcles
1933 2566 94 75 begin
2045 2566 35 75 to
2096 2566 154 75 contrail,

1221 2613 55 75 the
1297 2613 117 75 arches,
1424 2613 40 75 of
1477 2613 53 75 the
1547 2613 64 75 ribs
1636 2613 52 75 are
1705 2613 110 75 raifed,
1822 2613 147 75 together
1992 2613 78 75 with
2092 2613 56 75 the
2174 2613 60 75 fter
2243 2613 6 75 -

1221 2659 87 75 num,
1335 2659 61 75 and
1423 2659 113 75 placed
1563 2659 32 75 at
1612 2659 17 75 a
1645 2659 125 75 greater
1786 2659 137 75 diftance
1939 2659 84 75 from
2039 2659 78 75 each
2134 2659 114 75 other;

1222 2705 42 75 by
1282 2705 105 75 which
1404 2705 107 75 means
1529 2705 55 75 the
1605 2705 106 75 cavity
1735 2705 41 75 of
1793 2705 63 75 the,
1866 2705 118 75 thorax
2000 2705 26 75 is
2041 2705 145 75 inlarged
2208 2705 43 75 oa

1221 2752 55 75 the
1293 2752 71 75 two
1385 2752 114 75 lateral
1517 2752 62 75 and
1597 2752 140 75 anterior
1755 2752 95 75 fides.

1269 2799 48 75 At
1350 2799 56 75 the
1438 2799 84 75 fame
1533 2799 134 75 .inftant
1700 2799 56 75 the
1783 2799 188 75 diaphragm
2002 2799 27 75 is
2065 2799 113 75 flatted
2205 2799 7 75 ,
2212 2799 40 75 01-

1221 2847 140 75 brought
1381 2847 124 75 toward
1522 2847 18 75 a
1556 2847 93 75 plane
1672 2847 43 75 by
1731 2847 67 75 two
1816 2847 151 75 motions,
1992 2847 105 75 which
2115 2847 53 75 are
2198 2847 53 75 ap-

1221 2893 148 75 parently
1396 2893 172 75 contrary;
1604 2893 71 75 that
1698 2893 41 75 is,
1773 2893 43 75 by
1838 2893 56 75 the
1919 2893 195 75 contraction
2140 2893 41 75 of
2198 2893 56 75 the

1222 2942 199 75 diaphragm,
1448 2942 62 75 and
1537 2942 55 75 the
1611 2942 169 75 dilatation
1796 2942 41 75 of
1856 2942 54 75 the
1927 2942 64 75 ribs
2008 2942 32 75 in
2056 2942 105 75 which
2181 2942 24 75 it
2227 2942 33 75 is-

1222 2990 150 75 infefted.
1419 2990 77 75 The
1513 2990 146 75 external
1676 2990 123 75 furface
1815 2990 41 75 of
1862 2990 55 75 the
1934 2990 119 75 thorax
2071 2990 16 75 b
2100 2990 64 75 fir.g
2179 2990 76 75 thus

1222 3035 31 75 in
1271 3035 17 75 a
1304 3035 131 75 manner
1457 3035 173 75 iccreafed,
1659 3035 63 75 and
1747 3035 55 75 the
1826 3035 107 75 cavity
1959 3035 39 75 of
2021 3035 55 75 the
2105 3035 153 75 bronchia

1708 3086 22 75 4
1753 3086 28 75 B

2165 3086 94 75 being

711 166 840 75 ANATOM
1667 166 53 75 Y.
