2397 3387
1683 147 40 75 A
1780 147 35 75 Z
1871 147 40 75 Y

1648 217 178 75 chemiftry,
1851 217 56 75 the
1934 217 64 75 firft

1640 263 46 75 iry
1710 263 40 75 of
1772 263 18 75 a
1818 263 118 75 metal;
1961 263 47 75 me

1524 311 79 75 they
1633 311 61 75 call
1722 311 56 75 the
1811 311 145 75 mercury
1989 311 41 75 of

1292 265 74 75 tals,
1392 265 36 75 or
1456 265 55 75 the
1539 265 147 75 mercury
1710 265 40 75 of
1772 265 18 75 a

1292 310 70 75 that
1390 310 104 75 which
1524 310 79 75 they
1633 310 61 75 call

1291 357 105 75 which
1413 357 79 75 they
1508 357 134 75 pretend
1658 357 35 75 to
1714 357 251 75 drawS
2078 357 41 75 of

2056 449 13 75 r
2086 449 39 75 of
2137 449 54 75 the
2202 449 69 75 /ley.

522 153 40 75 A
619 153 35 75 Z
715 153 39 75 O

1098 153 20 75 (
1174 153 81 75 5ii
1318 153 17 75 )

211 223 41 75 of
261 223 56 75 the
334 223 82 75 fun’s
436 223 37 75 or
489 223 89 75 ftar’s
594 223 147 75 altitude,
766 223 53 75 for
841 223 150 75 in/lance,
1016 223 35 75 to
1070 223 56 75 the
1143 223 53 75 co-
1243 223 183 75 AZOTH,
1452 223 32 75 in
1507 223 9 75 ;

208 271 62 75 line
288 271 39 75 of
339 271 54 75 the
410 271 142 75 azimuth
570 271 85 75 from
672 271 55 75 the
743 271 108 75 fouth,
877 271 34 75 at
927 271 54 75 the
998 271 77 75 time
1091 271 40 75 of
1142 271 55 75 the

209 317 158 75 equinox.
426 317 56 75 To
511 317 66 75 find
604 317 54 75 the
687 317 143 75 azimuth
858 317 43 75 by
930 317 55 75 the
1008 317 107 75 globe,
1146 317 50 75 fee

210 361 259 75 Geography.

163 407 213 75 Magnetical
393 407 212 75 Azimuth,
622 407 39 75 an
674 407 75 75 arch
761 407 40 75 of
811 407 56 75 the
882 407 136 75 horizon
1035 407 156 75 intercep-

211 453 55 75 ted
281 453 143 75 between
452 453 56 75 the
537 453 156 75 azimuth,
719 453 37 75 or
783 453 131 75 vertical
943 453 108 75 circle,
1076 453 116 75 paffing
1239 453 177 75 AZURE,
1442 453 32 75 in
1495 453 18 75 a
1529 453 126 75 general
1672 453 99 75 fenfe,
1796 453 55 75 the
1867 453 75 75 blue
1958 453 18 75 c

209 500 139 75 through
375 500 56 75 the
456 500 109 75 centre
593 500 40 75 of
655 500 61 75 any
747 500 156 75 heavenly
930 500 99 75 body,
1056 500 60 75 and
1134 500 56 75 the
1287 500 62 75 See
1367 500 77 75 Sky
1464 500 61 75 and
1546 500 120 75 Blue.

628 543 83 75 This
729 543 27 75 is
772 543 100 75 found
889 543 42 75 by
955 543 168 75 obferving
1136 543 56 75 the
1238 543 155 75 Azure,
1419 543 77 75 amo;

785 636 164 75 t’adapted
969 636 36 75 to
1020 636 78 75 find,
1125 636 30 75 in
1174 636 19 75 a
1287 636 84 75 rally
1387 636 101 75 called
1506 636 102 75 ultra,

708 682 2 75 1
736 682 42 75 by
802 682 55 75 the
874 682 147 75 common
1036 682 156 75 fea-com-

1333 682 98 75 With
1462 682 126 75 greater

698 728 135 75 jneticai
860 728 185 75 amplitude,
1070 728 38 75 or
1125 728 66 75 azi-
1286 728 73 75 that
1375 728 109 75 bright
1502 728 75 75 blue
1594 728 111 75 colouV
1721 728 156 75 prepared
1904 728 84 75 from
2005 728 55 75 the
2077 728 79 75 lapis
2173 728 102 75 arme-

210 776 102 75 muth.
363 776 62 75 See
437 776 190 75 Compass.

1287 776 72 75 nus,
1385 776 18 75 a
1427 776 150 75 different
1601 776 87 75 /lone
1712 776 83 75 from
1827 776 55 75 the
1909 776 80 75 lapis
2013 776 111 75 lazuli,
2150 776 125 75 though

164 824 58 75 Az
232 824 9 75 1
249 824 82 75 mut
339 824 121 75 h-dial)
486 824 60 75 one
574 824 104 75 whofe
702 824 78 75 llyle
796 824 38 75 or
850 824 134 75 gnomen
1008 824 28 75 is
1052 824 35 75 at
1107 824 87 75 right
1288 824 184 75 frequently
1488 824 203 75 confounded
1707 824 161 75 together.
1915 824 86 75 This
2029 824 112 75 colour
2168 824 39 75 is,
2233 824 43 75 by

211 868 105 75 angles
333 868 35 75 to
384 868 55 75 the
455 868 92 75 plane
563 868 41 75 of
615 868 55 75 the
686 868 148 75 horizon.

1289 868 61 75 our
1367 868 150 75 painters,
1543 868 182 75 commonly
1741 868 102 75 called
1862 868 164 75 Lambert'
2026 868 18 75 s
2065 868 83 75 blue.

162 915 58 75 Az
230 915 10 75 1
248 915 256 75 murh‘Circles,
530 915 105 75 called
658 915 173 75 azimuths,
856 915 38 75 or
917 915 135 75 vertical
1068 915 125 75 circles.
1242 915 156 75 Azure,
1423 915 33 75 in
1473 915 165 75 heraldry,
1661 915 56 75 the
1740 915 73 75 blue
1833 915 111 75 colour
1967 915 32 75 in
2016 915 56 75 the
2089 915 84 75 arms
2190 915 41 75 of
2241 915 36 75 a-

210 960 53 75 are
287 960 89 75 great
404 960 112 75 circles
540 960 40 75 of
599 960 55 75 the
676 960 123 75 fphere,
833 960 201 75 interfering
1056 960 77 75 each
1158 960 37 75 o-
1289 960 44 75 ny
1349 960 111 75 perfon
1476 960 105 75 below
1596 960 55 75 the
1668 960 77 75 rank
1764 960 39 75 of
1815 960 18 75 a
1849 960 111 75 baron.
1995 960 39 75 In
2046 960 55 75 the
2114 960 162 75 efcutche-

209 1006 73 75 ther
298 1006 31 75 in
347 1006 55 75 the
427 1006 110 75 zenith
555 1006 61 75 and
634 1006 103 75 nadir,
763 1006 63 75 and
849 1006 123 75 cutting
988 1006 55 75 the
1059 1006 137 75 horizon
1289 1006 41 75 on
1348 1006 40 75 of
1405 1006 18 75 a
1439 1006 180 75 nobleman,
1637 1006 24 75 it
1678 1006 26 75 is
1722 1006 102 75 czWcA
1832 1006 156 75 fapphire
2000 980 8 104 ■
2036 1006 62 75 and
2110 1006 31 75 in
2155 1006 70 75 that
2242 1006 41 75 of

210 1051 32 75 at
259 1051 86 75 right
361 1051 108 75 angles
488 1051 34 75 in
539 1051 42 75 all
597 1051 56 75 the
674 1051 103 75 points
794 1051 137 75 thereof.

1289 1051 19 75 a
1324 1051 161 75 fovereign
1502 1051 119 75 prince,
1649 1051 150 75 Jupiter.
1849 1051 37 75 In
1915 1051 184 75 engraving,
2128 1051 64 75 this
2221 1051 55 75 co-

163 1098 170 75 AZOGA
345 1098 100 75 /hips,
473 1098 53 75 are
542 1098 91 75 thofe
651 1098 131 75 Spani/h
794 1098 82 75 /hips

1678 1098 20 75 -

1858 1098 19 75 "
1920 1098 8 75 ’
2008 1098 6 75 '

212 1144 54 75 the
283 1144 205 75 quick-Jilver
493 1144 106 75 fhips,
626 1144 82 75 from
726 1144 84 75 their
827 1144 89 75 carry

211 1189 35 75 to
268 1189 57 75 the
344 1189 130 75 Spanilh
490 1189 60 75 W.
570 1189 119 75 Indies,
714 1189 31 75 in
762 1189 96 75 order
873 1189 35 75 to

892 1119 5 104 ■
897 1145 77 75 ying
990 1145 178 75 quick-filvi

896 1190 12 75 )
924 1190 124 75 extraS
1063 1190 55 75 the
1143 1190 51 75 fil-
1240 1190 244 75 AZURIUM,
1509 1190 55 75 the
1589 1190 93 75 name
1706 1190 41 75 of
1763 1190 18 75 a
1803 1190 153 75 chemical
1974 1190 198 75 preparation
2191 1190 84 75 from

210 1235 56 75 ver
286 1235 57 75 out
371 1235 40 75 of
432 1235 57 75 the
515 1235 100 75 mines
643 1235 39 75 of
701 1235 137 75 Mexico
863 1235 60 75 and
941 1235 97 75 Peru.
1085 1235 110 75 Thefe
1289 1235 66 75 two
1367 1235 87 75 parts
1471 1235 39 75 of
1522 1235 159 75 mercury,
1707 1235 61 75 one
1785 1235 40 75 of
1837 1235 142 75 fulphur,
2005 1235 62 75 and
2084 1235 18 75 a
2115 1235 109 75 fourth
2241 1235 43 75 of

210 1282 93 75 /hips,
328 1282 119 75 ftrialy
469 1282 162 75 fpeaking,
657 1282 52 75 are
736 1282 56 75 not
822 1282 35 75 to
885 1282 93 75 carry
1006 1282 62 75 any
1092 1282 104 75 goods
1288 1282 44 75 fal
1349 1282 190 75 ammoniac,
1556 1282 110 75 mixed
1683 1282 31 75 in
1735 1282 17 75 a
1769 1282 134 75 mortar,
1922 1282 56 75 put
1990 1282 69 75 into
2076 1282 18 75 a
2110 1282 81 75 glafs
2208 1282 67 75 vef-

208 1328 102 75 unlefs
327 1328 52 75 for
395 1328 54 75 the
465 1328 80 75 king
554 1328 40 75 of
606 1328 124 75 Spain’s
748 1328 145 75 account.

1289 1328 56 75 fel,
1363 1328 61 75 and
1441 1328 46 75 fet
1503 1328 77 75 over
1596 1328 55 75 the
1668 1328 56 75 fire
1742 1328 50 75 till
1805 1328 18 75 a
1836 1328 98 75 blui/h
1951 1328 108 75 fmoak
2076 1328 107 75 arifes,
2210 1328 65 75 6c.

163 1375 164 75 AZONI,
352 1375 31 75 in
401 1375 124 75 ancient
549 1375 202 75 mythology,
777 1375 18 75 a
810 1375 102 75 name-
926 1375 125 75 applied
1068 1375 43 75 by
1138 1375 58 75 the
1241 1375 208 75 AZYGOS,
1475 1375 33 75 in
1534 1375 161 75 anatomy,
1729 1375 18 75 a
1768 1375 74 75 vein
1868 1375 93 75 riling
1986 1375 113 75 within
2124 1375 55 75 the
2203 1375 72 75 tho-

212 1420 127 75 Greeks
365 1420 36 75 to
428 1420 76 75 fuch
520 1420 40 75 of
571 1420 56 75 the
642 1420 79 75 gods
740 1420 32 75 as
789 1420 84 75 were
889 1420 112 75 deities
1031 1420 33 75 at
1091 1420 100 75 large,
1289 1420 58 75 rax
1374 1420 40 75 on
1436 1420 56 75 the
1519 1420 88 75 right
1630 1420 77 75 fide,
1730 1420 120 75 having
1875 1420 42 75 no
1934 1420 109 75 fellow
2060 1420 41 75 on
2119 1420 13 75 t

285 1467 221 75 appropriated
521 1467 36 75 to
574 1467 55 75 the
646 1467 133 75 worfhip
792 1467 40 75 of
841 1467 61 75 any
918 1467 172 75 particular
1106 1467 87 75 town
1288 1467 130 75 whence
1434 1467 26 75 it
1484 1467 26 75 is
1533 1467 103 75 called
1663 1467 126 75 azygos,
1815 1467 38 75 or
1880 1467 83 75 vena
1974 1467 76 75 fine
2070 1467 92 75 pari.
2213 1467 62 75 See

276 1511 145 75 :ountry;
447 1511 58 75 but
521 1511 248 75 acknowledged
784 1511 33 75 in
833 1511 127 75 general
976 1511 42 75 by
1035 1511 42 75 all
1094 1511 96 75 coun-
1288 1511 213 75 Anatomy,
1526 1511 33 75 p.
1587 1511 81 75 237.

276 1558 22 75 5,
316 1558 63 75 and
391 1558 196 75 wor/hipped
604 1558 42 75 by
663 1558 95 75 every
776 1558 121 75 nation.
930 1558 108 75 Thefe
1052 1558 53 75 the
1122 1558 67 75 La-
1239 1558 263 75 AZYMITES,
1527 1558 31 75 in
1576 1558 269 75 church-hiftory,
1871 1558 175 75 Chriflians
2072 1558 74 75 who
2174 1558 102 75 admi-

291 1605 103 75 called
410 1605 50 75 dii
475 1605 190 75 communes.
713 1605 54 75 Of
786 1605 64 75 *his
867 1605 65 75 fort
949 1605 84 75 were
1050 1605 54 75 the
1120 1605 74 75 fun,
1286 1605 92 75 ni/ler
1394 1605 55 75 the
1471 1605 154 75 eucharifl
1649 1605 78 75 with
1757 1605 194 75 unleavened
1978 1605 110 75 bread.
2137 1605 86 75 This
2248 1605 27 75 is

276 1650 42 75 rs,
343 1650 106 75 Luna,
475 1650 66 75 <bc.

164 1696 175 75 AZOPH,
363 1696 33 75 in
413 1696 197 75 geography.
659 1696 62 75 See
739 1696 80 75 Aso

165 1742 202 75 AZORES,
391 1742 111 75 i/lands
519 1742 31 75 in
579 1742 29 75 th

214 1787 61 75 and
293 1787 60 75 33°
371 1787 61 75 W.
449 1787 88 75 long,
564 1787 12 75 a

211 1832 98 75 They
326 1832 115 75 belong
468 1832 35 75 to
530 1832 46 75 th<

211 1879 102 75 called
338 1879 55 75 the
416 1879 151 75 We/lern

532 1788 5 75 .
564 1788 61 75 and
648 1788 144 75 between
820 1788 61 75 36°
906 1788 61 75 and
992 1788 62 75 40°
1072 1788 45 75 N.
1137 1788 57 75 lat.
1291 1788 105 75 mites.

1288 1653 38 75 an
1340 1653 190 75 appellation
1547 1653 92 75 given
1651 1653 43 75 by
1706 1653 54 75 the
1772 1653 98 75 Latin
1887 1653 34 75 to
1934 1653 55 75 the
2004 1653 113 75 Greek
2129 1653 119 75 church
2262 1653 12 75 ;

1288 1699 74 75 who
1378 1699 65 75 alfo
1460 1699 61 75 call
1539 1699 58 75 the
1613 1699 192 75 Armenians
1823 1699 61 75 and
1901 1699 194 75 Maronites,
2120 1699 74 75 who
2222 1699 54 75 ufe

1501 1746 98 75 bread
1620 1746 32 75 in
1669 1746 84 75 their
1769 1746 105 75 office,
1891 1746 45 75 by
1951 1746 57 75 the
2024 1746 90 75 name
2131 1746 40 75 of
2186 1746 90 75 Azy~

848 1883 4 75 ;
879 1883 162 75 weftward
1065 1883 40 75 of
1123 1883 69 75 Eu-

1244 1839 246 75 AZYMOUS,

163 2099 2118 75 00000000000000000000000000000000000000000000

1203 2255 66 75 B

162 2407 187 75 BAAR,
376 2407 18 75 a
409 2407 134 75 country
560 2407 40 75 of
611 2407 129 75 Swabia
749 2407 36 75 in
794 2407 178 75 Germany,
990 2407 31 75 in
1034 2407 55 75 the
1100 2407 91 75 prin-
1233 2407 274 75 Babylon-was
1521 2407 66 75 alfo
1605 2407 37 75 an
1667 2407 124 75 ancient
1811 2407 67 75 city
1901 2407 41 75 of
1960 2407 123 75 Egypt,

283 2452 128 75 cipality
436 2452 39 75 of
495 2452 225 75 Fur/lenberg,
745 2452 76 75 near
849 2452 57 75 the
932 2452 111 75 fource
1070 2452 40 75 of
1132 2452 54 75 the
1281 2452 34 75 to
1332 2452 80 75 have
1428 2452 89 75 flood
1534 2452 106 75 where
1657 2452 117 75 Grand
1790 2452 97 75 Cairo
1903 2452 78 75 does
1998 2452 33 75 at
2048 2452 48 75 pn

283 2452 129 75 cipality
436 2452 40 75 of
494 2452 226 75 Fur/lenberg,
745 2452 76 75 near
849 2452 57 75 the
932 2452 84 75 fourt

209 2498 138 75 Danube
364 2498 61 75 and
441 2498 53 75 the
511 2498 142 75 Necker.

162 2546 386 75 BABELMANDEL,
574 2546 18 75 a
607 2546 84 75 little
707 2546 97 75 i/land
832 2546 35 75 at
892 2546 55 75 the
976 2546 76 75 entr;

208 2588 54 75 the
280 2588 156 75 Red-fea,
449 2588 83 75 from
548 2588 56 75 the
620 2588 111 75 Indian
750 2588 97 75 ocean
859 2588 11 75 ;
895 2588 84 75 from
991 2588 61 75 win

208 2635 102 75 /Iraits
327 2635 40 75 of
377 2635 226 75 Babelmandel
620 2635 73 75 take
713 2635 83 75 their
813 2635 105 75 name.

160 2682 213 75 BABOON,
401 2682 34 75 in
451 2682 151 75 zoology,
620 2682 191 75 a/ynonime
828 2682 39 75 of
883 2682 55 75 the
954 2682 90 75 fimia

210 2726 60 75 See
289 2726 37 75 Si
335 2726 42 75 mi

1616 2512 5 75 1
1645 2512 153 75 zoology,
1823 2512 19 75 a
1857 2512 162 75 fynonime
2043 2512 41 75 of
2101 2512 19 75 a
2146 2512 117 75 fpecies

1784 2608 7 75 ,
1791 2608 9 75 -
1816 2608 32 75 ih
1873 2608 111 75 Spain,
2009 2608 133 75 fituated
2165 2640 11 49 £

1234 2509 331 75 BABYROUSSA,
1589 2509 11 75 i

1154 2550 42 75 of
1285 2550 42 75 of
1336 2550 71 75 fus..
1450 2550 61 75 See
1528 2550 87 75 Sus.

1148 2598 40 75 he
1233 2598 144 75 BACA,
1404 2598 17 75 a
1448 2598 86 75 town
1562 2598 40 75 of
1625 2598 67 75 Gra

1283 2647 50 75 48.
1345 2647 88 75 miles
1457 2647 174 75 north-ea/l
1646 2647 39 75 of
1697 2647 56 75 the
1775 2647 67 75 city
1858 2647 39 75 of
1909 2647 166 75 Granada,
2098 2647 32 75 in
2145 2647 38 75 3°
2200 2647 61 75 W.

1280 2692 89 75 long,
1394 2692 61 75 and
1475 2692 61 75 37°
1555 2692 118 75 3.0'N.
1690 2692 60 75 lat.

1233 2741 263 75 BACALIAU,
1521 2741 38 75 or
1573 2741 256 75 Barcalxao*
1870 2741 62 75 See
1949 2741 237 75 Barcallao

160 2774 240 75 BABYLON,
427 2774 18 75 a
462 2774 180 75 celebrated
659 2774 65 75 city
739 2774 40 75 of
790 2774 174 75 antiquity,
986 2774 201 75 fuppofedto
1232 2774 175 75 BACCA,
1432 2774 107 75 berry,
1555 2774 34 75 in
1605 2774 130 75 botany,
1763 2774 26 75 is
1808 2774 78 75 ufed
1899 2774 34 75 to
1949 2774 114 75 ficnify
2077 2774 76 75 fuch
2165 2774 94 75 fruits

204 2818 81 75 have
300 2818 78 75 been
395 2818 133 75 fituated
544 2818 42 75 on
602 2818 55 75 the
670 2818 82 75 river
768 2818 195 75 Euphrates,
989 2818 122 75 though
1125 2818 63 75 not
1277 2818 33 75 as
1334 2818 107 75 confi/l
1466 2818 40 75 of
1533 2818 19 75 a
1570 2818 211 75 pericarpium
1809 2818 61 75 full
1898 2818 40 75 of
1958 2818 82 75 juice
2067 2818 73 75 and*
2156 2818 71 75 feed

204 2864 40 75 on
261 2864 42 75 its
319 2864 124 75 prefent
459 2864 151 75 channel,"
620 2864 31 75 in
670 2864 61 75 44°
745 2864 43 75 E.
805 2864 88 75 long.
909 2864 136 75 and.32°
1062 2864 47 75 N.
1122 2864 58 75 lat.
1277 2864 137 75 without
1430 2864 61 75 any
1505 2864 120 75 valves.
1694 2864 19 75 ^

1952 2846 14 49 J

205 2909 66 75 But
294 2909 39 75 of
352 2909 63 75 this
438 2909 78 75 once
543 2909 35 75 fo
600 2909 180 75 flouri/hing
797 2909 18 75 a
831 2909 81 75 city,
933 2909 90 75 there
1041 2909 52 75 are
1109 2909 74 75 now
1228 2909 275 75 BACCARAT,
1529 2909 17 75 a
1563 2909 86 75 town
1666 2909 41 75 of
1717 2909 23 75 I

203 2956 41 75 no
262 2956 152 75 remains;
441 2956 58 75 nor
519 2956 27 75 is
564 2956 78 75 even
658 2956 56 75 the
737 2956 89 75 place
843 2956 107 75 where
967 2956 25 75 it
1007 2956 91 75 Ztood
1114 2956 69 75 cer-
1275 2956 102 75 tween
1393 2956 106 75 Nanci
1521 2956 62 75 and
1605 2956 142 75 EftivaL

203 3003 102 75 tamly
318 3003 131 75 known,

2112 3003 137 75 BACA
