2428 3377
114 158 78 75 :S8

665 157 988 75 ANATOMY.

2018 157 99 75 Part
2146 157 69 75 VI.

110 222 108 75 cords,
235 222 108 75 which
356 222 41 75 go
409 222 164 75 obliquely
585 222 85 75 from
686 222 55 75 the
758 222 159 75 fubftance
932 222 40 75 of
984 222 59 75 one
1060 222 79 75 late-

112 270 47 75 ral
180 270 125 75 portion
322 270 69 75 into
406 270 56 75 the
478 270 160 75 fubftance
654 270 40 75 of
706 270 54 75 the
776 270 106 75 other.

157 316 76 75 The
252 316 136 75 corpora
403 316 133 75 olivaria
551 316 62 75 and
629 316 207 75 pyramidalia
852 316 53 75 are
922 316 123 75 whitifh
1061 316 77 75 emi-

110 362 116 75 nences
254 362 134 75 fituated
415 362 245 75 longitudinally
687 362 75 75 near
788 362 78 75 each
894 362 93 75 other
1015 362 41 75 on
1086 362 53 75 the

113 407 100 75 lower
229 407 63 75 fide
308 407 40 75 of
371 407 55 75 the
451 407 175 75 extremity
650 407 38 75 or
715 407 113 75 cauda,
853 407 215 75 immediately
1085 407 54 75 be-

110 454 79 75 hind
205 454 55 75 the
274 454 171 75 tranfverfe
461 454 38 75 or
516 454 130 75 annular
668 454 260 75 protuberances.
976 454 76 75 The
1070 454 70 75 Cor-

111 501 79 75 pora
201 501 132 75 olivaria
352 501 53 75 are
422 501 31 75 in
464 501 61 75 the
542 501 133 75 middle,
700 501 34 75 fo
750 501 70 75 that
837 501 56 75 the
910 501 155 75 interftice
1082 501 55 75 be-

112 547 102 75 tween
232 547 101 75 them,
359 547 105 75 which
480 547 26 75 is
530 547 19 75 a
574 547 80 75 kind
676 547 41 75 of
733 547 176 75 fuperficial
926 547 131 75 groove,
1083 547 54 75 an-

111 594 26 75 1'
137 594 72 75 wcrs
226 594 35 75 to
284 594 55 75 the
354 594 133 75 inferior
503 594 118 75 groove
638 594 39 75 of
689 594 55 75 the
763 594 166 75 following
951 594 140 75 portion.

159 640 76 75 The
259 640 136 75 corpora
417 640 209 75 pyramidalia
651 640 54 75 are
733 640 66 75 two
826 640 111 75 lateral
965 640 175 75 eminences

111 686 179 75 depending
307 686 41 75 on
365 686 54 75 the
435 686 144 75 olivaria.
626 686 110 75 Thefe
752 686 74 75 four
841 686 175 75 eminences
1033 686 54 75 are
1103 686 37 75 fi-

109 734 112 75 tuated
236 734 41 75 on
296 734 55 75 the
366 734 99 75 lower
482 734 73 75 half
566 734 40 75 of
618 734 55 75 the
690 734 151 75 medulla.

156 779 76 75 The
264 779 165 75 tubercula
459 779 232 75 mammillaria,
723 779 38 75 or
784 779 123 75 papillae
936 779 202 75 medullares,

110 826 106 75 which
232 826 53 75 are
301 826 136 75 fituated
453 826 76 75 very
545 826 75 75 near
636 826 55 75 the
710 826 187 75 produdion
912 826 40 75 of
962 826 56 75 the
1033 826 105 75 infun-

110 873 159 75 dibulum,
294 873 80 75 have
390 873 81 75 been
487 873 95 75 taken
599 873 50 75 for
665 873 125 75 glands.

158 919 108 75 Thefe
279 919 157 75 tubercles
454 919 81 75 feem
553 919 34 75 to
605 919 81 75 have
703 919 85 75 fome
804 919 182 75 immediate
1003 919 136 75 relation

110 966 35 75 to
163 966 54 75 the
229 966 89 75 roots
335 966 38 75 or
389 966 87 75 bales
494 966 39 75 of
544 966 56 75 the
616 966 140 75 anterior
772 966 93 75 pillar
881 966 41 75 of
933 966 55 75 the
1004 966 122 75 fornix.

157 1012 76 75 The
249 1012 82 75 beak
358 1012 37 75 or
423 1012 75 75 tube
516 1012 40 75 of
574 1012 56 75 the
646 1012 236 75 infundibulum
898 1012 26 75 is
941 1012 19 75 a
976 1012 77 75 very
1070 1012 69 75 thin

111 1057 187 75 production
308 1057 85 75 from
405 1057 56 75 the
473 1057 77 75 fides
563 1057 40 75 of
609 1057 73 75 that
692 1057 126 75 cavity;
833 1057 63 75 and
906 1057 26 75 it
944 1057 26 75 is
983 1057 156 75 ftrength-

107 1105 85 75 cned
206 1105 43 75 by
266 1105 19 75 a
301 1105 171 75 particular
489 1105 72 75 coat
578 1105 92 75 given
698 1105 35 75 to
759 1105 28 75 it
811 1105 43 75 by
878 1105 55 75 the
957 1105 51 75 pia
1024 1105 114 75 mater.

109 1152 33 75 It
159 1152 28 75 is
203 1152 76 75 bent
295 1152 19 75 a
329 1152 84 75 little
429 1152 85 75 from
530 1152 119 75 behind
665 1152 152 75 forward,
840 1152 128 75 toward
982 1152 55 75 the
1049 1152 90 75 glan-

109 1198 79 75 dula
203 1198 144 75 pinealis,
372 1198 63 75 and
454 1198 188 75 afterwards
659 1198 144 75 expands
831 1198 92 75 again
948 1198 103 75 round
1075 1198 65 75 this

111 1244 111 75 gland.

157 1292 76 75 The
249 1292 182 75 membrana
446 1292 218 75 arachnoides,
682 1292 37 75 or
735 1292 144 75 external
896 1292 116 75 lamina
1028 1292 40 75 of
1079 1292 56 75 the

109 1338 55 75 pia
186 1338 113 75 mater,
317 1338 129 75 appears
469 1338 35 75 to
527 1338 40 75 be
594 1338 77 75 very
695 1338 158 75 diftindly
869 1338 163 75 feparated
1055 1338 84 75 from

110 1385 58 75 the
193 1385 136 75 internal
352 1385 129 75 lamina,
505 1385 32 75 in
564 1385 55 75 the
647 1385 172 75 interftices
836 1385 142 75 between
995 1385 42 75 all
1053 1385 87 75 thefe

109 1429 180 75 eminences
310 1429 39 75 on
368 1429 55 75 the
451 1429 98 75 lower
573 1429 63 75 fide
664 1429 40 75 of
728 1429 54 75 the
800 1429 138 75 medulla
954 1429 184 75 oblongata,

113 1477 139 75 without
268 1477 61 75 any
341 1477 107 75 vifible
465 1477 131 75 cellular
609 1477 160 75 fubftance
786 1477 142 75 between
946 1477 100 75 them.

161 1523 97 75 From
285 1523 63 75 this
377 1523 140 75 medulla
545 1523 182 75 oblongata,
762 1523 77 75 arife
866 1523 110 75 almoft
1004 1523 43 75 all
1085 1523 56 75 the

115 1570 111 75 nerves
245 1570 104 75 which
372 1570 43 75 go
442 1570 57 75 out
526 1570 39 75 of
585 1570 56 75 the
661 1570 141 75 cranium
822 1570 139 75 through
980 1570 52 75 the
1048 1570 94 75 diffe-

114 1616 71 75 rent
202 1616 155 75 foramina
377 1616 44 75 by
438 1616 107 75 which
568 1616 42 75 its
630 1616 78 75 bafis
725 1616 26 75 is
769 1616 195 75 perforated.
1012 1616 34 75 It
1061 1616 80 75 like-

114 1654 74 75 wife
205 1654 156 75 produces
384 1654 54 75 the
462 1654 141 75 medulla
629 1654 139 75 fpinalis,
800 1654 104 75 which
932 1654 25 75 is
983 1654 41 75 no
1052 1654 89 75 more

114 1708 78 75 than
208 1708 19 75 a
243 1708 145 75 common
404 1708 181 75 elongation
601 1708 39 75 of
652 1708 54 75 the
723 1708 164 75 cerebrum
915 1708 62 75 and
1003 1708 139 75 cerebel-

113 1755 81 75 lum,
220 1755 62 75 and
297 1755 39 75 of
347 1755 83 75 their
447 1755 149 75 different
611 1755 175 75 fubftances
798 1755 10 75 ;
835 1755 63 75 and
913 1755 161 75 therefore
1087 1755 55 75 the

115 1801 142 75 medulla
273 1801 172 75 oblongata
460 1801 73 75 may
546 1801 99 75 juftly
667 1801 38 75 be
731 1801 67 75 faid
822 1801 34 75 to
872 1801 40 75 be
928 1801 56 75 the
1000 1801 63 75 firft
1079 1801 64 75 ori-

116 1848 54 75 gin
187 1848 37 75 or
240 1848 160 75 primitive
427 1848 109 75 fource
562 1848 39 75 of
624 1848 43 75 all
692 1848 55 75 the
763 1848 112 75 nerves
899 1848 40 75 of
954 1848 56 75 the
1024 1848 121 75 human

116 1895 98 75 body.

266 1990 340 75 MEDULLA
654 1990 340 75 SPINALIS.

162 2076 86 75 The
267 2076 139 75 medulla
421 2076 125 75 fpinalis
564 2076 26 75 is
608 2076 76 75 only
701 2076 37 75 an
761 2076 182 75 elongation
959 2076 40 75 of
1010 2076 55 75 the
1085 2076 58 75 ex-

117 2122 131 75 tremity
260 2122 39 75 of
305 2122 55 75 the
371 2122 138 75 medulla
521 2122 189 75 oblongata;
726 2122 62 75 and
800 2122 24 75 it
833 2122 56 75 has
902 2122 40 75 its
955 2122 91 75 name
1058 2122 84 75 from

118 2171 41 75 its
167 2171 95 75 being
271 2171 168 75 contained
447 2171 31 75 in
491 2171 54 75 the
554 2171 86 75 bony
650 2171 87 75 canal
748 2171 38 75 of
791 2171 55 75 the
857 2171 85 75 fpina
949 2171 81 75 dorfi
1042 2171 10 75 ;
1067 2171 75 75 con-

118 2210 166 75 fequently
293 2210 18 75 a
322 2210 217 75 continuation
551 2210 37 75 or
600 2210 145 75 common
759 2210 159 75 appendix
933 2210 40 75 of
983 2210 55 75 the
1055 2210 87 75 cere-

118 2262 93 75 brum
223 2262 36 75 or
271 2262 203 75 cerebellum,
492 2262 33 75 as
542 2262 72 75 well
631 2262 130 75 becaufe
773 2262 41 75 of
825 2262 53 75 the
888 2262 67 75 two
965 2262 175 75 fubftances

119 2310 41 75 of
170 2310 104 75 which
290 2310 25 75 it
331 2310 27 75 is
375 2310 180 75 compofed,
572 2310 32 75 as
620 2310 131 75 becaufe
767 2310 40 75 of
818 2310 55 75 the
889 2310 196 75 membranes
1097 2310 44 75 by

121 2354 106 75 which
243 2354 26 75 it
285 2354 25 75 is
327 2354 150 75 invefted.

166 2400 76 75 The
257 2400 80 75 dura
352 2400 111 75 mater,
489 2400 81 75 after
587 2400 25 75 it
627 2400 58 75 has
701 2400 86 75 lined
804 2400 55 75 the
876 2400 104 75 whole
1005 2400 135 75 internal

120 2446 122 75 furface
269 2446 39 75 of
328 2446 55 75 the
400 2446 151 75 cranium,
578 2446 75 75 goes
669 2446 57 75 out
742 2446 42 75 by
800 2446 55 75 the
882 2446 89 75 great
995 2446 147 75 occipital

122 2492 155 75 foramen,
302 2492 63 75 and
390 2492 100 75 forms
518 2492 18 75 a
562 2492 78 75 kind
667 2492 39 75 of
724 2492 123 75 funnel,
871 2492 32 75 in
928 2492 42 75 its
999 2492 145 75 progrefs

122 2536 185 75 downward
321 2536 141 75 through
478 2536 55 75 the
548 2536 86 75 bony
651 2536 88 75 Canal
758 2536 39 75 of
811 2536 56 75 the
884 2536 164 75 vertebrae.

167 2586 76 75 The
259 2586 98 75 fpinal
373 2586 135 75 marrow
525 2586 26 75 is
568 2586 91 75 made
676 2586 41 75 up
739 2586 40 75 of
801 2586 19 75 a
843 2586 131 75 cortical
991 2586 63 75 and
1074 2586 66 75 me-

121 2632 126 75 dullary
263 2632 170 75 fubftance,
458 2632 34 75 as
508 2632 55 75 the
587 2632 165 75 cerebrum
768 2632 63 75 and
846 2632 191 75 cerebellum
1050 2632 11 75 ;
1088 2632 57 75 but

123 2679 79 75 with
221 2679 62 75 this
300 2679 180 75 difference,
506 2679 71 75 that
601 2679 55 75 the
680 2679 219 75 alh-coloured
914 2679 158 75 fubftance
1088 2679 58 75 lies

125 2724 111 75 within
254 2724 54 75 the
325 2724 113 75 other;
465 2724 62 75 and
543 2724 31 75 in
591 2724 19 75 a
624 2724 171 75 tranfverfe
811 2724 115 75 fetftion
942 2724 40 75 of
992 2724 65 75 this
1080 2724 66 75 me-

125 2771 99 75 dulla,
249 2771 55 75 the
320 2771 89 75 inner
430 2771 161 75 fubftance
605 2771 133 75 appears
754 2771 36 75 to
804 2771 40 75 be
861 2771 38 75 of
912 2771 53 75 the
988 2771 101 75 figure
1112 2771 40 75 of

126 2819 37 75 an
180 2819 193 75 horfe-lhoe.

1105 2819 9 75 ,

171 2864 75 75 The
264 2864 85 75 bodv
365 2864 39 75 of
416 2864 54 75 the
487 2864 139 75 medulla
653 2864 125 75 fpinalis
806 2864 74 75 runs
903 2864 94 75 down
1024 2864 46 75 all
1091 2864 55 75 the

126 2910 70 75 way
213 2910 34 75 to
258 2910 55 75 the
330 2910 62 75 firft
403 2910 146 75 vertebra
561 2910 39 75 of
612 2910 54 75 the
682 2910 94 75 loins,
800 2910 106 75 where
922 2910 25 75 it
963 2910 184 75 terminates

126 2957 33 75 in
176 2957 17 75 a
213 2957 101 75 point.
360 2957 77 75 The
453 2957 60 75 fize
537 2957 39 75 of
595 2957 26 75 it
647 2957 26 75 is
701 2957 257 75 proportionable
974 2957 36 75 to
1026 2957 69 75 that
1113 2957 39 75 of

1191 223 54 75 the
1262 223 87 75 bony
1365 223 103 75 canal,
1493 223 34 75 fo
1543 223 70 75 that
1630 223 25 75 it
1666 223 27 75 is
1709 223 106 75 larger
1829 223 33 75 in
1878 223 54 75 the
1948 223 154 75 vertebrae
2111 223 40 75 of
2162 223 54 75 the

1191 269 80 75 neck
1288 269 76 75 than
1387 269 89 75 thofe
1493 269 39 75 of
1548 269 54 75 the
1618 269 94 75 back.

1239 315 31 75 It
1286 315 92 75 fends
1394 315 51 75 off
1457 315 84 75 from
1557 315 79 75 both
1654 315 55 75 the
1725 315 69 75 fore
1811 315 60 75 and
1887 315 82 75 back
1985 315 91 75 fides,
2101 315 33 75 at
2154 315 61 75 dif-

1191 361 104 75 ferent
1310 361 166 75 diftances,
1500 361 57 75 flat
1576 361 138 75 fafciculi
1730 361 40 75 of
1780 361 135 75 nervous
1931 361 170 75 filaments.
2141 361 76 75 The

1190 406 139 75 anterior
1346 406 62 75 and
1424 406 153 75 pofterior
1592 406 140 75 fafciculi
1755 406 117 75 having
1888 406 57 75 got
1960 406 19 75 a
1993 406 91 75 little'
2084 406 134 75 beyond

1190 453 55 75 the
1262 453 80 75 edge
1364 453 40 75 of
1418 453 55 75 the
1501 453 152 75 medulla,
1679 453 87 75 unite
1793 453 32 75 in
1851 453 97 75 pairs,
1974 453 62 75 and
2063 453 84 75 form
2174 453 43 75 on

1189 498 78 75 each
1284 498 62 75 fide
1363 498 17 75 a
1397 498 78 75 kind
1492 498 40 75 of
1542 498 108 75 knots,
1668 498 282 75 ceWthganglions
1967 498 44 75 by
2023 498 192 75 anatomifts,

1191 545 78 75 each
1286 545 40 75 of
1337 545 105 75 which
1459 545 156 75 produces
1633 545 18 75 a
1667 545 135 75 nervous
1819 545 107 75 trunk.
1975 545 108 75 Thefe
2095 545 122 75 gangli-

1184 592 63 75 -bns
1264 592 53 75 are
1333 592 92 75 made
1442 592 42 75 up
1502 592 40 75 of
1561 592 18 75 a
1601 592 141 75 mixture
1758 592 40 75 of
1810 592 130 75 cortical
1957 592 63 75 and
2036 592 178 75 medullary

1190 638 172 75 fubftance,
1380 638 223 75 accompanied
1618 638 43 75 by
1674 638 18 75 a
1703 638 89 75 great
1804 638 132 75 number
1951 638 40 75 of
2002 638 89 75 fmall
2101 638 116 75 blood-

1189 684 123 75 veffels.

1235 731 76 75 The
1326 731 80 75 dura
1423 731 112 75 mater,
1552 731 107 75 which
1675 731 113 75 invefts
1808 731 55 75 the
1880 731 151 75 medulla,
2056 731 90 75 fends
2159 731 56 75 out

1189 776 42 75 on
1250 776 79 75 each
1356 776 64 75 fide
1443 776 56 75 the
1526 776 84 75 fame
1637 776 132 75 number
1785 776 41 75 of
1846 776 120 75 vaginae
1990 776 34 75 as
2050 776 89 75 there
2162 776 54 75 are

1189 823 164 75 ganglions
1381 823 62 75 and
1469 823 135 75 nervous
1631 823 127 75 trunks.
1804 823 110 75 Thele
1929 823 119 75 vaginae
2065 823 53 75 are
2141 823 75 75 pro-

1189 869 143 75 duftions
1341 869 40 75 of
1388 869 55 75 the
1452 869 144 75 external
1606 869 135 75 lamina;
1757 869 54 75 the
1823 869 135 75 internal
1968 869 129 75 lamina,
2110 869 105 75 which

1189 915 25 75 is
1232 915 79 75 very
1326 915 124 75 fmooth
1467 915 62 75 and
1552 915 142 75 polifhed
1715 915 41 75 on
1781 915 55 75 the
1858 915 106 75 infide,
1990 915 94 75 being
2108 915 106 75 perfo-

1189 961 91 75 rated
1297 961 43 75 by
1356 961 65 75 two
1451 961 90 75 fmall
1568 961 90 75 holes
1682 961 78 75 very
1783 961 75 75 near
1885 961 77 75 each
1978 961 105 75 other,
2109 961 109 75 where

1188 1007 79 75 each
1286 1007 114 75 vagina
1416 1007 75 75 goes
1508 1007 58 75 off,
1591 1007 141 75 through
1756 1007 105 75 which
1884 1007 90 75 holes
1991 1007 56 75 the
2063 1007 152 75 extremi-

1189 1053 60 75 ties
1265 1053 40 75 of
1320 1053 78 75 each
1416 1053 139 75 anterior
1582 1053 62 75 and
1671 1053 152 75 pofterior
1845 1053 165 75 fafciculus
2038 1053 53 75 are
2115 1053 101 75 tranf-

1189 1099 114 75 mitted
1316 1099 11 75 ;
1354 1099 63 75 and
1439 1099 216 75 immediately
1672 1099 82 75 after
1767 1099 84 75 their
1867 1099 121 75 paffage
2005 1099 140 75 through
2161 1099 56 75 the

1188 1145 136 75 internal
1341 1145 128 75 lamina,
1495 1145 79 75 they
1588 1145 101 75 unite.

1210 1249 100 75 Uses
1335 1249 44 75 of
1392 1249 52 75 the
1467 1249 126 75 Brain
1618 1249 69 75 and
1701 1249 43 75 its
1763 1249 209 75 Appendages
1988 1249 36 75 in
2038 1249 151 75 general.

1234 1326 234 75 Malphighi
1491 1326 65 75 was
1568 1326 55 75 the
1635 1326 63 75 firft
1710 1326 74 75 who
1795 1326 182 75 difeovered
1995 1326 53 75 the
2067 1326 90 75 brain
2179 1326 36 75 to

1187 1374 39 75 be
1239 1374 18 75 a
1273 1374 108 75 gland,
1407 1374 37 75 or
1461 1374 39 75 an
1516 1374 100 75 organ
1633 1374 92 75 fitted
1741 1374 35 75 to
1786 1374 140 75 feparate
1942 1374 85 75 fome
2043 1374 172 75 particular

1188 1420 79 75 fluid
1284 1420 82 75 from
1384 1420 54 75 the
1459 1420 80 75 mafs
1556 1420 40 75 of
1614 1420 112 75 blood.

1234 1467 75 75 The
1332 1467 121 75 infinite
1469 1467 133 75 number
1625 1467 41 75 of
1687 1467 89 75 fmall
1792 1467 161 75 fecretory
1969 1467 127 75 clufters
2120 1467 95 75 ftrain

1188 1513 37 75 or
1248 1513 86 75 filter
1349 1513 55 75 the
1425 1513 79 75 mafs
1532 1513 39 75 of
1592 1513 99 75 blood
1717 1513 124 75 carried
1856 1513 35 75 to
1907 1513 87 75 them
2012 1513 44 75 by
2080 1513 54 75 the
2157 1513 58 75 nu-

1189 1559 125 75 merous
1331 1559 236 75 ramifications,
1592 1559 60 75 and
1670 1559 140 75 feparate
1833 1559 84 75 from
1943 1559 26 75 it
1994 1559 38 75 an
2048 1559 168 75 excelfive-

1189 1605 34 75 ly
1239 1605 61 75 fine
1315 1605 79 75 fluid
1408 1605 10 75 ;
1442 1605 58 75 the
1516 1605 174 75 remaining
1706 1605 98 75 blood
1828 1605 93 75 being
1949 1605 161 75 conveyed
2134 1605 83 75 back,

1189 1651 43 75 by
1247 1651 56 75 the
1318 1651 83 75 fame
1417 1651 134 75 number
1567 1651 39 75 of
1618 1651 91 75 venal
1725 1651 211 75 extremities,
1953 1651 68 75 into
2037 1651 55 75 the
2103 1651 111 75 finufes

1189 1698 39 75 of
1240 1698 54 75 the
1311 1698 80 75 dura
1406 1698 113 75 mater,
1543 1698 63 75 and
1622 1698 85 75 from
1723 1698 114 75 thence
1853 1698 68 75 into
1937 1698 55 75 the
2005 1698 129 75 jugular
2150 1698 65 75 and

1187 1743 159 75 vertebral
1362 1743 100 75 veins.

1235 1789 84 75 This
1352 1789 114 75 fubtile
1492 1789 90 75 fluid,
1618 1789 183 75 commonly
1829 1789 104 75 called
1964 1789 250 75 animalfpirit,

1190 1836 133 75 nervous
1340 1836 106 75 juice,
1468 1836 42 75 or
1536 1836 108 75 liquor
1669 1836 43 75 of
1726 1836 53 75 the
1804 1836 126 75 nerves,
1963 1836 26 75 is
2018 1836 197 75 continually

1184 1881 116 75 Forced
1319 1881 67 75 into
1405 1881 55 75 the
1485 1881 179 75 medullary
1679 1881 94 75 fibres
1790 1881 40 75 of
1850 1881 54 75 the
1920 1881 97 75 white
2034 1881 127 75 portion
2180 1881 42 75 of

1190 1927 55 75 the
1264 1927 177 75 cerebrum,
1466 1927 203 75 cerebellum,
1695 1927 141 75 medulla
1861 1927 183 75 oblongata,
2070 1927 61 75 and
2148 1927 66 75 me-

1190 1974 87 75 dulla
1300 1974 126 75 fpinalis
1442 1974 10 75 ;
1479 1974 62 75 and
1558 1974 43 75 by
1627 1974 57 75 the
1711 1974 210 75 intervention
1946 1974 39 75 of
2008 1974 86 75 thefe
2119 1974 94 75 fibres

1189 2019 133 75 fupplies
1340 2019 63 75 arid
1418 2019 61 75 fills
1502 2019 56 75 the
1575 2019 124 75 nerves,
1725 2019 106 75 which
1849 2019 53 75 are
1915 2019 19 75 a
1945 2019 217 75 continuation
2178 2019 41 75 of

1189 2066 102 75 them.

1443 2166 513 75 PERICRANIUM.

1235 2247 161 75 Besides
1423 2247 57 75 the
1507 2247 145 75 external
1679 2247 212 75 integuments
1914 2247 40 75 of
1972 2247 55 75 the
2042 2247 94 75 head,
2160 2247 57 75 the

1188 2293 78 75 Ikin,
1288 2293 83 75 hair,
1396 2293 61 75 and
1482 2293 131 75 cellular
1628 2293 172 75 fubftance,
1824 2293 91 75 there
1930 2293 26 75 is
1974 2293 39 75 an
2040 2293 175 75 aponeuro-

1188 2341 43 75 tic
1248 2341 168 75 expanfion
1444 2341 106 75 which
1571 2341 111 75 covers
1710 2341 56 75 the
1790 2341 83 75 head
1889 2341 65 75 like
1982 2341 17 75 a
2016 2341 69 75 cap,
2111 2341 62 75 and
2188 2341 28 75 is

1188 2387 112 75 fpread
1315 2387 103 75 round
1434 2387 56 75 the
1504 2387 82 75 neck
1602 2387 63 75 and
1676 2387 42 75 on
1735 2387 55 75 the
1805 2387 161 75 {boulders
1982 2387 65 75 like
2063 2387 19 75 a
2097 2387 119 75 riding-

1189 2432 99 75 hood.
1334 2432 6 75 ,

1695 2432 5 75 '

1235 2478 85 75 This
1336 2478 198 75 aponeiirofis
1561 2478 29 75 Is
1618 2478 78 75 very
1722 2478 107 75 ftrong
1855 2478 42 75 on
1913 2478 55 75 the
1994 2478 95 75 head,
2114 2478 62 75 and
2191 2478 26 75 it

1191 2524 129 75 appears
1336 2524 35 75 to
1387 2524 40 75 be
1442 2524 106 75 made'
1548 2524 45 75 up
1604 2524 33 75 at
1651 2524 77 75 leaft
1739 2524 40 75 of
1790 2524 66 75 two
1873 2524 94 75 ftrata
1978 2524 40 75 of
2028 2524 93 75 fibres
2133 2524 84 75 crof-

1191 2570 64 75 fing
1271 2570 77 75 each
1365 2570 104 75 other.
1518 2570 48 75 As
1583 2570 24 75 it
1636 2570 25 75 is
1677 2570 112 75 fptead
1805 2570 41 75 on
1863 2570 54 75 the
1934 2570 80 75 neck
2029 2570 26 75 it
2072 2570 146 75 becomes

1192 2616 165 75 gradually
1384 2616 139 75 thinner,
1548 2616 62 75 and
1631 2616 77 75 ends
1731 2616 164 75 mfeijfibly
1907 2616 3 75 ,
1922 2616 41 75 on
1986 2616 53 75 the
2057 2616 159 75 davicles.

1192 2661 32 75 It
1240 2661 90 75 fends
1347 2661 56 75 out
1421 2661 18 75 a
1455 2661 185 75 production
1652 2661 40 75 on
1706 2661 77 75 each
1795 2661 75 75 fide,
1895 2661 84 75 from
1996 2661 100 75 above
2105 2661 112 75 down-

1192 2708 99 75 ward,
1317 2708 63 75 and
1396 2708 82 75 from
1495 2708 136 75 without
1647 2708 134 75 inward,
1805 2708 106 75 which
1932 2708 115 75 having
2061 2708 105 75 paffed
2181 2708 42 75 o--

1190 2754 56 75 ver
1262 2754 54 75 the
1328 2754 141 75 fuperior
1485 2754 176 75 extremity
1675 2754 40 75 of
1726 2754 54 75 the
1799 2754 157 75 mufculus
1972 2754 244 75 fterno-maftoi-

1192 2800 99 75 daeus,
1316 2800 73 75 runs
1406 2800 119 75 behind
1536 2800 70 75 that
1618 2800 118 75 mufcle
1748 2800 124 75 toward
1883 2800 55 75 the
1954 2800 170 75 tranfverfe
2141 2800 75 75 apo-

1192 2846 112 75 phyfes
1321 2846 40 75 of
1380 2846 55 75 the
1454 2846 151 75 vertebra;
1622 2846 40 75 of
1681 2846 54 75 the
1759 2846 92 75 neck,
1876 2846 107 75 where
2001 2846 26 75 it
2043 2846 174 75 communi-

1192 2892 84 75 cates
1294 2892 79 75 with
1388 2892 55 75 the
1459 2892 170 75 ligamenta
1643 2892 324 75 inter-tranfverfalia.

1238 2939 75 75 The
1329 2939 145 75 external
1489 2939 122 75 furface
1634 2939 41 75 of
1693 2939 42 75 all
1750 2939 55 75 the
1821 2939 96 75 bones
1934 2939 41 75 of
1992 2939 55 75 the
2062 2939 95 75 head,
2182 2939 34 75 as

2141 2982 79 75 well
