2428 3377
2202 149 19 75 2
2235 149 45 75 11

728 156 1008 75 ANATOMY.

171 163 100 75 Part
291 163 50 75 II.

220 226 32 75 It
267 226 29 75 is
314 226 88 75 fixed
418 226 186 75 pofteriorly
620 226 31 75 in
669 226 55 75 the
736 226 99 75 lower
851 226 86 75 parts
954 226 41 75 of
1004 226 55 75 the
1077 226 126 75 fecond,

172 272 99 75 third,
298 272 63 75 and
384 272 111 75 fourth
511 272 181 75 metatarfal
716 272 110 75 bones,
850 272 74 75 near
943 272 82 75 their
1043 272 100 75 bafis;
1173 272 32 75 in

172 319 56 75 the
244 319 152 75 ligament
412 319 172 75 belonging
601 319 34 75 to
662 319 56 75 the
744 319 64 75 firft
836 319 62 75 and
921 319 115 75 fecond
1059 319 40 75 of
1117 319 88 75 thefe

171 365 123 75 bones;
320 365 33 75 in
376 365 55 75 the
447 365 233 75 neighbouring
701 365 170 75 ligaments
895 365 172 75 belonging
1091 365 34 75 to
1150 365 55 75 the

171 412 97 75 bones
280 412 41 75 of
339 412 55 75 the
410 412 101 75 tarfus
524 412 25 75 ;.
561 412 74 75 and,
661 412 101 75 laftly,
787 412 31 75 in
836 412 18 75 a
876 412 113 75 lateral
1005 412 199 75 aponeurofis

169 457 41 75 of
229 457 54 75 the
300 457 116 75 mufcle
428 457 183 75 commonly
627 457 104 75 called
747 457 201 75 hypethenar.

216 504 58 75 All
288 504 87 75 thefe
387 504 155 75 portions,
556 504 196 75 contra&ing
765 504 68 75 into
846 504 17 75 a
875 504 87 75 fmall
977 504 154 75 compafs,
1149 504 54 75 are

167 551 137 75 inferred
316 551 32 75 in
365 551 56 75 the
436 551 123 75 butfide
575 551 40 75 of
635 551 54 75 the
701 551 146 75 external
863 551 153 75 fefamoid
1027 551 95 75 bone,
1137 551 63 75 and

168 596 40 75 of
227 596 55 75 the
298 596 64 75 firll
374 596 141 75 phalanx
531 596 40 75 of
590 596 56 75 the
661 596 92 75 great
768 596 66 75 toe.

174 710 324 75 EXTENSOR
538 710 364 75 DIGITORUM
942 710 258 75 LONGUS.

215 795 103 75 This
339 795 26 75 is
391 795 18 75 a
424 795 77 75 long
523 795 129 75 mufcle,
675 795 97 75 flefhy
787 795 33 75 in
843 795 56 75 the
915 795 99 75 upper
1030 795 83 75 part,
1139 795 62 75 and

167 840 169 75 tendinous
353 840 32 75 in
401 840 55 75 the
468 840 112 75 lower,
605 840 90 75 lying
709 840 145 75 between
871 840 55 75 the
942 840 117 75 tibialis
1077 840 124 75 anticus

167 887 62 75 and
245 887 163 75 peronasus
425 887 172 75 maximus.

215 933 31 75 It
262 933 27 75 is
305 933 90 75 fixed
406 933 113 75 above,
544 933 44 75 by
599 933 96 75 flelhy
711 933 109 75 fibres,
844 933 31 75 in
893 933 53 75 the
958 933 122 75 outfide
1092 933 40 75 of
1142 933 58 75 the

167 979 84 75 head
273 979 40 75 of
331 979 57 75 the
403 979 91 75 tibia,
520 979 62 75 and
598 979 98 75 infide
716 979 40 75 of
775 979 57 75 the
847 979 83 75 head
950 979 40 75 of
1008 979 55 75 the
1079 979 119 75 fibula;

167 1025 32 75 in
216 1025 56 75 the
287 1025 100 75 upper
410 1025 72 75 part
506 1025 40 75 of
564 1025 56 75 the
643 1025 204 75 interofleous
870 1025 163 75 ligament,
1058 1025 141 75 through

167 1072 92 75 three
275 1072 126 75 fourths
418 1072 40 75 of
475 1072 55 75 the
553 1072 112 75 length
690 1072 39 75 of
750 1072 55 75 the
830 1072 115 75 fibula;
972 1072 63 75 and
1058 1072 139 75 through

168 1118 55 75 the
238 1118 84 75 fame
336 1118 104 75 fpace,
465 1118 31 75 in
514 1118 56 75 the
587 1118 166 75 tendinous
771 1118 122 75 feptum
910 1118 171 75 belonging
1093 1118 36 75 to
1141 1118 55 75 the

168 1165 138 75 anterior
319 1165 94 75 angle
424 1165 40 75 of
483 1165 70 75 that
563 1165 94 75 bone.

214 1211 32 75 It
262 1211 156 75 contracts
438 1211 31 75 in
491 1211 134 75 breadth
644 1211 18 75 a
677 1211 84 75 little
777 1211 101 75 above
893 1211 56 75 the
971 1211 130 75 annular
1117 1211 79 75 liga-

165 1257 100 75 ment,
290 1257 74 75 and,
391 1257 31 75 in
446 1257 116 75 paffing
586 1257 141 75 through
752 1257 36 75 it,
815 1257 26 75 is
866 1257 132 75 divided
1019 1257 70 75 into
1105 1257 95 75 three

166 1303 156 75 tendons;
356 1303 57 75 the
439 1303 65 75 firft
528 1303 40 75 of
587 1303 104 75 which
715 1303 26 75 is
766 1303 187 75 afterwards
975 1303 129 75 divided
1127 1303 71 75 into

167 1350 79 75 two.
294 1350 108 75 Thefe
419 1350 74 75 four
516 1350 136 75 tendons
676 1350 51 75 are
751 1350 140 75 inferted
912 1350 96 75 along
1023 1350 56 75 the
1095 1350 100 75 upper

167 1395 36 75 or
217 1395 125 75 convex
357 1395 63 75 lide
432 1395 40 75 of
491 1395 144 75 the.four
652 1395 90 75 fmall
755 1395 82 75 toes.

181 1507 323 75 EXTENSOR
544 1507 361 75 DIGITORUM
945 1507 230 75 BREVIS.

211 1585 105 75 This
342 1585 26 75 is
394 1585 18 75 a
435 1585 90 75 fmall
549 1585 149 75 complex
714 1585 129 75 mufcle,
867 1585 90 75 lying
973 1585 166 75 obliquely
1155 1585 42 75 on

165 1632 55 75 the
244 1632 124 75 convex
392 1632 64 75 fide
476 1632 40 75 of
534 1632 55 75 the
613 1632 83 75 foot,
721 1632 95 75 being
839 1632 138 75 likewife
994 1632 123 75 termed
1134 1632 60 75 pe-

167 1678 88 75 dieus
262 1678 8 75 .

212 1724 32 75 It
260 1724 26 75 is
307 1724 91 75 fixed
414 1724 31 75 in
462 1724 57 75 the
534 1724 100 75 upper
650 1724 62 75 and
734 1724 93 75 outer
848 1724 63 75 fide
927 1724 40 75 of
985 1724 56 75 the
1058 1724 140 75 anterior

164 1770 165 75 apophyfis
346 1770 39 75 of
404 1770 55 75 the
476 1770 181 75 aftragalus,
682 1770 63 75 and
759 1770 33 75 in
805 1770 54 75 the
876 1770 232 75 neighbouring
1124 1770 72 75 part

165 1817 39 75 of
223 1817 56 75 the
302 1817 99 75 upper
427 1817 63 75 fide
514 1817 39 75 of
572 1817 72 75 that
670 1817 96 75 bone.
814 1817 99 75 From
938 1817 115 75 thence
1076 1817 26 75 it
1119 1817 75 75 runs

164 1862 166 75 obliquely
346 1862 85 75 from
455 1862 138 75 without
616 1862 150 75 inwards,
790 1862 103 75 under
919 1862 56 75 the
999 1862 135 75 tendons
1159 1862 41 75 of

163 1909 56 75 the
240 1909 164 75 perbnasus
429 1909 148 75 minimus
600 1909 62 75 and
689 1909 150 75 extenfor
864 1909 174 75 digitorum
1063 1909 131 75 longus,

163 1954 95 75 being
273 1954 130 75 divided
418 1954 69 75 into
502 1954 75 75 four
598 1954 97 75 flelhy
718 1954 157 75 portions,
901 1954 105 75 which
1023 1954 170 75 terminate

163 2002 32 75 in
208 2002 55 75 the
279 2002 83 75 fame
374 2002 134 75 number
522 2002 40 75 of
576 2002 152 75 tendons.

208 2049 77 75 The
300 2049 64 75 firft
379 2049 119 75 tendon
515 2049 26 75 is
552 2049 137 75 inferted
706 2049 32 75 in
749 2049 56 75 the
818 2049 97 75 upper
931 2049 38 75 or
985 2049 125 75 convex
1122 2049 70 75 part

163 2094 39 75 of
220 2094 55 75 the
297 2094 65 75 firft
379 2094 140 75 phalanx
535 2094 37 75 of
594 2094 55 75 the
665 2094 89 75 great
770 2094 67 75 toe.
885 2094 77 75 The
984 2094 94 75 other
1101 2094 91 75 three

157 2139 127 75 joining
300 2139 77 75 with
394 2139 89 75 thofe
500 2139 40 75 of
550 2139 56 75 the
622 2139 149 75 extenfor
786 2139 127 75 longus,
931 2139 53 75 are
1004 2139 138 75 inferted
1158 2139 34 75 a-

160 2186 78 75 long
260 2186 56 75 the
341 2186 125 75 convex
482 2186 78 75 fides
578 2186 39 75 of
637 2186 43 75 all
703 2186 54 75 the
774 2186 171 75 phalanges
971 2186 40 75 of
1029 2186 55 75 the
1100 2186 92 75 three

162 2233 168 75 following
344 2233 84 75 toes.

161 2337 286 75 FLEXOR-
477 2337 421 75 DIGTTORUM
938 2337 251 75 BREVIS

248 2389 77 75 ftve
364 2389 464 75 PERFORATUS
868 2389 219 75 PEDIS.

208 2473 101 75 This
327 2473 26 75 is
371 2473 57 75 the
454 2473 182 75 undermoft
652 2473 41 75 of
707 2473 40 75 all
765 2473 55 75 the
844 2473 146 75 common
1007 2473 131 75 mufcles
1156 2473 41 75 of

160 2519 57 75 the
232 2519 82 75 toes,
340 2519 95 75 being
449 2519 135 75 fituated
598 2519 216 75 immediately
828 2519 101 75 above
945 2519 55 75 the
1014 2519 175 75 aponeuro-

161 2565 38 75 fis
216 2565 163 75 plantaris.

208 2610 32 75 It
263 2610 26 75 is
306 2610 89 75 fixed
421 2610 42 75 by
491 2610 96 75 flelhy
603 2610 93 75 fibres
720 2610 35 75 to
777 2610 55 75 the
848 2610 139 75 anterior
1004 2610 63 75 and
1089 2610 100 75 lower

161 2655 71 75 part
249 2655 40 75 of
300 2655 55 75 the
371 2655 89 75 great
477 2655 172 75 tuberofity
665 2655 39 75 of
715 2655 55 75 the
798 2655 36 75 os
854 2655 114 75 calcis;
996 2655 62 75 and
1074 2655 35 75 to
1132 2655 56 75 the

161 2706 232 75 neighbouring
415 2706 71 75 part
511 2706 40 75 of
570 2706 55 75 the
641 2706 99 75 upper
755 2706 63 75 fide
845 2706 40 75 oi;
906 2706 56 75 the
990 2706 197 75 aponcurofis

160 2748 165 75 plantaris.

210 2794 97 75 From
323 2794 114 75 thence
454 2794 26 75 it
500 2794 74 75 runs
592 2794 153 75 forward,
770 2794 92 75 being
879 2794 130 75 divided
1029 2794 69 75 into
1114 2794 73 75 four

162 2839 95 75 flelhy
274 2839 156 75 portions,
454 2839 105 75 which
575 2839 168 75 terminate
765 2839 33 75 in
816 2839 55 75 the
895 2839 82 75 fame
1006 2839 131 75 number
1154 2839 40 75 of

163 2884 147 75 tendons,
336 2884 72 75 fpiit
422 2884 32 75 at
471 2884 84 75 their
570 2884 211 75 extremities,
798 2884 32 75 in
843 2884 54 75 the
910 2884 82 75 fame
1009 2884 129 75 manner
1154 2884 33 75 as

163 2930 90 75 thofe
269 2930 40 75 of
319 2930 55 75 the
390 2930 140 75 fublimis
547 2930 37 75 or
601 2930 179 75 perforatus
805 2930 39 75 of
856 2930 53 75 the
925 2930 98 75 hand,
1050 2930 62 75 and
1139 2930 47 75 in-

163 2978 104 75 ferted
281 2978 34 75 in
331 2978 55 75 the
403 2978 113 75 fecond
533 2978 170 75 phalanges
721 2978 39 75 cf
770 2978 56 75 the
841 2978 75 75 four
931 2978 89 75 fmall
1037 2978 82 75 toes.

1253 268 267 75 FLEXOR
1553 268 415 75 DIGITORUM
2001 268 279 75 LONGUS

1379 323 73 75 ftve
1477 323 413 75 PERFORANS
1926 323 218 75 PEDIS.

1296 400 100 75 This
1421 400 26 75 is
1471 400 112 75 along
1605 400 129 75 mufcle,
1766 400 98 75 flelhy
1887 400 112 75 above,
2025 400 62 75 and
2111 400 173 75 tendinous

1251 446 115 75 below,
1392 446 89 75 lying
1493 446 41 75 on
1547 446 54 75 the
1619 446 145 75 backfide
1776 446 41 75 of
1828 446 56 75 the
1902 446 52 75 leg
1966 446 144 75 between
2129 446 55 75 the
2200 446 83 75 tibia

1250 493 60 75 and
1323 493 55 75 the
1390 493 103 75 flexor
1503 493 130 75 .pollicis
1650 493 128 75 longus,
1804 493 138 75 covered
1958 493 110 75 by.the
2084 493 115 75 foleus,
2218 493 64 75 and

1249 539 149 75 covering
1420 539 55 75 the
1500 539 117 75 tibialis
1633 539 147 75 pofticus.

1297 585 32 75 It
1344 585 27 75 is
1389 585 86 75 fixed
1488 585 112 75 above,
1618 585 41 75 by
1670 585 96 75 flelhy
1782 585 107 75 fibres,
1909 585 34 75 to
1961 585 19 75 a
1996 585 84 75 little
2096 585 89 75 more
2201 585 78 75 than

1250 633 54 75 the
1316 633 121 75 middle
1453 633 88 75 third
1557 633 71 75 part
1644 633 40 75 of
1694 633 56 75 the
1766 633 144 75 backfide
1926 633 41 75 of
1978 633 56 75 the
2049 633 80 75 tibia
2144 633 76 75 near
2236 633 45 75 its

1251 678 144 75 external
1413 678 104 75 angle,
1542 678 105 75 below
1671 678 55 75 the
1754 678 150 75 infertion
1927 678 40 75 of
1987 678 55 75 the
2065 678 123 75 foleus;
2216 678 67 75 and

1251 724 63 75 alfo
1331 724 34 75 to
1383 724 18 75 a
1417 724 78 75 kind
1510 724 40 75 of
1572 724 153 75 ligament
1751 724 107 75 which
1888 724 74 75 runs
1989 724 96 75 down
2112 724 85 75 from
2223 724 58 75 the

1251 770 119 75 middle
1392 770 39 75 of
1449 770 57 75 the
1528 770 90 75 tibia.
1680 770 32 75 It
1739 770 189 75 afterwards
1954 770 76 75 ends
2053 770 31 75 in
2113 770 18 75 a
2159 770 121 75 tendon

1250 816 104 75 which
1371 816 97 75 pafles
1480 816 121 75 behind
1616 816 55 75 the
1687 816 91 75 inner
1795 816 104 75 ankle,
1925 816 41 75 on
1989 816 62 75 one
2073 816 75 75 fide,
2174 816 63 75 and
2260 816 20 75 a

1248 863 85 75 little
1350 863 119 75 behind
1484 863 55 75 the
1557 863 117 75 tibialis
1690 863 148 75 pofticus,
1863 863 33 75 in
1913 863 19 75 a
1942 863 140 75 feparate
2095 863 132 75 annular
2237 863 40 75 li-

1247 909 140 75 gament.

1296 956 98 75 From
1410 956 114 75 thence
1547 956 26 75 it
1589 956 75 75 runs
1688 956 102 75 under
1806 956 53 75 the
1876 956 65 75 foie
1956 956 108 75 of.the
2078 956 82 75 foot,
2185 956 92 75 fend-

1248 1003 53 75 ing
1317 1003 52 75 off
1390 1003 19 75 a
1431 1003 217 75 detachment,
1673 1003 45 75 by
1740 1003 106 75 which
1873 1003 27 75 it
1927 1003 245 75 communicates
2198 1003 81 75 with,

1249 1049 54 75 the
1319 1049 104 75 flexor
1442 1049 125 75 pollicis
1584 1049 127 75 longus.
1759 1049 114 75 There
1888 1049 26 75 it
1929 1049 28 75 is
1973 1049 130 75 divided
2118 1049 70 75 into
2202 1049 77 75 four

1247 1095 90 75 fmall
1353 1095 56 75 flat
1424 1095 147 75 tendons,
1596 1095 106 75 which
1727 1095 43 75 go
1798 1095 34 75 to
1860 1095 56 75 the
1940 1095 89 75 third
2051 1095 172 75 phalanges
2241 1095 43 75 of

1246 1141 55 75 the
1319 1141 72 75 four
1409 1141 89 75 fmall
1510 1141 69 75 toes
1595 1141 33 75 in
1644 1141 56 75 the
1715 1141 84 75 fame
1822 1141 142 75 manner,
1984 1141 32 75 as
2040 1141 55 75 the
2110 1141 173 75 perforans,

1246 1189 39 75 of
1297 1189 58 75 the
1376 1189 98 75 hand.

1247 1293 227 75 FLEXOR
1499 1293 348 75 DIGITORUM
1869 1293 405 75 ACCESSORIUS.

1293 1372 101 75 This
1424 1372 27 75 is
1471 1372 18 75 a
1511 1372 56 75 flat
1590 1372 63 75 and
1675 1372 108 75 pretty
1808 1372 78 75 long
1904 1372 98 75 flelhy
2024 1372 93 75 mafs,
2141 1372 138 75 fituated

1246 1419 164 75 obliquely
1426 1419 101 75 under
1543 1419 56 75 the
1614 1419 65 75 foie
1695 1419 41 75 of
1753 1419 55 75 the
1825 1419 83 75 foot.

1293 1465 100 75 This
1410 1465 117 75 mufcle
1543 1465 26 75 is
1586 1465 87 75 fixed
1689 1465 187 75 pofteriorly
1895 1465 44 75 by
1950 1465 60 75 one
2026 1465 97 75 flelhy
2134 1465 139 75 portion,

1246 1510 32 75 in
1295 1510 55 75 the
1366 1510 99 75 lower
1481 1510 64 75 fide
1563 1510 41 75 of
1615 1510 54 75 the
1681 1510 36 75 ps
1735 1510 107 75 calcis,
1867 1510 63 75 and
1947 1510 32 75 in
1995 1510 55 75 the
2067 1510 140 75 anterior
2223 1510 54 75 tu-

1247 1557 136 75 berofity
1399 1557 42 75 on
1458 1557 69 75 that
1543 1557 76 75 fide,
1645 1557 62 75 and
1722 1557 43 75 by
1780 1557 55 75 the
1852 1557 94 75 other
1964 1557 32 75 in
2015 1557 56 75 the
2082 1557 194 75 neighbour-

1247 1603 53 75 ing
1316 1603 153 75 ligament
1485 1603 105 75 which
1608 1603 86 75 joins
1711 1603 64 75 this
1792 1603 83 75 bone
1897 1603 34 75 to
1948 1603 56 75 the
2019 1603 185 75 aftragalus.

1295 1651 98 75 From
1416 1651 114 75 thence
1554 1651 55 75 the
1633 1651 67 75 two
1723 1651 143 75 portions
1888 1651 58 75 run
1972 1651 166 75 obliquely
2161 1651 35 75 to
2219 1651 63 75 the'

1245 1697 120 75 middle
1389 1697 40 75 of
1440 1697 57 75 the
1511 1697 66 75 foie
1596 1697 41 75 of
1647 1697 56 75 the
1718 1697 84 75 foot,
1827 1697 62 75 and
1906 1697 90 75 there
2014 1697 88 75 unite
2121 1697 33 75 in
2170 1697 20 75 a
2205 1697 78 75 flat,!

1244 1742 90 75 long,
1352 1742 62 75 and
1424 1742 191 75 irregularly
1630 1742 113 75 fquare
1755 1742 157 75 mufcular
1928 1742 94 75 mafs,
2047 1742 105 75 which
2170 1742 26 75 is
2213 1742 63 75 fix-

1245 1789 40 75 ed
1303 1789 33 75 to
1353 1789 56 75 the
1425 1789 93 75 outer
1541 1789 80 75 edge
1646 1789 39 75 of
1697 1789 56 75 the
1775 1789 167 75 fafciculus
1959 1789 39 75 of
2009 1789 135 75 tendons
2160 1789 41 75 of
2219 1789 58 75 the

1244 1835 105 75 flexor
1371 1835 128 75 longus,
1533 1835 36 75 to
1592 1835 105 75 which
1723 1835 26 75 it
1772 1835 105 75 ferves
1906 1835 33 75 as
1963 1835 18 75 a
2004 1835 135 75 frasnum
2154 1835 33 75 at
2202 1835 79 75 than

1242 1882 101 75 place.

1495 1992 31 75 L
1543 1992 37 75 U
1594 1992 88 75 MB
1699 1992 66 75 RI
1784 1992 234 75 GALES.

1289 2068 130 75 These
1450 2068 53 75 are
1529 2068 75 75 four
1630 2068 89 75 fmall
1736 2068 144 75 mufcles,
1904 2068 133 75 fituated
2052 2068 89 75 more
2158 2068 38 75 or
2210 2068 75 75 lels^

1243 2114 245 75 longitudinally
1504 2114 101 75 under
1621 2114 54 75 the
1699 2114 65 75 foie
1788 2114 40 75 of
1839 2114 54 75 the
1910 2114 84 75 foot.

1289 2160 98 75 They
1403 2160 53 75 are
1472 2160 88 75 fixed
1582 2160 44 75 by
1642 2160 85 75 their
1749 2160 97 75 flelhy
1861 2160 197 75 extremities
2075 2160 35 75 to
2126 2160 55 75 the
2198 2160 75 75 four

1243 2206 134 75 tendons
1394 2206 40 75 of
1445 2206 55 75 the
1516 2206 105 75 flexor
1637 2206 173 75 digitorum
1826 2206 114 75 longus
1958 2206 74 75 near
2050 2206 54 75 the
2120 2206 153 75 infertion

1242 2252 39 75 of
1293 2252 55 75 the
1363 2252 103 75 flexor
1486 2252 197 75 acceflbrius.
1731 2252 76 75 The
1834 2252 65 75 firft
1925 2252 116 75 mufcle
2068 2252 26 75 is
2122 2252 89 75 fixed
2235 2252 39 75 to

1243 2298 54 75 the
1319 2298 96 75 infide
1431 2298 41 75 of
1482 2298 55 75 the
1553 2298 63 75 firft
1640 2298 118 75 tendon
1773 2298 9 75 ;
1810 2298 56 75 the
1892 2298 115 75 fecond
2036 2298 34 75 to
2093 2298 56 75 the
2166 2298 104 75 tendi-

1242 2344 79 75 nous
1338 2344 73 75 fork
1428 2344 125 75 formed
1570 2344 43 75 by
1628 2344 56 75 the
1700 2344 65 75 two
1781 2344 64 75 firft
1861 2344 135 75 tendons
2009 2344 9 75 ;
2046 2344 55 75 the
2117 2344 107 75 third,,
2235 2344 41 75 to

1242 2391 54 75 the
1313 2391 169 75 tendinous
1499 2391 73 75 fork
1588 2391 91 75 made
1692 2391 43 75 by
1746 2391 54 75 the
1813 2391 114 75 fecond
1938 2391 62 75 and
2012 2391 88 75 third
2112 2391 134 75 tendons
2257 2391 12 75 ;

1242 2437 61 75 and
1321 2437 53 75 the
1390 2437 124 75 fourth,
1539 2437 33 75 in
1599 2437 55 75 the
1680 2437 84 75 fame
1791 2437 131 75 manner
1948 2437 35 75 to
2011 2437 54 75 the
2090 2437 89 75 third
2206 2437 65 75 and

1242 2483 109 75 fourth
1369 2483 148 75 tendons,
1542 2483 58 75 but
1616 2483 184 75 commonly
1814 2483 80 75 moft
1911 2483 35 75 to
1962 2483 55 75 the
2035 2483 98 75 third.

1289 2530 97 75 From
1403 2530 111 75 thence
1531 2530 88 75 thefe
1635 2530 75 75 four
1724 2530 135 75 muicles
1877 2530 58 75 run
1963 2530 34 75 to
2020 2530 55 75 the
2098 2530 81 75 toes,
2204 2530 64 75 and

1241 2576 89 75 there
1347 2576 167 75 terminate
1537 2576 32 75 in
1587 2576 54 75 the
1665 2576 83 75 fame
1777 2576 132 75 number
1937 2576 40 75 of
1998 2576 90 75 fmall
2116 2576 148 75 tendons,

1240 2622 102 75 which
1361 2622 52 75 are
1429 2622 138 75 inferted
1579 2622 30 75 in
1623 2622 55 75 the
1694 2622 64 75 firft
1770 2622 170 75 phalanges
1953 2622 40 75 of
1999 2622 55 75 the
2070 2622 82 75 toes,
2170 2622 96 75 much

1239 2668 82 75 after
1337 2668 54 75 the
1412 2668 83 75 fame
1511 2668 129 75 manner
1657 2668 33 75 as
1707 2668 33 75 in
1758 2668 55 75 the
1833 2668 97 75 hand.

1298 2787 193 75 TRANS
1502 2787 149 75 VERS
1660 2787 135 75 ALIS
1829 2787 361 75 DIGITORUM.

1284 2859 102 75 This
1405 2859 26 75 is
1449 2859 18 75 a
1483 2859 87 75 final!
1590 2859 129 75 mufcle,
1744 2859 106 75 which
1866 2859 57 75 lies
1941 2859 206 75 tracfverfely
2162 2859 103 75 under

1240 2904 53 75 the
1305 2904 77 75 bafis
1400 2904 39 75 of
1457 2904 54 75 the
1528 2904 63 75 firft
1609 2904 183 75 phalanges,
1817 2904 63 75 and
1908 2904 104 75 which
2041 2904 32 75 at
2100 2904 64 75 firft
2180 2904 81 75 fight

1240 2952 128 75 appears
1382 2952 34 75 to
1428 2952 40 75 be
1484 2952 19 75 a
1517 2952 106 75 fimple
1639 2952 155 75 mufcular
1810 2952 86 75 body
1912 2952 86 75 fixed
2016 2952 42 75 by
2073 2952 61 75 one
2150 2952 61 75 end
2227 2952 41 75 ta

1239 2997 55 75 the
1310 2997 91 75 great
1416 2997 66 75 toe,
1507 2997 62 75 and
1585 2997 42 75 by
1643 2997 55 75 the
1714 2997 95 75 other
1824 2997 36 75 to
1876 2997 55 75 the
1945 2997 85 75 little
2052 2997 69 75 toe.

2150 3059 114 75 When
