2397 3387
576 153 242 75 BOA

1146 153 19 75 (
1223 153 86 75 576
1365 153 17 75 )

1710 153 239 75 BOA

228 222 8 75 '
246 222 103 75 feums
366 222 40 75 of
420 222 145 75 Europe,
592 222 205 75 particularly
817 222 32 75 in
876 222 55 75 the
948 222 121 75 library
1094 222 61 75 and
1184 222 58 75 bo-

248 270 85 75 tanic
356 270 118 75 garden
499 270 39 75 of
559 270 99 75 Upfal
683 270 30 75 in
733 270 166 75 Sweden,'
909 270 105 75 which
1036 270 57 75 has
1119 270 40 75 of
1178 270 64 75 late

249 316 79 75 been
358 316 124 75 greatly
510 316 154 75 enriched
695 316 43 75 by
763 316 97 75 count
889 316 220 75 Grillinborg.
1164 316 78 75 The

250 363 73 75 flefh
341 363 39 75 of
390 363 64 75 this
473 363 125 75 ferpent
613 363 26 75 is
657 363 53 75 eat
724 363 44 75 by
785 363 56 75 the
858 363 142 75 Indians,
1026 363 62 75 and
1113 363 54 75 the
1185 363 53 75 ne-

250 410 94 75 groes
356 410 41 75 of
408 410 127 75 Africa.
585 410 86 75 Pifo,
696 410 207 75 Margraave,
922 410 63 75 and
1000 410 156 75 Kempfer
1169 410 72 75 give

248 456 54 75 the
332 456 167 75 following
530 456 137 75 account
694 456 41 75 of
754 456 41 75 its
824 456 132 75 method
984 456 40 75 of
1047 456 100 75 living
1178 456 63 75 and

248 503 149 75 catching
419 503 42 75 its
489 503 92 75 prey.
631 503 31 75 It
679 503 165 75 frequents
868 503 94 75 caves
986 503 63 75 and
1073 503 90 75 thick
1187 503 54 75 fo-

247 550 89 75 refts,
365 550 105 75 where
486 550 26 75 it
528 550 146 75 conceals
691 550 97 75 itfelf,
815 550 63 75 and
894 550 156 75 foddenly
1066 550 88 75 darts
1184 550 57 75 out

246 596 83 75 upon
347 596 179 75 travellers,
552 596 76 75 wild
645 596 114 75 hearts,
785 596 65 75 fyc.
914 596 111 75 When
1043 596 25 75 it
1085 596 109 75 chufes
1221 596 19 75 a

246 644 67 75 tree
330 644 51 75 for
397 644 41 75 its
455 644 277 75 watching-place,
760 644 25 75 it
802 644 147 75 fupports
973 644 89 75 itfelf
1080 644 44 75 by
1142 644 95 75 twill-

246 689 54 75 ing
315 689 41 75 its
376 689 57 75 tail
456 689 124 75 around
595 689 56 75 the
667 689 96 75 trunk
792 689 38 75 or
858 689 18 75 a
903 689 134 75 branch,
1062 689 62 75 and
1149 689 88 75 darts

244 737 96 75 down
368 737 84 75 upon
478 737 104 75 Iheep,
607 737 104 75 goats,
736 737 110 75 tigers,
873 737 38 75 or
935 737 63 75 any
1022 737 115 75 animal
1166 737 71 75 that

246 785 106 75 comes
369 785 110 75 within
497 785 41 75 its
556 785 107 75 reach.
714 785 111 75 When
849 785 27 75 it
903 785 69 75 lays
996 785 81 75 hold
1105 785 40 75 of
1168 785 67 75 ani-

244 831 93 75 mals,
362 831 168 75 efpecially
545 831 63 75 any
623 831 41 75 of
683 831 55 75 the
763 831 105 75 larger
892 831 106 75 kinds,
1024 831 26 75 it
1074 831 97 75 twills
1193 831 41 75 it-

244 878 64 75 felf
325 878 118 75 feveral
459 878 94 75 times
571 878 103 75 round
698 878 85 75 their
806 878 99 75 body,
933 878 73 75 and,
1037 878 43 75 by
1098 878 54 75 the
1169 878 65 75 vaft

245 924 89 75 force
356 924 42 75 of
418 924 42 75 its
488 924 135 75 circular
640 924 145 75 mufcles,
813 924 120 75 bruifes
959 924 62 75 and
1046 924 115 75 breaks
1191 924 43 75 all

245 971 85 75 their
346 971 111 75 bones.
507 971 99 75 After
621 971 55 75 the
699 971 99 75 bones
815 971 54 75 are
894 971 112 75 broke,
1032 971 26 75 it
1081 971 81 75 licks
1180 971 54 75 the

243 1017 66 75 fkin
327 1017 40 75 of
379 1017 55 75 the
452 1017 115 75 animal
591 1017 43 75 all
660 1017 90 75 over,
776 1017 197 75 befmearing
989 1017 26 75 it
1030 1017 79 75 with
1127 1017 19 75 a
1162 1017 70 75 glu-

244 1065 105 75 tinous
377 1065 78 75 kind
480 1065 39 75 of
541 1065 109 75 faliva.
699 1065 86 75 This
804 1065 165 75 operation
986 1065 26 75 is
1029 1065 152 75 intended
1198 1065 35 75 to

243 1112 155 75 facilitate
413 1112 207 75 deglutition,
645 1112 62 75 and
724 1112 26 75 is
768 1112 18 75 a
802 1112 200 75 preparation
1015 1112 53 75 for
1079 1112 154 75 fwallow-

242 1158 56 75 yig
314 1158 56 75 the
386 1158 105 75 whole
509 1158 127 75 animal.
685 1158 37 75 If
733 1158 26 75 it
776 1158 38 75 be
831 1158 19 75 a
867 1158 76 75 flag,
969 1158 38 75 or
1023 1158 64 75 any
1109 1158 123 75 horned

243 1205 127 75 animal,
396 1205 26 75 it
437 1205 111 75 begins
565 1205 35 75 to
616 1205 141 75 fwallow
773 1205 55 75 the
852 1205 66 75 feet
934 1205 77 75 firft,
1038 1205 60 75 and
1115 1205 117 75 gradu-

242 1251 66 75 ally
324 1251 91 75 fucks
432 1251 32 75 in
475 1251 62 75 .the
554 1251 98 75 body,
671 1251 62 75 and
749 1251 57 75 laft
822 1251 41 75 of
875 1251 42 75 all
932 1251 55 75 the
998 1251 97 75 head.
1120 1251 111 75 When

241 1298 56 75 the
313 1298 97 75 horns
423 1298 122 75 happen
565 1298 33 75 to
615 1298 39 75 be
672 1298 100 75 large,
791 1298 63 75 this
868 1298 124 75 ferpent
1003 1298 57 75 has
1077 1298 81 75 been
1174 1298 57 75 ob-

241 1345 111 75 ferved
368 1345 35 75 to
420 1345 42 75 go
479 1345 98 75 about
587 1345 58 75 Tor
661 1345 18 75 a
695 1345 77 75 long
789 1345 76 75 time
881 1345 80 75 with
977 1345 58 75 the
1045 1345 100 75 horns
1162 1345 41 75 of
1214 1345 18 75 a

241 1391 65 75 flag
317 1391 132 75 fticking
462 1391 55 75 out
531 1391 83 75 from
629 1391 41 75 its
682 1391 127 75 mouth.
844 1391 49 75 As
900 1391 61 75 the
973 1391 116 75 animal
1102 1391 129 75 digerts,

240 1438 55 75 the
312 1438 98 75 horns
428 1438 120 75 putrify
566 1438 61 75 and
648 1438 56 75 fall
722 1438 59 75 off.
831 1438 100 75 After
947 1438 65 75 this
1029 1438 125 75 ferpent
1174 1438 56 75 has

239 1484 183 75 fwallowed
438 1484 19 75 a
478 1484 65 75 flag
560 1484 35 75 or
614 1484 19 75 a
648 1484 107 75 tyger,
772 1484 26 75 it
815 1484 25 75 is
858 1484 115 75 unable
986 1484 52 75 for
1049 1484 86 75 fome
1152 1484 79 75 days

239 1531 35 75 to
299 1531 93 75 move
406 1531 9 75 ;
444 1531 56 75 the
511 1531 146 75 hunters,
683 1531 74 75 who
775 1531 53 75 are
851 1531 74 75 well
942 1531 195 75 acquainted
1152 1531 79 75 with

238 1579 64 75 this
328 1579 236 75 circumftance,
591 1579 117 75 always
726 1579 75 75 take
817 1579 64 75 this
899 1579 209 75 opportunity
1123 1579 41 75 of
1175 1579 56 75 de-

237 1625 142 75 rtroying
395 1625 38 75 it.
483 1625 112 75 When
623 1625 160 75 irritated,
808 1625 27 75 it
852 1625 108 75 makes
985 1625 19 75 a
1028 1625 76 75 loud
1120 1625 111 75 hilling

237 1672 99 75 noife.
379 1672 91 75 This
487 1672 125 75 ferpent
640 1672 27 75 is
695 1672 65 75 Paid
785 1672 35 75 to
846 1672 96 75 cover
959 1672 90 75 itfelf
1060 1672 77 75 over
1153 1672 78 75 with

236 1719 106 75 leaves
359 1719 31 75 in
409 1719 75 75 fuch
501 1719 105 75 places
619 1719 33 75 as
669 1719 82 75 flags
763 1719 37 75 or
812 1719 95 75 other
920 1719 131 75 animals
1067 1719 163 75 frequent,

236 1765 32 75 in
286 1765 96 75 order
399 1765 34 75 to
448 1765 130 75 conceal
598 1765 90 75 itfelf
699 1765 84 75 from
803 1765 84 75 their
903 1765 94 75 light,
1022 1765 63 75 and
1110 1765 70 75 that
1206 1765 26 75 it

238 1812 74 75 may
339 1812 56 75 the
422 1812 89 75 more
536 1812 95 75 ealily
648 1812 52 75 lay
727 1812 79 75 hold
832 1812 41 75 of
891 1812 101 75 them.
1051 1812 64 75 See
1140 1812 92 75 Plate

237 1859 80 75 LII.
344 1859 55 75 fig.
422 1859 115 75 1.ij.
577 1859 77 75 The
671 1859 136 75 murina,
832 1859 58 75 has
920 1859 67 75 254
1015 1859 86 75 leuta
1118 1859 41 75 on
1177 1859 55 75 the

237 1905 99 75 belly,
362 1905 63 75 and
442 1905 43 75 65
504 1905 41 75 on
563 1905 55 75 the
635 1905 69 75 tail.
753 1905 78 75 The
853 1905 112 75 colour
982 1905 40 75 of
1033 1905 25 75 it
1075 1905 26 75 is
1115 1905 18 75 a
1149 1905 84 75 light

236 1953 86 75 blue,
349 1953 79 75 with
454 1953 105 75 round
588 1953 86 75 fpots
700 1953 41 75 on
765 1953 56 75 the
838 1953 93 75 back.
996 1953 34 75 It
1045 1953 26 75 is
1089 1953 19 75 a
1126 1953 106 75 native

235 1999 41 75 of
287 1999 164 75 America,
477 1999 62 75 and
557 1999 41 75 its
626 1999 67 75 bite
722 1999 27 75 is
773 1999 59 75 not
857 1999 184 75 poifonous.
1092 1999 35 75 6.
1152 1999 78 75 The

235 2045 132 75 fcytale,
393 2045 58 75 has
480 2045 68 75 250
566 2045 88 75 fcuta
682 2045 41 75 on
757 2045 56 75 the
837 2045 100 75 belly,
963 2045 64 75 and
1054 2045 43 75 70
1115 2045 41 75 on
1174 2045 57 75 the

235 2092 71 75 tail.
353 2092 78 75 The
447 2092 87 75 body
550 2092 26 75 is
595 2092 221 75 afh-coloured
830 2092 61 75 and
903 2092 114 75 bluilh,
1034 2092 78 75 with
1126 2092 104 75 round

234 2139 97 75 black
346 2139 87 75 fpots
450 2139 41 75 on
512 2139 55 75 the
581 2139 97 75 back,
703 2139 63 75 and
782 2139 95 75 black
893 2139 112 75 lateral
1022 2139 87 75 rings
1125 2139 105 75 edged

234 2186 81 75 with
331 2186 110 75 white.
470 2186 86 75 This
574 2186 126 75 ferpent
720 2186 27 75 is
760 2186 18 75 a
790 2186 107 75 native
908 2186 40 75 of
958 2186 153 75 America
1122 2186 10 75 ;
1152 2186 75 75 and,

235 2233 65 75 like
316 2233 56 75 the
389 2233 196 75 conftriftor,
611 2233 122 75 though
753 2233 57 75 not
826 2233 32 75 fo
871 2233 90 75 long,
979 2233 97 75 twills
1093 2233 91 75 itfelf
1195 2233 32 75 a-

235 2279 80 75 bout
347 2279 105 75 Iheep,
478 2279 105 75 goats,
609 2279 65 75 &c.
712 2279 62 75 and
798 2279 156 75 fwallows
987 2279 87 75 thpm
1108 2279 119 75 whole.

235 2326 34 75 7.
294 2326 77 75 The
388 2326 160 75 cenchria,
573 2326 57 75 has
655 2326 65 75 265
740 2326 87 75 fcuta
843 2326 42 75 on
904 2326 56 75 the
977 2326 99 75 belly,
1102 2326 63 75 and
1184 2326 42 75 57

235 2374 41 75 on
294 2374 55 75 the
369 2374 69 75 tail.
489 2374 30 75 It
536 2374 27 75 is
580 2374 40 75 of
632 2374 18 75 a
662 2374 118 75 yellow
795 2374 124 75 colour,
945 2374 77 75 with
1041 2374 98 75 white
1152 2374 73 75 eye-

234 2421 65 75 like
316 2421 99 75 fpots.
465 2421 30 75 It
513 2421 25 75 is
556 2421 18 75 a
591 2421 105 75 native
714 2421 40 75 of
767 2421 161 75 Surinam,
955 2421 63 75 and
1046 2421 42 75 its
1115 2421 67 75 bite
1198 2421 28 75 is

233 2467 57 75 not
320 2467 178 75 poifotipus.
555 2467 35 75 8.
616 2467 76 75 The
720 2467 141 75 ophrias,
887 2467 58 75 has
976 2467 63 75 281
1072 2467 87 75 fcuta
1182 2467 42 75 on

233 2514 56 75 the
310 2514 99 75 belly,
427 2514 63 75 and
506 2514 46 75 64
569 2514 40 75 on
629 2514 57 75 the
702 2514 55 75 tail
774 2514 8 75 ;
802 2514 57 75 the
870 2514 113 75 colour
999 2514 26 75 is
1043 2514 110 75 nearly
1169 2514 56 75 the

233 2560 83 75 fame
334 2560 78 75 with
425 2560 70 75 that
518 2560 40 75 of
570 2560 55 75 the
642 2560 197 75 conrtri^lor,
864 2560 58 75 but
938 2560 160 75 browner.
1146 2560 78 75 The

232 2608 90 75 place
340 2608 108 75 where
464 2608 64 75 this
546 2608 125 75 ferpent
688 2608 27 75 is
729 2608 39 75 to
788 2608 40 75 be
846 2608 101 75 found
962 2608 28 75 is
1007 2608 57 75 not
1079 2608 117 75 known
1211 2608 11 75 ;

231 2653 59 75 but
315 2653 41 75 its
384 2653 66 75 bite
475 2653 26 75 is
529 2653 56 75 not
609 2653 187 75 venomous.
846 2653 35 75 9.
906 2653 77 75 The
1000 2653 141 75 enydris,
1167 2653 57 75 has

234 2700 69 75 270
314 2700 98 75 .fcuta
431 2700 40 75 on
497 2700 59 75 the
569 2700 103 75 belly,
698 2700 62 75 and
793 2700 70 75 105.
886 2700 41 75 on
948 2700 58 75 the
1029 2700 71 75 tail.
1147 2700 77 75 The

232 2746 113 75 colour
361 2746 26 75 is
406 2746 16 75 a
443 2746 101 75 dulky
560 2746 110 75 white,
697 2746 63 75 and
783 2746 57 75 the
865 2746 88 75 teeth
977 2746 44 75 of
1039 2746 55 75 the
1122 2746 101 75 lower

233 2793 8 75 '
241 2793 54 75 aw
319 2793 53 75 are
406 2793 77 75 very
508 2793 97 75 long;
643 2793 58 75 but
726 2793 45 75 its
801 2793 65 75 bite
892 2793 28 75 is
949 2793 57 75 not
1038 2793 182 75 poifonous.

251 2840 12 75 t
280 2840 26 75 is
332 2840 17 75 a
366 2840 106 75 native
495 2840 39 75 of
555 2840 162 75 America.
772 2840 54 75 10.
850 2840 78 75 The
954 2840 183 75 hortulana,
1163 2840 58 75 has

232 2888 68 75 290
313 2888 87 75 fcuta
416 2888 41 75 on
475 2888 54 75 the
546 2888 99 75 belly,
662 2888 62 75 and
740 2888 63 75 128
822 2888 41 75 on
881 2888 56 75 the
954 2888 71 75 tail.
1062 2888 32 75 It
1107 2888 26 75 is
1150 2888 41 75 of
1203 2888 19 75 a

229 2934 71 75 pale
317 2934 123 75 colour,
461 2934 212 75 interfperfed
700 2934 78 75 with
807 2934 78 75 livid
911 2934 192 75 wedge-like
1120 2934 99 75 fpots.

231 2979 31 75 It
281 2979 27 75 is
326 2979 17 75 a
361 2979 104 75 native
481 2979 40 75 of
535 2979 160 75 America,
721 2979 62 75 and
807 2979 41 75 its
871 2979 66 75 bite
961 2979 27 75 is
1003 2979 66 75 hot
1093 2979 127 75 poifon-

228 3027 188 75 ous.For
432 3027 55 75 the
503 3027 113 75 nature
638 3027 63 75 and
728 3027 148 75 qualities
900 3027 40 75 of
954 3027 142 75 ferpents
1114 3027 31 75 in
1163 3027 56 75 ge-

1333 224 100 75 neral,
1458 224 85 75 their
1567 224 134 75 method
1723 224 41 75 of
1780 224 222 75 propagation,
2028 224 66 75 tjrc.
2120 224 49 75 fee
2186 224 134 75 Natu-

1339 271 70 75 ral
1430 271 47 75 Hj
1488 271 145 75 STORY.

1287 318 145 75 BOAR,
1459 318 18 75 a
1494 318 82 75 male
1594 318 107 75 fwine.
1752 318 62 75 See
1828 318 87 75 Sus.

1286 365 123 75 Boar,
1434 365 33 75 in
1484 365 55 75 the
1556 365 146 75 menage.
1755 365 31 75 A
1802 365 92 75 horfe
1911 365 26 75 is
1961 365 68 75 faid
2054 365 34 75 to
2111 365 91 75 boar,
2228 365 92 75 when

1333 411 40 75 he
1390 411 107 75 rtioots
1514 411 57 75 out
1594 411 49 75 his
1660 411 74 75 nofe
1751 411 33 75 as
1802 411 76 75 high
1899 411 33 75 as
1957 411 50 75 his
2031 411 81 75 ears,
2140 411 63 75 and
2226 411 93 75 toffes

1333 458 49 75 his
1400 458 73 75 nofe
1490 458 31 75 in
1539 458 56 75 the
1611 458 99 75 wind.

1285 505 183 75 BOARD,
1495 505 18 75 a
1529 505 76 75 long
1622 505 88 75 piece
1726 505 41 75 of
1785 505 128 75 timber,
1939 505 104 75 fawed
2058 505 69 75 thin
2146 505 52 75 for
2213 505 91 75 build

1332 552 54 75 ing
1404 552 62 75 and
1489 552 120 75 feveral
1633 552 93 75 other
1743 552 161 75 purpofes.
1955 552 61 75 See
2043 552 164 75 Timber.

1285 600 318 75 arr?/-BoAR.DS,
1627 600 162 75 imported
1813 600 84 75 from
1920 600 141 75 Ireland,
2090 600 84 75 Afia,
2207 600 38 75 or
2269 600 49 75 A-

1330 645 93 75 frica,
1448 645 62 75 pay
1526 645 78 75 only
1625 645 148 75 iir^d.
1790 645 55 75 die
1862 645 166 75 hundred;
2058 645 58 75 but
2133 645 31 75 if
2182 645 135 75 import-

1329 692 40 75 ed
1386 692 85 75 from
1487 692 191 75 elfewhere,.
1689 692 77 75 they
1783 692 61 75 pay
1862 692 12 75 1
1888 692 27 75 s.
1936 692 126 75 J-rliyd.
2100 692 82 75 Clap
2199 692 118 75 boards

1329 739 61 75 pay
1417 739 58 75 4s.
1495 739 21 75 9
1516 771 28 49 T
1544 739 81 75 |*d.
1643 739 56 75 the
1724 739 167 75 hundred;
1919 739 57 75 but
2000 739 31 75 if
2049 739 161 75 imported
2231 739 87 75 from

1329 786 139 75 Ireland,
1496 786 87 75 Afia,
1613 786 38 75 or
1679 786 128 75 Africa,
1837 786 77 75 only
1943 786 18 75 2
1972 786 26 75 s.
2024 786 147 75 lOj-fd.
2221 786 96 75 Pipe-

1328 833 116 75 boards
1462 833 61 75 pay
1542 833 57 75 5s.
1615 833 19 75 8
1634 865 73 49 T^
1707 833 35 75 d.
1761 833 56 75 the
1833 833 167 75 hundred;
2029 833 57 75 but
2102 833 30 75 if
2151 833 84 75 from
2248 833 68 75 Ire-

1328 879 88 75 land,
1443 879 65 75 etc.
1534 879 77 75 only
1638 879 17 75 3
1668 879 26 75 s.
1719 879 40 75 io
1759 911 22 49 T
1781 879 74 75 --d
1927 879 225 75 Scale-boards
2179 879 61 75 pay
2256 879 19 75 8
2287 879 28 75 s.

1330 926 127 75 Si-^d.
1475 926 55 75 the
1546 926 147 75 hundred
1709 926 141 75 weight;
1877 926 63 75 and
1955 926 58 75 -|d.
2032 926 88 75 more
2132 926 31 75 if
2182 926 133 75 import-

1326 972 40 75 ed
1383 972 31 75 in
1432 972 125 75 foreign
1573 972 155 75 bottoms.

1279 1019 152 75 Board,
1458 1019 116 75 among
1589 1019 136 75 feamen.
1776 1019 46 75 To
1844 1019 44 75 go
1904 1019 132 75 aboard,
2060 1019 134 75 fignifies
2214 1019 33 75 to
2270 1019 44 75 go

1324 1065 70 75 into
1410 1065 57 75 the
1481 1065 83 75 fiiip.
1613 1065 45 75 To
1674 1065 64 75 flip
1756 1065 33 75 by
1814 1065 53 75 the
1892 1065 119 75 board,,
2028 1065 26 75 is
2080 1065 34 75 to
2138 1065 56 75 flip
2217 1065 96 75 down

1326 1112 43 75 by
1392 1112 55 75 the
1475 1112 94 75 Ihips
1601 1112 76 75 fide.
1727 1112 116 75 Board
1860 1112 71 75 and
1946 1112 110 75 board,
2081 1112 27 75 is
2132 1112 92 75 when
2248 1112 66 75 two

1326 1160 81 75 flips
1441 1160 91 75 come
1565 1160 33 75 fo
1628 1160 76 75 near
1735 1160 34 75 as
1803 1160 35 75 to
1868 1160 99 75 touch
1998 1160 61 75 one
2090 1160 145 75 another,
2276 1160 38 75 or

1325 1206 92 75 when
1442 1206 79 75 they
1544 1206 42 75 lie
1612 1206 62 75 fide
1698 1206 44 75 by
1758 1206 76 75 fide.
1884 1206 45 75 To
1946 1206 90 75 make
2051 1206 22 75 a
2090 1206 110 75 board,
2227 1206 27 75 is
2277 1206 36 75 to

1324 1253 74 75 turn
1416 1253 34 75 to
1475 1253 196 75 windward;
1698 1253 62 75 and
1786 1253 55 75 the
1864 1253 111 75 longer
1999 1253 82 75 your
2106 1253 115 75 boards
2245 1253 66 75 are,

1322 1299 56 75 the
1398 1299 89 75 more
1503 1299 65 75 you
1585 1299 90 75 work
1692 1299 68 75 into
1778 1299 56 75 the
1848 1299 94 75 wind.
1994 1299 45 75 To
2052 1299 101 75 board
2165 1299 29 75 it
2212 1299 99 75 a/yis

1324 1346 35 75 to
1373 1346 74 75 beat
1459 1346 25 75 it
1502 1346 55 75 up,
1575 1346 177 75 fometimes
1770 1346 84 75 upon
1866 1346 61 75 one
1947 1346 86 75 tack,
2053 1346 61 75 and
2131 1346 180 75 fometimes

1325 1393 84 75 upon
1427 1393 147 75 another.
1624 1393 64 75 She
1704 1393 105 75 makes
1826 1393 22 75 a
1865 1393 85 75 good
1964 1393 110 75 board,
2101 1393 70 75 that
2186 1393 41 75 is,
2253 1393 57 75 the

1322 1440 66 75 flip
1405 1440 154 75 advances
1576 1440 94 75 much
1688 1440 32 75 at
1737 1440 60 75 one
1813 1440 86 75 lack.
1951 1440 66 75 The
2031 1440 278 75 nneathcr-board,

1324 1486 26 75 is
1368 1486 199 75 thatiideof
1586 1486 55 75 the
1658 1486 67 75 flip
1742 1486 105 75 which
1859 1486 27 75 is
1903 1486 35 75 to
1949 1486 188 75 windward.

1277 1533 137 75 Board
1436 1533 24 75 is
1478 1533 65 75 alfo
1560 1533 77 75 ufed
1652 1533 52 75 for
1717 1533 39 75 an
1773 1533 92 75 office
1889 1533 100 75 under
2006 1533 55 75 the
2078 1533 228 75 government:

1323 1581 74 75 thus
1422 1581 48 75 we
1486 1581 66 75 fay,
1578 1581 56 75 the
1660 1581 102 75 board
1776 1581 40 75 of
1834 1581 90 75 trade
1941 1581 64 75 and
2020 1581 207 75 plantations,
2253 1581 57 75 the

1323 1626 102 75 board
1442 1626 39 75 of
1502 1626 121 75 works,
1650 1626 171 75 ordnance,
1846 1626 66 75 <&c.

1276 1675 261 75 BOARDING
1555 1675 19 75 a
1590 1675 92 75 flhip,
1707 1675 27 75 is
1759 1675 144 75 entering
1928 1675 39 75 an
1989 1675 141 75 enemys
2153 1675 66 75 flip
2240 1675 33 75 in
2289 1675 19 75 a

1323 1720 93 75 fight.

1373 1766 37 75 In
1434 1766 156 75 boarding
1614 1766 19 75 a
1657 1766 77 75 flip,
1760 1766 25 75 it
1809 1766 27 75 is
1861 1766 66 75 beft
1951 1766 36 75 to
2010 1766 75 75 bear
2110 1766 42 75 up
2173 1766 135 75 diredlly

1323 1813 79 75 with
1419 1813 79 75 him,
1524 1813 61 75 and
1603 1813 35 75 to
1654 1813 91 75 caufe
1769 1813 43 75 all
1834 1813 82 75 your
1939 1813 88 75 ports
2050 1813 36 75 to
2109 1813 139 75 leeward
2272 1813 35 75 to

1325 1860 40 75 be
1382 1860 73 75 beat
1468 1860 102 75 open;
1598 1860 76 75 then
1688 1860 92 75 bring
1792 1860 33 75 as
1837 1860 95 75 many
1944 1860 79 75 guns
2036 1860 84 75 from
2132 1860 82 75 your
2224 1860 84 75 wea-

1325 1906 74 75 ther
1415 1906 64 75 fide
1496 1906 34 75 as
1547 1906 63 75 you
1635 1906 80 75 have
1732 1906 91 75 ports
1847 1906 72 75 for;
1946 1906 63 75 and
2025 1906 108 75 laying
2155 1906 56 75 the
2234 1906 73 75 ene-

1322 1952 82 75 mys
1432 1952 78 75 flip,
1536 1952 41 75 on
1602 1952 113 75 board,
1739 1952 78 75 loof
1832 1952 52 75 for
1907 1952 81 75 loof,
2014 1952 96 75 order
2132 1952 82 75 your
2235 1952 72 75 tops

1321 1999 62 75 and
1399 1999 95 75 yards
1515 1999 35 75 to
1575 1999 38 75 be
1633 1999 137 75 manned
1794 1999 62 75 and
1881 1999 162 75 ftirnified
2068 1999 76 75 with
2169 1999 145 75 necefia--

1322 2046 84 75 ries;
1434 2046 62 75 and
1512 2046 45 75 let
1582 2046 43 75 all
1649 2046 83 75 your
1755 2046 90 75 fmall
1870 2046 67 75 fliot
1961 2046 41 75 be
2025 2046 33 75 in
2082 2046 20 75 a
2125 2046 179 75 readinefs;

1322 2092 76 75 then
1410 2092 116 75 charge
1544 2092 32 75 at
1594 2092 78 75 once
1689 2092 79 75 with
1781 2092 78 75 both
1873 2092 89 75 fmall
1984 2092 62 75 and
2065 2092 104 75 great,
2195 2092 61 75 and
2274 2092 33 75 at

1322 2140 54 75 the
1387 2140 85 75 fame
1483 2140 78 75 time
1573 2140 90 75 enter
1672 2140 81 75 your
1765 2140 70 75 men
1848 2140 102 75 under
1961 2140 95 75 cover
2068 2140 39 75 of
2118 2140 56 75 the
2186 2140 120 75 fmoke,

1321 2186 103 75 either
1448 2186 42 75 on
1516 2186 56 75 the
1597 2186 73 75 bow
1693 2186 41 75 of
1760 2186 82 75 your
1869 2186 141 75 enemys
2035 2186 78 75 flip,
2149 2186 37 75 or
2213 2186 95 75 bring

1321 2233 82 75 your
1419 2233 133 75 midfliip
1569 2233 83 75 clofe
1669 2233 42 75 up
1729 2233 77 75 with
1824 2233 58 75 her
1905 2233 144 75 quarter,
2074 2233 63 75 and
2159 2233 33 75 fo
2216 2233 91 75 enter

1321 2280 81 75 your
1418 2280 72 75 men
1506 2280 45 75 by
1566 2280 56 75 the
1638 2280 152 75 firouds:
1817 2280 38 75 or
1879 2280 30 75 if
1928 2280 64 75 you
2015 2280 108 75 would
2148 2280 52 75 ufe
2225 2280 82 75 your

1321 2327 172 75 ordnance,
1511 2327 26 75 it
1554 2327 26 75 is
1597 2327 65 75 beft
1677 2327 36 75 to
1729 2327 100 75 board
1846 2327 83 75 your
1940 2327 139 75 enemys
2092 2327 65 75 ftiip
2170 2327 136 75 athwart

1320 2373 57 75 her
1393 2373 126 75 hawfe;
1547 2373 50 75 for
1614 2373 31 75 in
1662 2373 69 75 that
1748 2373 68 75 cafe
1833 2373 64 75 you
1914 2373 73 75 may
2003 2373 53 75 ufe
2072 2373 78 75 moll
2167 2373 40 75 of
2225 2373 81 75 your

1320 2421 89 75 great
1425 2421 93 75 guns,
1537 2421 60 75 and
1615 2421 51 75 (he
1683 2421 77 75 only
1776 2421 90 75 thofe
1882 2421 40 75 of
1933 2421 58 75 her
2003 2421 101 75 prdw.
2145 2421 66 75 Let
2220 2421 86 75 fome

1318 2467 41 75 of
1376 2467 81 75 your
1474 2467 73 75 men
1563 2467 181 75 endeavour
1761 2467 35 75 to
1812 2467 55 75 cut
1878 2467 93 75 down
1985 2467 54 75 the
2052 2467 140 75 enemys
2208 2467 97 75 yards

1319 2514 62 75 and
1398 2514 118 75 tackle,
1542 2514 102 75 whilft
1661 2514 110 75 others
1788 2514 84 75 clear
1885 2514 54 75 the
1952 2514 111 75 decks,
2088 2514 60 75 and
2161 2514 75 75 beat
2249 2514 56 75 the

1319 2561 112 75 enemy
1450 2561 85 75 from
1551 2561 94 75 aloft.
1693 2561 98 75 Then
1808 2561 45 75 let
1868 2561 57 75 the
1942 2561 130 75 fcuttles
2090 2561 62 75 and
2170 2561 134 75 hatches

1316 2607 40 75 be
1378 2607 102 75 broke
1496 2607 82 75 open
1595 2607 79 75 with
1691 2607 41 75 all
1750 2607 128 75 pofiible
1895 2607 94 75 fpeed
2014 2607 35 75 to
2073 2607 95 75 avoid
2190 2607 112 75 trains,

1316 2654 63 75 and
1395 2654 56 75 the
1466 2654 121 75 danger
1605 2654 40 75 of
1661 2654 97 75 being
1774 2654 107 75 blown
1898 2654 41 75 up
1958 2654 43 75 by
2017 2654 122 75 barrels
2156 2654 40 75 of
2214 2654 89 75 pow-

1317 2700 57 75 der
1392 2700 111 75 placed
1512 2700 105 75 under
1633 2700 55 75 the
1705 2700 109 75 decks.

1268 2748 146 75 BOAT,
1449 2748 19 75 a
1495 2748 89 75 fmall
1619 2748 82 75 open
1734 2748 104 75 veffel,
1873 2748 183 75 commonly
2080 2748 149 75 wrought
2260 2748 43 75 by

1318 2794 135 75 rowing.

1268 2842 312 75 BOATSWAIN,
1607 2842 17 75 a
1642 2842 201 75 flip-officer,
1869 2842 36 75 to
1930 2842 106 75 whom
2063 2842 26 75 is
2115 2842 187 75 committed

1315 2889 54 75 the
1396 2889 117 75 charge
1540 2889 40 75 of
1605 2889 41 75 all
1676 2889 54 75 the
1760 2889 170 75 tacklings,
1962 2889 84 75 fails,
2078 2889 61 75 and
2163 2889 137 75 rigging,

1315 2936 105 75 ropes,
1446 2936 118 75 cables,
1591 2936 147 75 anchors,
1766 2936 88 75 flags,
1881 2936 167 75 pendants,
2081 2936 62 75 fee.

2274 2936 27 75 is

1313 2982 66 75 alfo
1403 2982 35 75 to
1452 2982 78 75 take
1548 2982 73 75 care
1645 2982 41 75 of
1704 2982 54 75 the
1783 2982 170 75 long-boat
1978 2982 62 75 and
2064 2982 42 75 its
2130 2982 169 75 furniture,

1313 3030 64 75 and
1394 3030 35 75 to
1441 3030 77 75 fleer
1532 3030 58 75 her
1608 3030 102 75 either
1726 3030 43 75 by
1785 3030 131 75 himfelf
1934 3030 36 75 er
1986 3030 51 75 his
2054 3030 98 75 mate.
2246 3073 53 75 He
