2443 3377
562 137 43 75 A
655 137 41 75 ?
750 137 23 75 I

1129 137 24 75 <
1209 137 86 75 334

239 188 75 75 leaft
331 188 53 75 apt
400 188 37 75 to
453 188 95 75 crack
563 188 42 75 of
616 188 63 75 any
693 188 125 75 cement
833 188 202 75 eafily-to-be
1053 188 164 75 obtained,

240 234 111 75 fhouJd
367 234 39 75 be
422 234 67 75 laid
505 234 43 75 all
563 234 106 75 round
680 234 55 75 the
748 234 249 75 circumference
1009 234 41 75 of
1060 234 56 75 the
1131 234 88 75 hive.

242 281 64 75 Let
323 281 55 75 the
394 281 95 75 cover
507 281 42 75 be
568 281 66 75 laid
649 281 84 75 upon
752 281 76 75 this,
854 281 63 75 and
932 281 93 75 made
1042 281 59 75 faft
1117 281 34 75 to
1164 281 57 75 the

241 329 74 75 hive
335 329 80 75 with
440 329 18 75 a
480 329 267 75 packing-needle
761 329 66 75 and
840 329 227 75 pack-thread,
1090 329 35 75 fo
1150 329 71 75 that

240 376 126 75 neither
380 376 75 75 cold
471 376 59 75 nor
545 376 123 75 vermin
684 376 74 75 may
772 376 105 75 enter.

237 422 25 75 “
286 422 92 75 Each
391 422 74 75 hive
481 422 112 75 fhould
609 422 87 75 (land
712 422 96 75 fingle
824 422 43 75 on
884 422 19 75 a
919 422 88 75 piece
1023 422 40 75 of
1073 422 85 75 deal,
1184 422 39 75 or

240 469 93 75 other
350 469 106 75 wood,
481 469 174 75 fomewhat
670 469 106 75 larger
799 469 76 75 than
894 469 55 75 the
965 469 126 75 bottom
1108 469 44 75 of
1167 469 56 75 the

239 517 73 75 hive
326 517 10 75 :
362 517 92 75 That
470 517 72 75 part
558 517 41 75 of
610 517 55 75 the
682 517 88 75 (land
787 517 107 75 which
905 517 27 75 is
945 517 33 75 at
995 517 55 75 the
1063 517 113 75 mouth
1188 517 41 75 of

240 564 56 75 the
306 564 74 75 hive
393 564 112 75 fhould
521 564 122 75 projedt
658 564 87 75 fome
757 564 122 75 inches,
897 564 52 75 for
960 564 55 75 the
1028 564 76 75 bees
1117 564 35 75 to
1164 564 60 75 reft

240 612 42 75 on
292 612 93 75 when
397 612 80 75 they
489 612 107 75 return
610 612 84 75 from
707 612 55 75 the
779 612 88 75 field.
915 612 87 75 This
1014 612 89 75 (land
1114 612 112 75 (hould

241 658 39 75 he
301 658 175 75 fupported
499 658 85 75 upon
609 658 17 75 a
651 658 97 75 fingle
771 658 80 75 poft,
875 658 68 75 two
959 658 62 75 and
1038 658 19 75 a
1072 658 74 75 half
1156 658 68 75 feet

240 704 100 75 high;
367 704 35 75 to
425 704 106 75 which
558 704 27 75 it
612 704 113 75 (hould
749 704 40 75 be
814 704 141 75 fcrewed
970 704 79 75 very
1065 704 157 75 fecurely,

240 751 71 75 that
337 751 79 75 high
440 751 116 75 winds,
584 751 38 75 or
638 751 95 75 other
749 751 175 75 accidents,
952 751 73 75 may
1052 751 57 75 not
1121 751 99 75 .blow

240 798 94 75 down
349 798 81 75 both
450 798 89 75 (land
554 798 63 75 and
627 798 89 75 hive.
763 798 34 75 A
813 798 149 75 quantity
978 798 41 75 of
1029 798 69 75 foot
1111 798 111 75 mixed

240 845 78 75 with
342 845 219 75 barley-chaff
583 845 111 75 (hould
722 845 39 75 be
789 845 133 75 ftrewed
949 845 43 75 on
1014 845 55 75 the
1096 845 127 75 ground

240 891 102 75 round
359 891 55 75 the
438 891 81 75 poft,
541 891 109 75 which
678 891 67 75 will
772 891 181 75 effedtually
981 891 132 75 prevent
1137 891 87 75 ants,

238 939 102 75 (lugs,
358 939 63 75 and
437 939 95 75 other
548 939 133 75 vermin,
706 939 85 75 from
807 939 93 75 rifing
923 939 43 75 up
991 939 36 75 to
1053 939 56 75 the
1131 939 89 75 hive.

239 986 76 75 The
331 986 71 75 foot
425 986 62 75 and
504 986 93 75 chaff
605 986 127 75 (hould,
755 986 84 75 from
855 986 78 75 time
950 986 35 75 to
998 986 90 75 time,
1113 986 40 75 he
1170 986 50 75 ie-

239 1032 111 75 newed
366 1032 35 75 as
421 1032 26 75 it
463 1032 26 75 is
506 1032 109 75 blown
631 1032 38 75 or
685 1032 123 75 walked
825 1032 112 75 away;
962 1032 158 75 Though,
1145 1032 35 75 as
1195 1032 30 75 it

238 1080 27 75 is
277 1080 156 75 (heltered
443 1080 45 75 by
499 1080 55 75 the
570 1080 101 75 (land,
689 1080 26 75 it
727 1080 134 75 remains
875 1080 18 75 a
904 1080 212 75 confiderable
1129 1080 90 75 time,

241 1126 168 75 efpecially
425 1126 31 75 if
467 1126 71 75 care
555 1126 39 75 be
617 1126 96 75 taken
735 1126 72 75 that
822 1126 42 75 no
882 1126 104 75 weeds
1003 1126 60 75 rife
1078 1126 145 75 through

238 1171 39 75 it.
325 1171 138 75 Weeds,
487 1171 128 75 indeed,
641 1171 111 75 fhould
768 1171 57 75 not
842 1171 40 75 be
909 1171 171 75 permitted
1095 1171 35 75 to
1159 1171 64 75 rife

240 1219 74 75 near
330 1219 55 75 the
401 1219 86 75 hive,
513 1219 52 75 for
593 1219 79 75 they
696 1219 73 75 may
793 1219 72 75 give
892 1219 115 75 (helter
1035 1219 36 75 to
1096 1219 127 75 vermin,

239 1267 106 75 which
361 1267 73 75 may
451 1267 40 75 be
507 1267 128 75 hurtful
649 1267 39 75 ta
701 1267 54 75 the
772 1267 88 75 bees.

236 1311 24 75 “
285 1311 77 75 The
379 1311 105 75 (lands
501 1311 53 75 for
569 1311 75 75 bees
656 1311 111 75 (hould
789 1311 41 75 be
847 1311 74 75 four
943 1311 95 75 yards
1062 1311 133 75 afunder
1206 1311 13 75 j

239 1361 49 75 or,
313 1361 31 75 if
355 1361 55 75 the
427 1361 109 75 apiary
552 1361 65 75 will
636 1361 55 75 not
709 1361 99 75 admit
825 1361 40 75 of
876 1361 34 75 fo
931 1361 108 75 much,
1065 1361 34 75 as
1116 1361 50 75 far
1185 1361 34 75 a-

240 1407 117 75 funder
374 1407 35 75 as
425 1407 73 75 may
514 1407 52 75 be,
592 1407 71 75 that
686 1407 56 75 the
758 1407 75 75 bees
849 1407 41 75 of
901 1407 61 75 one
978 1407 73 75 hive
1073 1407 75 75 may
1164 1407 59 75 not

238 1455 151 75 interfere
405 1455 79 75 with
502 1455 88 75 thofe
617 1455 41 75 of
674 1455 135 75 anpther
832 1455 87 75 hive,
945 1455 35 75 as
996 1455 27 75 is
1040 1455 180 75 fometimes

240 1502 54 75 the
310 1502 81 75 cafe,
417 1502 92 75 when
534 1502 55 75 the
611 1502 91 75 hives
719 1502 54 75 are
789 1502 75 75 near
876 1502 61 75 one
952 1502 146 75 another,
1124 1502 37 75 or
1177 1502 46 75 on

240 1549 55 75 the
322 1549 84 75 fame
434 1549 109 75 Hand:
581 1549 66 75 For
663 1549 56 75 the
734 1549 89 75 bees,
848 1549 167 75 miftakipg
1040 1549 84 75 their
1148 1549 78 75 own

239 1595 102 75 hives,
365 1595 82 75 light
461 1595 181 75 fometimes
666 1595 33 75 at
719 1595 55 75 the
793 1595 108 75 wrong
918 1595 94 75 door,
1038 1595 63 75 and
1117 1595 18 75 a
1150 1595 73 75 fray

238 1642 123 75 enfues,
385 1642 35 75 in
434 1642 105 75 which
564 1642 61 75 one
642 1642 37 75 or
691 1642 88 75 more
795 1642 74 75 may
880 1642 66 75 lofe
961 1642 85 75 their
1057 1642 91 75 lives.

236 1690 23 75 “
283 1690 79 75 The
380 1690 114 75 perfon
515 1690 75 75 who
605 1690 126 75 intends
755 1690 35 75 to
806 1690 86 75 eredt
907 1690 41 75 an
963 1690 123 75 apiary,
1110 1690 116 75 (hould

239 1736 154 75 purchafe
409 1736 18 75 a
443 1736 116 75 proper
574 1736 135 75 number
720 1736 40 75 of
771 1736 90 75 hives
873 1736 32 75 at
921 1736 56 75 the
993 1736 95 75 latter
1100 1736 71 75 part
1187 1736 42 75 of

241 1783 54 75 the
311 1783 88 75 year,
424 1783 94 75 when
534 1783 78 75 they
624 1783 53 75 are
694 1783 156 75 cheapeft.
898 1783 77 75 The
998 1783 90 75 hives
1110 1783 115 75 (hould,

240 1830 41 75 be
305 1830 61 75 full
390 1830 41 75 of
449 1830 122 75 combs,
597 1830 62 75 and
682 1830 73 75 well
773 1830 107 75 ftored
901 1830 81 75 with
1009 1830 88 75 bees.
1145 1830 77 75 The

240 1876 167 75 purchafer
422 1876 112 75 (hould
549 1876 145 75 examine
710 1876 56 75 the
783 1876 122 75 combs,
922 1876 31 75 in
967 1876 95 75 order
1073 1876 36 75 to
1125 1876 97 75 know

242 1923 54 75 the
312 1923 57 75 age
386 1923 40 75 of
440 1923 56 75 the
512 1923 104 75 hives.
674 1923 78 75 The
769 1923 110 75 combs
906 1923 40 75 of
958 1923 70 75 that
1042 1923 107 75 feafon
1166 1923 53 75 are

240 1969 113 75 white,
374 1969 92 75 thofe
488 1969 42 75 of
542 1969 55 75 the
615 1969 119 75 former
750 1969 76 75 year
843 1969 53 75 are
915 1969 41 75 of
973 1969 19 75 a
1010 1969 125 75 darkifti
1151 1969 68 75 yel-

239 2016 82 75 low;
348 2016 63 75 and
422 2016 107 75 where
545 2016 56 75 the
617 2016 109 75 combs
743 2016 54 75 are
809 2016 105 75 black,
931 2016 57 75 the
1004 2016 89 75 hives
1109 2016 115 75 (hould

239 2065 43 75 be
298 2065 154 75 rejedted,
485 2065 131 75 becaufe
636 2065 57 75 old
709 2065 90 75 hives
819 2065 53 75 are
888 2065 79 75 mod
982 2065 96 75 liable
1094 2065 35 75 to
1146 2065 74 75 ver-

245 2111 64 75 min
328 2111 62 75 and
405 2111 94 75 other
514 2111 173 75 accidents.

238 2156 23 75 “
287 2156 37 75 If
335 2156 56 75 the
402 2156 133 75 number
546 2156 40 75 of
596 2156 97 75 hives,
698 2156 127 75 wanted
835 2156 85 75 were
931 2156 58 75 not
1001 2156 176 75 purchaled
1185 2156 34 75 in

241 2205 54 75 the
308 2205 145 75 autumn,
469 2205 25 75 it
510 2205 66 75 will
592 2205 39 75 be
644 2205 158 75 neceffary
818 2205 35 75 to
870 2205 130 75 remedy
1017 2205 64 75 this
1098 2205 122 75 negledt

242 2251 80 75 after
339 2251 56 75 the
411 2251 138 75 feverity
565 2251 40 75 of
615 2251 57 75 the
688 2251 74 75 cold
773 2251 28 75 is
812 2251 69 75 pad
890 2251 31 75 in
936 2251 55 75 the
1003 2251 118 75 fpring.
1169 2251 50 75 At

241 2297 62 75 this
320 2297 118 75 feafon,
463 2297 76 75 bees
556 2297 104 75 which
677 2297 54 75 are
751 2297 38 75 in
801 2297 86 75 good
902 2297 165 75 condition
1082 2297 65 75 will
1161 2297 59 75 get

241 2344 67 75 into
324 2344 56 75 the
397 2344 90 75 fields
515 2344 88 75 early
631 2344 33 75 in
687 2344 56 75 die
766 2344 161 75 morning,
951 2344 110 75 return
1087 2344 134 75 loaded,

242 2390 89 75 enter
350 2390 125 75 boldly,
501 2390 61 75 and
579 2390 44 75 do
639 2390 57 75 not
713 2390 90 75 come
820 2390 55 75 out
892 2390 41 75 of
946 2390 55 75 the
1018 2390 73 75 hive
1107 2390 32 75 in
1156 2390 65 75 bad

241 2437 163 75 weather;
431 2437 52 75 for
506 2437 94 75 when
628 2437 78 75 they
733 2437 56 75 do,
813 2437 64 75 this
894 2437 154 75 indicates
1065 2437 78 75 they
1165 2437 54 75 are

242 2485 31 75 in
290 2485 90 75 great
403 2485 86 75 want
511 2485 40 75 of
567 2485 185 75 provifions.
800 2485 99 75 They
915 2485 54 75 are
992 2485 85 75 alert
1098 2485 44 75 on
1165 2485 56 75 the

242 2528 75 75 leaft
328 2528 211 75 difturbance,
555 2528 63 75 and
628 2528 44 75 by
684 2528 55 75 the
750 2528 149 75 loudnefs
908 2528 41 75 of
960 2528 84 75 their
1055 2528 165 75 humming

243 2580 48 75 we
303 2580 100 75 judge
416 2580 39 75 of
468 2580 84 75 their
565 2580 155 75 ftrengtb.
758 2580 100 75 They
870 2580 144 75 preferve
1029 2580 86 75 their
1129 2580 90 75 hives

243 2626 67 75 free
327 2626 84 75 from
430 2626 42 75 all
488 2626 84 75 filth,
597 2626 62 75 and
682 2626 53 75 are
759 2626 97 75 ready
876 2626 35 75 to
927 2626 118 75 defend
1061 2626 28 75 it
1103 2626 119 75 againft

244 2671 95 75 every
355 2671 112 75 enemy
486 2671 72 75 that
575 2671 205 75 approaches.

240 2717 27 75 “
288 2717 77 75 The
382 2717 136 75 fumroer
536 2717 27 75 is
585 2717 39 75 an
644 2717 162 75 improper
832 2717 77 75 time
926 2717 51 75 for
993 2717 121 75 buying
1129 2717 90 75 bees,

242 2765 132 75 becaufe
389 2765 56 75 the
459 2765 80 75 heat
550 2765 41 75 of
601 2765 55 75 the
671 2765 144 75 weather
831 2765 119 75 foftens
973 2765 55 75 the
1046 2765 86 75 wax;
1158 2765 63 75 and

244 2785 134 104 ♦hereby
401 2811 129 75 renders
543 2811 54 75 the
610 2811 107 75 combs
729 2811 96 75 liable
842 2811 34 75 to
892 2811 111 75 break,
1028 2811 31 75 if
1069 2811 80 75 they
1168 2811 52 75 are

244 2858 56 75 not
322 2858 78 75 very
423 2858 73 75 well
523 2858 142 75 fecured.
711 2858 77 75 The
814 2858 107 75 honey
942 2858 56 75 too
1021 2858 96 75 being
1144 2858 78 75 then

245 2903 125 75 thinner
386 2903 76 75 than
480 2903 32 75 at
529 2903 93 75 other
646 2903 104 75 times,
776 2903 27 75 is
830 2903 89 75 more
942 2903 56 75 apt
1020 2903 34 75 to
1080 2903 59 75 run
1164 2903 57 75 out

246 2951 39 75 of
295 2951 55 75 the
371 2951 99 75 cells;
495 2951 106 75 which
617 2951 27 75 is
660 2951 151 75 attended
827 2951 80 75 with
932 2951 18 75 a
973 2951 119 75 double
1115 2951 105 75 difad-

245 3000 152 75 vantage,,
407 3000 141 75 namely,
563 3000 59 75 the
634 3000 62 75 lofs
712 3000 40 75 of
763 3000 56 75 the
833 3000 125 75 honey,
977 3000 62 75 and
1051 3000 59 75 the
1119 3000 101 75 daub-

1351 131 20 75 )

1726 131 45 75 A
1820 131 41 75 1*
1898 131 29 75 i

1321 187 55 75 ing
1391 187 40 75 of
1449 187 64 75 the-
1527 187 91 75 bees,
1642 187 152 75 whereby
1810 187 97 75 many
1934 187 41 75 of
1996 187 87 75 them
2103 187 72 75 may
2190 187 39 75 be
2244 187 58 75 de-

1321 235 139 75 ftroyed.
1509 235 35 75 A
1570 235 66 75 firft
1664 235 63 75 and
1756 235 109 75 ftrong
1891 235 113 75 fwarm
2031 235 74 75 may
2131 235 117 75 indeed
2264 235 39 75 be

1324 281 200 75 purchafed;
1552 281 75 75 and,
1651 281 31 75 if
1692 281 91 75 leave
1799 281 58 75 can
1874 281 40 75 be
1942 281 167 75 obtained,
2131 281 175 75 permitted

1324 327 35 75 to
1375 327 89 75 Hand
1479 327 33 75 in
1528 327 56 75 the
1599 327 85 75 fame
1707 327 120 75 garden
1855 327 49 75 till
1932 327 56 75 the
2017 327 152 75 autumn;
2196 327 58 75 but
2279 327 31 75 if

1322 375 90 75 leave
1428 375 28 75 is
1470 375 59 75 not
1545 375 165 75 obtained,
1739 375 26 75 it
1782 375 77 75 may
1879 375 40 75 be
1943 375 125 75 carried
2083 375 92 75 away
2200 375 34 75 in
2249 375 57 75 the

1325 421 92 75 night
1433 421 85 75 after
1533 421 27 75 it
1574 421 58 75 has
1651 421 79 75 been
1750 421 108 75 hived.

1322 468 24 75 “
1371 468 16 75 I
1411 468 143 75 fuppofe,
1584 468 71 75 that
1680 468 33 75 in
1736 468 55 75 the
1808 468 102 75 (locks
1935 468 189 75 purchafed,
2148 468 56 75 the
2230 468 75 75 bees

1325 515 54 75 are
1393 515 36 75 in
1442 515 90 75 hives
1549 515 40 75 of
1600 515 55 75 the
1671 515 58 75 old
1745 515 221 75 eonftru&ion.
2014 515 77 75 The
2108 515 80 75 only
2201 515 104 75 direc-

1324 561 67 75 tion
1409 561 76 75 here
1501 561 159 75 neceffary
1676 561 41 75 is,
1742 561 71 75 that
1830 561 55 75 the
1901 561 64 75 firft
1981 561 112 75 fwarm
2115 561 85 75 from
2217 561 89 75 thefe

1324 609 104 75 (locks
1443 609 113 75 (hould
1571 609 41 75 be
1627 609 58 75 put
1701 609 70 75 into
1788 609 61 75 one
1875 609 42 75 of
1939 609 54 75 my
2015 609 90 75 hives
2119 609 10 75 ;
2155 609 63 75 and
2235 609 70 75 that

1324 655 135 75 another
1470 655 41 75 of
1517 655 54 75 my
1582 655 91 75 hives
1688 655 113 75 (hould
1816 655 32 75 in
1865 655 19 75 a
1900 655 64 75 few
1979 655 82 75 days
2075 655 40 75 be
2131 655 57 75 put
2203 655 104 75 under

1324 702 55 75 the
1395 702 54 75 old
1462 702 100 75 flock,
1581 702 32 75 in
1630 702 94 75 order
1741 702 35 75 to
1793 702 133 75 prevent
1937 702 41 75 its
1991 702 167 75 fwarming
2175 702 104 75 again.

1318 749 83 75 Bees
1418 749 96 75 never
1529 749 113 75 fwarm
1659 749 56 75 till
1726 749 58 75 the
1797 749 75 75 hive
1899 749 41 75 be
1967 749 58 75 too
2050 749 97 75 much
2163 749 144 75 crouded

1271 796 44 75 by
1330 796 55 75 the
1402 796 107 75 young
1525 796 117 75 brood.
1692 796 33 75 It
1747 796 27 75 is
1797 796 65 75 this
1883 796 224 75 circumftance
2124 796 72 75 that
2210 796 97 75 indu-

1270 842 52 75 ces
1339 842 19 75 a
1373 842 72 75 part
1461 842 40 75 of
1511 842 57 75 the
1584 842 73 75 hive
1673 842 36 75 to
1725 842 93 75 think
1835 842 40 75 of
1886 842 123 75 finding
2023 842 19 75 a
2058 842 91 75 more
2161 842 144 75 commo-

1271 890 92 75 dious
1379 890 189 75 habitation.
1602 890 99 75 With
1717 890 64 75 this
1793 890 82 75 view
1890 890 82 75 they
1979 890 100 75 fingle
2093 890 57 75 out
2167 890 18 75 a
2200 890 107 75 queen

1269 937 84 75 from
1378 937 119 75 among
1517 937 55 75 the
1596 937 123 75 young,
1743 937 79 75 with
1846 937 108 75 whom
1978 937 80 75 they
2085 937 76 75 take
2193 937 85 75 wing
2290 937 14 75 ;

1271 982 63 75 and
1358 982 199 75 where-ever
1582 982 51 75 (he
1655 982 104 75 leads,
1782 982 55 75 the
1865 982 61 75 reft
1953 982 124 75 follow.
2124 982 100 75 They
2239 982 68 75 firft

1269 1030 95 75 begin
1380 1030 36 75 to
1432 1030 113 75 fwarm
1561 1030 34 75 in
1612 1030 97 75 May,
1727 1030 37 75 or
1779 1030 32 75 in
1828 1030 55 75 the
1899 1030 63 75 end
1977 1030 41 75 of
2029 1030 108 75 April,
2161 1030 57 75 but
2235 1030 71 75 ear-

1268 1077 60 75 lier
1356 1077 37 75 or
1424 1077 83 75 later
1538 1077 171 75 according
1732 1077 35 75 to
1790 1077 56 75 the
1874 1077 136 75 warmth
2035 1077 43 75 of
2104 1077 54 75 the
2182 1077 122 75 feafon.

1268 1123 98 75 They
1382 1123 119 75 feldom
1518 1123 113 75 fwarm
1648 1123 110 75 before
1780 1123 54 75 ten
1852 1123 35 75 in
1900 1123 56 75 the
1972 1123 161 75 morning,
2158 1123 60 75 and
2242 1123 65 75 fel-

1268 1169 75 75 dom
1360 1169 82 75 later
1458 1169 77 75 than
1563 1169 90 75 three
1670 1169 31 75 in
1720 1169 56 75 the
1792 1169 181 75 afternoon.
2032 1169 68 75 We
2117 1169 74 75 may
2206 1169 97 75 know

1268 1215 92 75 when
1374 1215 78 75 they
1463 1215 52 75 are
1528 1215 98 75 about
1642 1215 36 75 to
1694 1215 124 75 fwarm,
1836 1215 44 75 by
1896 1215 129 75 clufters
2040 1215 43 75 of
2092 1215 90 75 them
2202 1215 103 75 hang-

1267 1262 56 75 ing
1338 1262 41 75 on
1396 1262 56 75 the
1468 1262 121 75 outfide
1606 1262 40 75 of
1657 1262 56 75 the
1730 1262 87 75 hive,
1835 1262 62 75 and
1908 1262 44 75 by
1964 1262 55 75 the
2036 1262 115 75 drones
2169 1262 134 75 appear-

1268 1311 54 75 ing
1334 1311 118 75 abroad
1464 1311 89 75 more
1569 1311 77 75 than
1662 1311 107 75 ufual:
1789 1311 67 75 But
1873 1311 55 75 the
1946 1311 79 75 moft
2042 1311 119 75 certain
2178 1311 64 75 fign
2259 1311 42 75 is,

1268 1356 92 75 when
1373 1356 54 75 the
1444 1356 75 75 bees
1535 1356 121 75 refrain
1670 1356 85 75 from
1775 1356 101 75 flying
1891 1356 71 75 into
1977 1356 56 75 the
2056 1356 104 75 fields,
2178 1356 128 75 though

1269 1404 54 75 the
1335 1404 106 75 feafoa
1454 1404 39 75 be
1505 1404 149 75 inviting.
1687 1404 70 75 Juft
1774 1404 108 75 before
1900 1404 79 75 they
1994 1404 74 75 take
2084 1404 106 75 flight,
2211 1404 93 75 there

1269 1451 26 75 is
1309 1451 38 75 an
1357 1451 192 75 uncommon
1566 1451 112 75 filence
1693 1451 33 75 in
1743 1451 55 75 the
1814 1451 96 75 hive;
1930 1451 82 75 after
2028 1451 78 75 this,
2124 1451 33 75 as
2174 1451 77 75 foon
2267 1451 36 75 as

1270 1498 60 75 one
1345 1498 91 75 takes
1452 1498 106 75 flight,
1583 1498 78 75 they
1677 1498 43 75 all
1736 1498 125 75 follow.
1909 1498 121 75 Before
2046 1498 56 75 the
2112 1498 193 75 fubfequent

1269 1545 197 75 fwarmings,
1491 1545 91 75 there
1601 1545 28 75 is
1654 1545 19 75 a
1696 1545 91 75 great
1804 1545 84 75 noifc
1905 1545 31 75 in
1954 1545 55 75 the
2024 1545 102 75 hives,
2151 1545 108 75 which
2273 1545 33 75 is

1269 1592 154 75 fuppofed
1439 1592 34 75 to
1490 1592 39 75 be
1545 1592 184 75 occafioned
1745 1592 43 75 by
1805 1592 18 75 a
1839 1592 120 75 coated
1972 1592 144 75 whether
2126 1592 57 75 the
2195 1592 112 75 young

1270 1639 37 75 or
1324 1639 54 75 the
1395 1639 56 75 old
1473 1639 105 75 queen
1603 1639 111 75 (hould
1730 1639 43 75 go
1789 1639 70 75 out.
1908 1639 115 75 When
2048 1639 55 75 the
2126 1639 74 75 bees
2223 1639 41 75 of
2283 1639 23 75 &

1270 1686 112 75 fwarm
1399 1686 45 75 fly
1460 1686 56 75 too
1532 1686 92 75 high,
1649 1686 78 75 they
1744 1686 53 75 are
1814 1686 93 75 made
1925 1686 36 75 to
1977 1686 136 75 defcend
2128 1686 113 75 lower,
2257 1686 50 75 by

1270 1733 160 75 throwing
1445 1733 151 75 handfuls
1614 1733 39 75 of
1664 1733 76 75 fand
1763 1733 37 75 or
1827 1733 71 75 daft
1924 1733 118 75 among
2068 1733 101 75 them,
2195 1733 110 75 which

1269 1779 81 75 they'
1363 1779 155 75 probably
1534 1779 131 75 miftake
1681 1779 52 75 for
1759 1779 81 75 rain.
1890 1779 66 75 For
1983 1779 55 75 the
2055 1779 83 75 fame
2155 1779 152 75 purpofo,

1268 1825 25 75 it
1310 1825 25 75 is
1352 1825 88 75 ufual
1457 1825 35 75 to
1512 1825 74 75 beat
1600 1825 42 75 on
1662 1825 19 75 a
1698 1825 103 75 kettle
1818 1825 37 75 or
1873 1825 206 75 frying-pan:
2106 1825 85 75 This
2209 1825 99 75 prac-

1268 1872 62 75 tice
1347 1872 74 75 may
1437 1872 81 75 have
1535 1872 96 75 taken
1646 1872 43 75 its
1706 1872 58 75 rife
1783 1872 82 75 from
1892 1872 167 75 obferving
2075 1872 71 75 that
2162 1872 141 75 thunder

1268 1919 36 75 or
1324 1919 62 75 any
1402 1919 91 75 great
1509 1919 84 75 noifo
1610 1919 146 75 prompts
1781 1919 77 75 fuch
1876 1919 75 75 bees
1966 1919 35 75 as
2018 1919 54 75 aie
2087 1919 35 75 ia
2138 1919 54 75 the
2208 1919 93 75 fields

1267 1965 36 75 to
1319 1965 108 75 return
1447 1965 108 75 home.

1313 2012 112 75 "When
1440 2012 56 75 the
1512 2012 74 75 bees
1602 2012 93 75 fettle
1710 2012 33 75 in
1759 2012 182 75 fwarming,
1965 2012 79 75 they
2066 2012 113 75 colleft
2195 2012 105 75 them-

1266 2060 99 75 felves
1381 2060 32 75 in
1430 2060 18 75 a
1464 2060 93 75 heap,
1584 2060 63 75 and
1662 2060 85 75 hang
1770 2060 36 75 to
1830 2060 80 75 each
1934 2060 94 75 other
2052 2060 44 75 by
2111 2060 85 75 their
2219 2060 81 75 feet.

1266 2106 111 75 When
1396 2106 78 75 they
1490 2106 93 75 fettle
1600 2106 32 75 in
1656 2106 67 75 two
1745 2106 143 75 feparate
1910 2106 161 75 divifions,
2095 2106 26 75 it
2137 2106 167 75 generally

1266 2153 152 75 proceeds
1435 2153 84 75 from
1535 2153 91 75 there
1642 2153 97 75 being
1754 2153 66 75 two
1836 2153 120 75 queens
1972 2153 34 75 in
2020 2153 56 75 the
2088 2153 124 75 fwarm.
2261 2153 48 75 In-,

1266 2200 70 75 that
1352 2200 82 75 cafe,
1459 2200 80 75 each
1551 2200 114 75 duller
1681 2200 39 75 of
1732 2200 88 75 them
1840 2200 72 75 may
1932 2200 40 75 be
1988 2200 96 75 hived
2099 2200 200 75 feparately;

1267 2248 37 75 or
1319 2248 62 75 one
1397 2248 40 75 of
1456 2248 55 75 the
1528 2248 121 75 queens
1670 2248 80 75 mull
1766 2248 40 75 be
1829 2248 187 75 deftroyed,
2036 2248 37 75 to
2095 2248 132 75 prevent
2244 2248 58 75 the

1267 2294 213 75 commotions
1494 2294 106 75 which
1617 2294 57 75 the
1696 2294 74 75 bees
1785 2294 108 75 would
1916 2294 77 75 raife
2016 2294 37 75 in
2074 2294 96 75 order
2186 2294 35 75 to
2243 2294 58 75 de-

1267 2342 84 75 ftroy
1368 2342 72 75 her.
1488 2342 58 75 All
1563 2342 55 75 the
1633 2342 139 75 motions
1789 2342 62 75 and
1867 2342 129 75 fettling
2012 2342 41 75 of
2072 2342 18 75 a
2110 2342 113 75 fwarm
2246 2342 59 75 are

1267 2389 142 75 dire&ed
1424 2389 45 75 by
1485 2389 55 75 the
1562 2389 116 75 queen.
1727 2389 37 75 If
1783 2389 52 75 (he
1860 2389 40 75 be
1917 2389 104 75 weak,
2039 2389 63 75 and
2118 2389 58 75 fail
2193 2389 35 75 to
2244 2389 57 75 the

1267 2435 137 75 ground,
1428 2435 58 75 the
1509 2435 107 75 whole
1641 2435 112 75 fwarm
1768 2435 60 75 fall
1842 2435 96 75 down
1955 2435 95 75 along
2066 2435 80 75 with
2168 2435 81 75 her;
2275 2435 36 75 if

1268 2483 50 75 (he
1336 2483 58 75 reft
1412 2483 83 75 upon
1519 2483 19 75 a
1558 2483 123 75 branch
1701 2483 41 75 of
1761 2483 19 75 a
1801 2483 81 75 tree,
1907 2483 80 75 they
2008 2483 195 75 accompany
2218 2483 81 75 her;

1268 2529 62 75 and
1345 2529 34 75 if
1393 2529 55 75 the
1464 2529 103 75 queen
1584 2529 39 75 be
1646 2529 118 75 caught
1780 2529 71 75 into
1867 2529 21 75 a
1905 2529 87 75 hive,
2018 2529 56 75 the
2097 2529 112 75 fwarm
2232 2529 71 75 will

1267 2575 149 75 inftantly
1432 2575 112 75 follow
1560 2575 71 75 her.
1679 2575 111 75 When
1804 2575 21 75 a
1838 2575 112 75 fwarm
1961 2575 28 75 is
2006 2575 57 75 too
2080 2575 62 75 few
2158 2575 32 75 in
2210 2575 89 75 num-

1268 2623 55 75 ber
1339 2623 52 75 for
1407 2623 20 75 a
1437 2623 86 75 hive,
1541 2623 134 75 another
1687 2623 73 75 may
1775 2623 41 75 be
1828 2623 117 75 added,
1961 2623 157 75 provided
2129 2623 55 75 the
2197 2623 107 75 queen

1269 2668 170 75 belonging
1454 2668 37 75 to
1507 2668 31 75 it
1548 2668 40 75 be
1605 2668 181 75 deftroyed.
1835 2668 39 75 If
1891 2668 72 75 that
1979 2668 183 75 precaution
2186 2668 40 75 be
2243 2668 58 75 not

1268 2715 108 75 taken,
1401 2715 18 75 a
1431 2715 101 75 battle
1549 2715 65 75 will
1631 2715 107 75 enfue,
1762 2715 33 75 in
1811 2715 107 75 which
1933 2715 58 75 not
2011 2715 77 75 only
2105 2715 61 75 one
2187 2715 40 75 of
2244 2715 57 75 the

1269 2762 119 75 queens
1411 2762 27 75 is
1465 2762 113 75 killed,
1611 2762 58 75 but
1692 2762 186 75 frequently
1905 2762 21 75 a
1947 2762 90 75 great
2062 2762 95 75 many
2181 2762 40 75 of
2244 2762 58 75 the

1268 2809 145 75 working
1429 2809 95 75 bees.-

1317 2855 133 75 Several
1464 2855 147 75 methods
1628 2855 42 75 of
1688 2855 110 75 taking
1815 2855 56 75 the
1886 2855 77 75 wax
1983 2855 63 75 and
2061 2855 118 75 honey,
2203 2855 98 75 with-

1268 2905 57 75 out
1341 2905 180 75 deftroying
1536 2905 56 75 the
1609 2905 87 75 bees,
1714 2905 81 75 have
1808 2905 40 75 of
1858 2905 64 75 late
1939 2905 80 75 been
2035 2905 164 75 praftifed.
2242 2905 59 75 Mr

1267 2948 196 75 Wildman’s
1474 2948 99 75 feems
1585 2948 81 75 both
1677 2948 39 75 to
1734 2948 39 75 be
1786 2948 55 75 the
1856 2948 106 75 eafieft
1978 2948 163 75 andfafeft
2153 2948 8 75 :
2190 2948 23 75 “
2232 2948 71 75 Re-

1268 2995 24 75 “
1317 2995 100 75 move,
1429 2995 88 75 (fays
1531 2995 60 75 he>
1608 2995 55 75 the
1679 2995 75 75 hive
1770 2995 84 75 from
1880 2995 105 75 which
2011 2995 65 75 you
2096 2995 108 75 would
2225 2995 79 75 taka

2190 3038 22 75 “
2240 3038 57 75 the
