2381 3327
534 168 223 75 ALB

1104 168 18 75 (
1185 168 53 75 76
1297 168 18 75 )
1378 168 14 75 .

1661 168 43 75 A
1761 168 36 75 L
1857 168 36 75 C

201 237 98 75 white
311 237 112 75 Colour
440 237 131 75 appears
586 237 66 75 like
668 237 73 75 that
760 237 40 75 of
810 237 129 75 perfons
958 237 136 75 affefted
1105 237 82 75 with

203 282 79 75 with
300 282 18 75 a
334 282 136 75 leprofy.

154 330 200 75 ALBION,
372 330 55 75 the
439 330 125 75 ancient
576 330 91 75 name
684 330 39 75 of
733 330 139 75 Britain.
922 330 61 75 See
995 330 191 75 Britain.

157 375 91 75 Nsw
264 375 167 75 Albion,
458 375 15 75 a
499 375 92 75 name
615 375 94 75 given
732 375 45 75 by
802 375 53 75 Sir
871 375 131 75 Francis
1021 375 115 75 Drake
1151 375 35 75 to

203 421 193 75 California.
447 421 63 75 See
528 421 265 75 California.

154 467 483 75 ALBLASSERWAERT,
673 467 19 75 a
716 467 118 75 diftrid
854 467 40 75 of
907 467 104 75 South
1028 467 156 75 Holland,

200 514 89 75 lying
306 514 153 75 eaftward
474 514 40 75 of
525 514 101 75 Dort,
643 514 145 75 between
804 514 56 75 the
875 514 99 75 rivers
992 514 115 75 Meufe
1124 514 63 75 and

201 560 105 75 Leek.

153 608 379 75 ALBOGALERUS,
557 608 33 75 in
615 608 127 75 Roman
767 608 174 75 antiquity,
968 608 19 75 a
1012 608 98 75 white
1127 608 57 75 cap

201 653 89 75 worn
307 653 44 75 by
366 653 55 75 the
428 653 125 75 flamen
564 653 74 75 dial
640 653 37 75 is,
702 653 43 75 on
760 653 56 75 the
829 653 56 75 top
898 653 40 75 of
944 653 107 75 which
1069 653 64 75 was
1145 653 39 75 an

200 699 166 75 ornament
383 699 40 75 of
434 699 84 75 olive
540 699 170 75 branches.

154 746 214 75 ALBONA,
395 746 172 75 Albono,
592 746 39 75 or
653 746 205 75 AlboGna,
884 746 19 75 a
926 746 86 75 river
1035 746 41 75 of
1097 746 88 75 Italy

200 792 33 75 in
250 792 55 75 the
325 792 122 75 dutchy
471 792 41 75 of
530 792 119 75 Milan,
674 792 108 75 which
805 792 117 75 waters
948 792 55 75 the
1019 792 165 75 Novarefe

195 838 69 75 hnd
280 838 120 75 dillrid
411 838 41 75 of
463 838 184 75 Laumello.

155 886 247 75 ALBORAK,
421 886 141 75 amongft
579 886 55 75 the
646 886 213 75 Mahometan
871 886 139 75 writers,
1028 886 55 75 the
1099 886 86 75 heart

200 931 41 75 on
257 931 107 75 which
380 931 170 75 Mahomet
567 931 91 75 rode,
683 931 33 75 in
738 931 50 75 his
801 931 155 75 journeys
977 931 36 75 to
1032 931 134 75 heaven.

151 979 250 75 ALBORAN,
428 979 18 75 a
473 979 90 75 fmall
590 979 98 75 ifiand
715 979 41 75 of
776 979 129 75 Africa,
942 979 90 75 lying
1058 979 42 75 on
1127 979 56 75 the

199 1024 83 75 coaft
297 1024 40 75 of
348 1024 56 75 the
420 1024 153 75 kingdom
590 1024 39 75 of
644 1024 80 75 Fez.

150 1072 253 75 ALBOURG,
429 1072 38 75 or
487 1072 181 75 Albl’RG,
694 1072 18 75 a
727 1072 142 75 fea-port
885 1072 88 75 town
990 1072 40 75 of
1041 1072 48 75 N.
1108 1072 74 75 Jut-

196 1117 87 75 land,
309 1117 33 75 in
365 1117 56 75 the
436 1117 154 75 kingdom
614 1117 41 75 of
667 1117 183 75 Denmark.

150 1164 212 75 ALBRET,
388 1164 37 75 or
448 1164 170 75 Albrit,
644 1164 19 75 a
689 1164 91 75 fmall
808 1164 88 75 town
924 1164 41 75 of
986 1164 136 75 France,
1148 1164 34 75 in

196 1211 55 75 the
263 1211 149 75 province
425 1211 40 75 of
476 1211 166 75 Gafcony,
661 1211 99 75 about
782 1211 181 75 thirty-five
982 1211 91 75 miles
1092 1211 36 75 S.
1145 1211 43 75 of

198 1257 213 75 Bourdeaux.

151 1303 214 75 ALBUCA,
390 1303 33 75 in
439 1303 133 75 botany,
590 1303 19 75 a
632 1303 98 75 genus
751 1303 41 75 of
804 1303 53 75 the
874 1303 179 75 hexandria
1068 1303 113 75 mono-

196 1349 97 75 gynia
308 1349 92 75 ciafs.
447 1349 113 75 There
574 1349 53 75 are
643 1349 78 75 only
736 1349 68 75 two
819 1349 118 75 fpecies
950 1349 40 75 of
997 1349 64 75 this
1074 1349 104 75 plant,

196 1395 70 75 viz.
291 1395 58 75 the
360 1395 114 75 major,
499 1395 80 75 with
602 1395 200 75 lanceolated
823 1395 128 75 leaves;
980 1395 62 75 and
1063 1395 115 75 minor,

196 1442 80 75 with
300 1442 168 75 fubulated
491 1442 126 75 leaves;
644 1442 81 75 both
740 1442 123 75 natives
890 1442 41 75 of
951 1442 56 75 the
1032 1442 90 75 Cape
1145 1442 41 75 of

197 1489 103 75 Good
320 1489 109 75 Hope.

148 1536 241 75 ALBUCUS,
414 1536 33 75 in
472 1536 133 75 botany,
630 1536 39 75 an
685 1536 141 75 obfolete
843 1536 91 75 name
957 1536 41 75 of
1014 1536 19 75 a
1060 1536 40 75 fp'
1100 1536 79 75 ecies

197 1581 40 75 of
248 1581 201 75 afphodelus.

147 1629 293 75 ALBUGINEA
456 1629 126 75 tunica,
607 1629 33 75 in
657 1629 162 75 anatomy,
844 1629 55 75 the
912 1629 88 75 third
1017 1629 37 75 or
1073 1629 105 75 inner-

194 1674 80 75 mort
298 1674 73 75 coat
387 1674 38 75 or
441 1674 151 75 covering
607 1674 41 75 of
659 1674 56 75 the
735 1674 113 75 teftes;
874 1674 27 75 it
916 1674 29 75 is
961 1674 139 75 likewife
1124 1674 55 75 the

194 1720 92 75 name
302 1720 92 75 given
413 1720 34 75 to
463 1720 62 75 one
540 1720 39 75 of
591 1720 56 75 the
666 1720 89 75 coats
772 1720 41 75 of
823 1720 56 75 the
896 1720 71 75 eye.
1002 1720 62 75 See
1076 1720 102 75 Ana-

197 1767 124 75 tomy,
346 1767 78 75 Part
440 1767 65 75 VI.

148 1814 332 75 ALBUGINEUS,
505 1814 32 75 in
551 1814 162 75 anatomy,
733 1814 19 75 a
763 1814 83 75 term
857 1814 179 75 fometimes
1053 1814 127 75 applied

195 1859 35 75 to
243 1859 55 75 the
315 1859 141 75 aqueous
473 1859 138 75 humour
627 1859 41 75 of
683 1859 56 75 the
755 1859 71 75 eye.

148 1908 218 75 ALBUGO,
392 1908 32 75 in
452 1908 169 75 medicine,
646 1908 20 75 a
687 1908 170 75 diftemper
880 1908 185 75 occafioned
1087 1908 47 75 by
1156 1908 22 75 a

193 1952 99 75 white
314 1952 127 75 opaque
465 1952 72 75 fpot
558 1952 146 75 growing
719 1952 43 75 on
778 1952 56 75 the
849 1952 116 75 cornea
982 1952 40 75 of
1033 1952 55 75 the
1104 1952 72 75 eye,

192 1998 64 75 and
271 1998 191 75 obftruding
478 1998 111 75 vifion.

146 2046 214 75 ALBULA,
384 2046 34 75 in
433 2046 224 75 ichthyology,
683 2046 56 75 the
755 2046 107 75 trivial
874 2046 91 75 name
976 2046 42 75 of
1023 2046 19 75 a
1056 2046 118 75 fpecies

193 2091 234 75 ofthefalmo.
478 2091 62 75 See
564 2091 146 75 Salmo.

145 2138 161 75 Albula
332 2138 123 75 indica,
480 2138 33 75 in
540 2138 224 75 ichthyology,
790 2138 40 75 an
854 2138 141 75 obfolete
1019 2138 92 75 name
1138 2138 41 75 of

198 2183 55 75 the
269 2183 99 75 falmo
383 2183 223 75 bimaculatus.
656 2183 62 75 See
735 2183 148 75 Salmo.

145 2231 190 75 ALBUM,
361 2231 32 75 in
418 2231 175 75 antiquity,
627 2231 20 75 a
668 2231 79 75 kind
773 2231 40 75 of
835 2231 98 75 table,
966 2231 38 75 or
1032 2231 141 75 regifter,

190 2276 142 75 wherein
348 2276 55 75 the
419 2276 110 75 names
543 2276 39 75 of
594 2276 120 75 certain
729 2276 208 75 magirtrates,
954 2276 108 75 public
1073 2276 100 75 tranf-

191 2320 133 75 aefions,
351 2320 65 75 <bc.
441 2320 85 75 were
542 2320 144 75 entered.
735 2320 54 75 Of
800 2320 88 75 thefe
905 2320 91 75 there
1012 2320 86 75 were
1116 2320 56 75 va-

192 2367 87 75 rious
296 2367 103 75 forts;
426 2367 32 75 as
472 2367 54 75 the
542 2367 109 75 album
657 2367 205 75 fenatorum,
886 2367 110 75 album
1005 2367 166 75 judicum,

191 2413 111 75 album
319 2413 166 75 prtetoris.
510 2413 61 75 See.

142 2459 157 75 Album.
350 2459 63 75 See
428 2459 207 75 Albumen,
661 2459 165 75 Ceruss.

143 2506 142 75 Album
301 2506 155 75 grcecum,
482 2506 115 75 among
620 2506 187 75 phyficians,
834 2506 55 75 the
912 2506 99 75 white
1027 2506 88 75 dung
1137 2506 40 75 of

192 2552 92 75 dogs,
310 2552 155 75 formerly
491 2552 183 75 preferibed
698 2552 52 75 for
776 2552 247 75 inflammations
1048 2552 40 75 of
1115 2552 57 75 the

191 2598 122 75 throat,
340 2598 64 75 'be.
429 2598 59 75 but
510 2598 74 75 now
596 2598 99 75 jullly
712 2598 153 75 defpifed.

144 2644 142 75 Album
304 2644 145 75 nigrum,
476 2644 18 75 a
516 2644 83 75 term
615 2644 52 75 for
683 2644 197 75 mice-dung.

143 2690 142 75 Album
302 2690 99 75 oculi,
424 2690 56 75 the
500 2690 98 75 white
614 2690 40 75 of
664 2690 57 75 the
736 2690 72 75 eye.
841 2690 62 75 See
919 2690 250 75 Albuginea,

193 2737 180 75 Adnata.

145 2784 256 75 ALBUMEN,
430 2784 115 75 among
561 2784 189 75 phyficians,
783 2784 56 75 the
855 2784 98 75 white
979 2784 40 75 of
1042 2784 39 75 an
1097 2784 73 75 egg.

196 2828 60 75 See
273 2828 102 75 Egg.

144 2875 388 75 ALBUQUERQUE,
558 2875 19 75 a
605 2875 66 75 city
696 2875 40 75 of
760 2875 109 75 Spain,
887 2875 32 75 in
940 2875 54 75 the
1017 2875 154 75 kingdom

192 2920 41 75 of
254 2920 93 75 Leon
375 2920 62 75 and
463 2920 149 75 province
638 2920 41 75 of
698 2920 236 75 Eftremadura,
967 2920 134 75 fifuated
1127 2920 42 75 on

192 2965 55 75 the
275 2965 150 75 frontiers
453 2965 40 75 of
517 2965 168 75 Portugal,
721 2965 33 75 7.
782 2965 36 75 <5.
846 2965 62 75 W.
930 2965 91 75 long.
1048 2965 57 75 30.
1131 2965 36 75 o.

192 3014 48 75 N.
265 3014 57 75 lat.

1238 238 218 75 ALBURN,
1493 238 57 75 the
1572 238 133 75 Englifh
1726 238 91 75 name
1838 238 39 75 of
1899 238 19 75 a
1939 238 183 75 compound
2144 238 126 75 colour,

1285 283 96 75 being
1401 283 18 75 a
1434 283 141 75 mixture
1593 283 39 75 of
1643 283 98 75 white
1758 283 63 75 and
1841 283 68 75 red,
1935 283 38 75 or
1989 283 124 75 reddifii
2129 283 125 75 brown.

1237 331 296 75 ALBURNUM,
1553 331 72 75 that
1641 331 73 75 part
1730 331 40 75 of
1781 331 56 75 the
1849 331 96 75 wood
1957 331 107 75 which
2079 331 28 75 is
2125 331 79 75 next
2217 331 56 75 the

1286 376 78 75 bark
1379 376 42 75 of
1432 376 97 75 trees.

1236 424 280 75 ALBURNUS,
1548 424 33 75 in
1607 424 225 75 ichthyology,
1858 424 56 75 the
1941 424 107 75 trivial
2072 424 92 75 name
2189 424 43 75 of
2253 424 19 75 a

1284 469 116 75 fpecies
1418 469 40 75 of
1470 469 55 75 the
1549 469 175 75 Cyprinus.
1776 469 61 75 See
1855 469 216 75 Cyprinus.

1235 515 212 75 Alburnus
1465 515 167 75 lacujlris,
1656 515 41 75 an
1721 515 142 75 obfolete
1884 515 93 75 name
1994 515 39 75 of
2044 515 56 75 the
2116 515 152 75 cyprinus

1289 561 152 75 bailerus.
1492 561 62 75 See
1570 561 217 75 Cyprinus.

1235 609 160 75 ALBUS
1407 609 114 75 pifeis,
1545 609 40 75 an
1601 609 142 75 obfolete
1759 609 92 75 name
1867 609 40 75 of
1918 609 55 75 the
1990 609 150 75 cyprinus
2157 609 110 75 grifla-

1284 654 85 75 gine.
1419 654 62 75 See
1498 654 216 75 Cyprinus.

1235 701 143 75 ALBY,
1403 701 38 75 or
1457 701 81 75 Alb
1545 701 26 75 1,
1597 701 19 75 a
1631 701 67 75 city
1718 701 41 75 of
1781 701 123 75 France
1928 701 33 75 in
1984 701 57 75 the
2065 701 151 75 province
2232 701 42 75 of

1282 749 209 75 Languedoc,
1518 749 135 75 fituated
1668 749 33 75 in
1723 749 113 75 0.40.
1862 749 45 75 E.
1927 749 91 75 long,
2043 749 64 75 and
2123 749 59 75 43.
2210 749 56 75 50.

1282 794 47 75 N.
1347 794 58 75 lat.

1233 840 147 75 ALCA,
1414 840 32 75 in
1469 840 219 75 ornithology,
1722 840 20 75 a
1764 840 99 75 genus
1889 840 41 75 of
1947 840 56 75 the
2031 840 96 75 order
2150 840 41 75 of
2209 840 56 75 an-

1280 885 96 75 feres.
1431 885 78 75 The
1534 885 83 75 beak
1646 885 40 75 of
1710 885 65 75 this
1803 885 100 75 genus
1935 885 28 75 is
1991 885 138 75 without
2162 885 103 75 teeth,

1280 931 97 75 Ihort,
1403 931 138 75 convex,
1567 931 207 75 comprefled,
1797 931 64 75 and
1886 931 187 75 frequently
2098 931 167 75 furrowed

1280 978 208 75 tranfverfely
1505 978 10 75 ;
1549 978 55 75 the
1626 978 133 75 inferior
1786 978 161 75 mandible
1969 978 28 75 is
2023 978 136 75 gibbous
2184 978 78 75 near

1280 1025 54 75 the
1352 1025 71 75 bafe
1438 1025 10 75 ;
1475 1025 55 75 the
1555 1025 65 75 feet
1643 1025 83 75 have
1752 1025 164 75 generally
1942 1025 91 75 three
2056 1025 82 75 toes.
2186 1025 77 75 The

1279 1072 119 75 fpecies
1414 1072 41 75 of
1474 1072 55 75 the
1549 1072 68 75 alca
1644 1072 53 75 are
1724 1072 60 75 fix.
1854 1072 30 75 1.
1908 1072 78 75 The
2013 1072 107 75 tordo,
2144 1072 38 75 or
2215 1072 49 75 ra-

1280 1118 146 75 zor-bill,
1450 1118 80 75 with
1554 1118 74 75 four
1642 1118 137 75 furrows
1803 1118 42 75 oil
1870 1118 55 75 the
1948 1118 70 75 bill,
2047 1118 63 75 and
2130 1118 20 75 a
2165 1118 99 75 white

1279 1165 64 75 line
1359 1165 43 75 on
1418 1165 79 75 each
1513 1165 63 75 fide
1593 1165 137 75 running
1753 1165 84 75 from
1862 1165 54 75 the
1943 1165 58 75 bill
2028 1165 36 75 to
2091 1165 56 75 the
2174 1165 88 75 eyes.

1278 1211 107 75 Great
1405 1211 149 75 numbers
1574 1211 40 75 of
1625 1211 89 75 them
1730 1211 97 75 hatch
1845 1211 150 75 together
2010 1211 33 75 in
2059 1211 55 75 the
2131 1211 132 75 caverns

1278 1257 41 75 of
1334 1257 106 75 rocks,
1466 1257 63 75 and
1556 1257 53 75 lay
1632 1257 58 75 but
1716 1257 62 75 one
1801 1257 62 75 egg
1887 1257 35 75 at
1944 1257 19 75 a
1984 1257 89 75 time.
2124 1257 34 75 a.
2183 1257 79 75 Th*

1276 1303 167 75 impennis,
1475 1303 38 75 or
1539 1303 156 75 northern
1725 1303 150 75 penguin,
1911 1303 81 75 with
2020 1303 19 75 a
2065 1303 196 75 comprefied

1277 1349 57 75 bill
1355 1349 166 75 furrowed
1538 1349 43 75 On
1604 1349 79 75 each
1710 1349 76 75 fide,
1811 1349 65 75 and
1890 1349 41 75 an
1946 1349 72 75 oval
2034 1349 73 75 fpot
2122 1349 42 75 on
2181 1349 80 75 each

1277 1396 64 75 fide
1357 1396 40 75 of
1408 1396 56 75 the
1480 1396 86 75 eyes.
1618 1396 33 75 3.
1675 1396 78 75 The
1781 1396 126 75 ar&ica,
1933 1396 36 75 Or
1996 1396 113 75 puffin,
2134 1396 80 75 with
2241 1396 19 75 a

1277 1442 195 75 comprefied
1491 1442 61 75 bill
1580 1442 63 75 and
1662 1442 74 75 four
1759 1442 159 75 furrows;
1953 1442 56 75 the
2032 1442 87 75 orbit
2145 1442 41 75 of
2204 1442 56 75 the

1277 1488 74 75 eyes
1368 1488 63 75 and
1445 1488 136 75 temples
1596 1488 53 75 are
1665 1488 111 75 white.
1826 1488 34 75 4.
1884 1488 77 75 The
1984 1488 132 75 lomvia,
2139 1488 39 75 or
2192 1488 68 75 fea-

1276 1534 75 75 hen,
1376 1534 78 75 with
1471 1534 20 75 a
1505 1534 126 75 fmooth
1650 1534 120 75 oblong
1786 1534 69 75 bill,
1881 1534 63 75 and
1955 1534 55 75 the
2020 1534 100 75 upper
2135 1534 123 75 mandi-

1276 1581 53 75 ble
1345 1581 118 75 yellow
1484 1581 42 75 on
1549 1581 56 75 the
1621 1581 109 75 edges.
1783 1581 32 75 5.
1839 1581 78 75 The
1933 1581 115 75 grylle,
2074 1581 38 75 or
2128 1581 128 75 Green-

1276 1627 77 75 land
1368 1627 95 75 dove,
1490 1627 79 75 with
1589 1627 20 75 a
1631 1627 125 75 fmooth
1779 1627 166 75 fubulated
1961 1627 69 75 bill,
2056 1627 63 75 and
2134 1627 20 75 a
2168 1627 90 75 large

1276 1673 97 75 white
1390 1673 70 75 fpot
1479 1673 44 75 on
1538 1673 55 75 the
1609 1673 88 75 belly
1714 1673 63 75 and
1792 1673 122 75 wings;
1941 1673 55 75 the
2024 1673 66 75 feet
2114 1673 53 75 are
2185 1673 69 75 red.

1277 1722 34 75 6.
1336 1722 77 75 The
1429 1722 74 75 alle,
1528 1722 38 75 or
1582 1722 94 75 black
1692 1722 62 75 and
1771 1722 99 75 white
1889 1722 102 75 diver,
2008 1722 79 75 with
2101 1722 18 75 a
2130 1722 124 75 fmooth

1274 1767 122 75 conical
1415 1767 70 75 bill,
1511 1767 18 75 a
1546 1767 98 75 white
1668 1767 103 75 ftreak
1794 1767 43 75 on
1865 1767 57 75 the
1946 1767 90 75 belly
2062 1767 63 75 and
2140 1767 112 75 wings,

1275 1813 62 75 and
1356 1813 92 75 black
1464 1813 78 75 feet.
1575 1813 57 75 All
1650 1813 54 75 the
1720 1813 118 75 fpecies
1854 1813 41 75 of
1906 1813 64 75 this
1986 1813 97 75 genus
2100 1813 151 75 frequent

1274 1858 55 75 the
1352 1858 154 75 northern
1523 1858 105 75 ffiores
1645 1858 41 75 of
1697 1858 144 75 Europe.

1225 1904 230 75 ALCACER
1473 1904 39 75 de
1528 1904 72 75 Sal,
1619 1904 39 75 or
1673 1904 204 75 Alcarez,
1903 1904 19 75 a
1937 1904 88 75 town
2040 1904 42 75 of
2098 1904 156 75 Portugal

1272 1950 31 75 in
1326 1950 56 75 the
1398 1950 149 75 province
1563 1950 41 75 of
1617 1950 237 75 Eftremaduia,
1872 1950 98 75 about
1980 1950 166 75 forty-five
2163 1950 90 75 miles

1271 1996 171 75 fouth-eaft
1461 1996 40 75 of
1512 1996 140 75 Lifbon;
1680 1996 83 75 9.0.
1782 1996 60 75 W.
1860 1996 89 75 long.
1976 1996 57 75 38.
2054 1996 56 75 30.
2127 1996 48 75 N.
2192 1996 61 75 lat*

1223 2044 222 75 ALCAICS,
1470 2044 33 75 in
1519 2044 126 75 ancient
1662 2044 125 75 poetry,
1813 2044 19 75 a
1847 2044 236 75 denomination
2100 2044 94 75 given
2217 2044 36 75 to

1272 2089 119 75 feveral
1407 2089 95 75 kinds
1518 2089 41 75 of
1568 2089 101 75 verfe,
1687 2089 84 75 from
1788 2089 56 75 the
1857 2089 147 75 inventor
2015 2089 142 75 Alcseus.

1224 2137 201 75 ALCAID,
1439 2137 203 75 Alcayde,
1656 2137 37 75 or
1706 2137 198 75 Alcalde,
1923 2137 31 75 in
1968 2137 56 75 the
2036 2137 102 75 polity
2149 2137 41 75 of
2196 2137 57 75 the

1271 2182 130 75 Moors,
1416 2182 185 75 Spaniards,
1619 2182 62 75 and
1692 2182 207 75 Portuguefe,
1918 2182 19 75 a
1948 2182 190 75 magiftrate,
2151 2182 38 75 or
2200 2182 52 75 of-

1270 2229 76 75 ficer
1361 2229 40 75 of
1408 2229 123 75 juftice,
1549 2229 174 75 anfwering
1736 2229 110 75 nearly
1858 2229 35 75 to
1906 2229 53 75 the
1974 2229 125 75 French
2111 2229 140 75 provort,

1270 2275 62 75 and
1351 2275 56 75 die
1426 2275 118 75 Britiffi
1562 2275 113 75 juftice
1696 2275 42 75 of
1754 2275 232 75 peace.—The
2010 2275 103 75 alcaid
2136 2275 117 75 among

1270 2321 54 75 the
1340 2321 116 75 Moors
1481 2321 26 75 is
1535 2321 106 75 verted
1664 2321 78 75 with
1766 2321 144 75 fupreme
1933 2321 212 75 jurifdiftion,
2170 2321 80 75 both

1270 2366 30 75 in
1319 2366 73 75 civil
1410 2366 63 75 and
1489 2366 144 75 criminal
1649 2366 96 75 cafes.

1222 2414 201 75 ALCALA
1443 2414 38 75 de
1504 2414 187 75 Guadiara,
1717 2414 19 75 a
1751 2414 87 75 town
1855 2414 39 75 of
1913 2414 97 75 Spain
2035 2414 32 75 in
2091 2414 55 75 the
2174 2414 75 75 pro-

1270 2460 90 75 vince
1380 2460 42 75 of
1440 2460 186 75 Andalufia,
1651 2460 98 75 about
1765 2460 47 75 fix
1828 2460 90 75 miles
1936 2460 37 75 S.
1991 2460 41 75 of
2044 2460 132 75 Seville.

1221 2507 162 75 Alcala
1400 2507 39 75 de
1457 2507 162 75 Her.ares,
1646 2507 18 75 a
1688 2507 87 75 town
1791 2507 38 75 of
1843 2507 109 75 Spain,
1977 2507 31 75 in
2027 2507 54 75 the
2097 2507 151 75 province

1269 2553 40 75 of
1320 2553 85 75 New
1422 2553 130 75 Caftile,
1577 2553 97 75 about
1690 2553 120 75 fixteen
1826 2553 93 75 miles
1938 2553 44 75 E.
2000 2553 41 75 of
2050 2553 146 75 Madrid.

1222 2598 162 75 Ai.csLi.fii
1400 2598 38 75 de
1459 2598 95 75 Real,
1580 2598 19 75 a
1623 2598 66 75 city
1705 2598 40 75 of
1764 2598 109 75 Spain,
1898 2598 32 75 in
1958 2598 55 75 the
2036 2598 150 75 province
2211 2598 40 75 of

1269 2644 182 75 Andalufia,
1470 2644 96 75 about
1582 2644 110 75 fifteen
1703 2644 90 75 miles
1810 2644 187 75 north-weft
2012 2644 40 75 of
2063 2644 55 75 the
2134 2644 67 75 city
2212 2644 41 75 of

1267 2690 167 75 Granada.

1221 2738 211 75 ALCALY.
1482 2738 61 75 See
1567 2738 167 75 Alkali.

1221 2784 265 75 ALCANITZ,
1512 2784 19 75 a
1545 2784 89 75 fmall
1651 2784 86 75 town
1753 2784 41 75 of
1814 2784 109 75 Spain,
1948 2784 33 75 in
2008 2784 55 75 the
2090 2784 152 75 kingdom

1268 2831 41 75 of
1318 2831 163 75 Arragon,
1506 2831 135 75 fituated
1655 2831 41 75 on
1711 2831 56 75 the
1784 2831 84 75 river
1890 2831 226 75 Guadaloupe.

1221 2876 251 75 ALCANNA,
1497 2876 32 75 in
1557 2876 189 75 commerce,
1774 2876 19 75 a
1818 2876 131 75 powder
1976 2876 156 75 prepared
2157 2876 86 75 from

1268 2923 54 75 the
1338 2923 104 75 leaves
1462 2923 41 75 of
1517 2923 55 75 the
1591 2923 161 75 Egyptian
1769 2923 116 75 privet,
1910 2923 32 75 in
1958 2923 105 75 which
2088 2923 55 75 the
2166 2923 75 75 peo-

1267 2969 50 75 ple
1334 2969 40 75 of
1385 2969 99 75 Cairo
1495 2969 90 75 drive
1596 2969 19 75 a
1626 2969 210 75 confiderable
1846 2969 105 75 trade.
1976 2969 33 75 It
2020 2969 25 75 is
2059 2969 93 75 much
2165 2969 77 75 ufed

1265 3018 43 75 by
1328 3018 55 75 the
1409 3018 142 75 Turkilh
1579 3018 135 75 women,
1739 3018 35 75 to
1798 3018 72 75 give
1895 3018 20 75 a
1937 3018 118 75 golden
2077 3018 111 75 colour
2204 3018 35 75 to

2155 3056 85 75 their
