2428 3377
124 153 101 75 Part
246 153 31 75 I.

684 153 42 75 A
842 153 44 75 N
1004 153 42 75 A
1160 153 39 75 T

124 216 77 75 The
218 216 147 75 external
381 216 123 75 furface
524 216 26 75 is
567 216 143 75 oblique,
735 216 61 75 and
812 216 190 75 irregularly
1017 216 138 75 convex,

122 263 36 75 to
174 263 39 75 be
235 263 190 75 articulated
442 263 78 75 with
537 263 55 75 the
609 263 179 75 cuneiform
804 263 82 75 bone
902 263 137 75 :—The
1056 263 102 75 lower

122 309 66 75 end
206 309 27 75 is
251 309 130 75 divided
396 309 69 75 into
481 309 66 75 two
564 309 137 75 concave
726 309 138 75 furfaces
884 309 10 75 ;
927 309 56 75 the
1009 309 147 75 external

123 356 27 75 is
163 356 112 75 joined
291 356 78 75 with
396 356 56 75 the
480 356 192 75 metacarpal
701 356 80 75 bone
806 356 40 75 of
869 356 56 75 the
940 356 86 75 little
1043 356 112 75 finger,

120 402 67 75 and
203 402 55 75 the
281 402 136 75 internal
445 402 60 75 one
522 402 26 75 is
576 402 91 75 fitted
694 402 35 75 to
746 402 55 75 the
817 402 191 75 metacarpal
1024 402 83 75 bone
1124 402 40 75 of

125 450 55 75 the
201 450 199 75 ring-finger.

170 496 79 75 The
268 496 67 75 ufes
351 496 40 75 of
403 496 56 75 the
476 496 114 75 carpus
618 496 66 75 are,
711 496 35 75 to
773 496 89 75 ferve
879 496 33 75 as
930 496 18 75 a
964 496 72 75 bafe
1053 496 34 75 to
1104 496 55 75 the

119 542 101 75 hand,
238 542 36 75 to
290 542 123 75 protect
424 542 41 75 its
482 542 149 75 tendons,
648 542 65 75 and
731 542 35 75 to
785 542 106 75 afford
907 542 26 75 it
950 542 18 75 a
986 542 68 75 free
1069 542 90 75 large

127 588 138 75 motion.

173 634 272 75 Metacarpus
458 634 123 75 coafifts
598 634 41 75 of
645 634 74 75 four
731 634 112 75 bones,
860 634 105 75 which
976 634 112 75 fuftain
1103 634 55 75 the

126 681 131 75 fingers.
353 681 92 75 Each
464 681 83 75 bone
563 681 27 75 is
610 681 78 75 long
707 681 67 75 and
787 681 113 75 round,
926 681 78 75 with
1021 681 41 75 its
1079 681 78 75 ends

122 727 107 75 larger
252 727 77 75 than
353 727 41 75 its
423 727 101 75 body.
620 727 77 75 The
719 727 99 75 upper
841 727 74 75 end,
942 727 105 75 which
1070 727 87 75 fome

123 775 63 75 call
202 775 57 75 the
275 775 81 75 bafe,
373 775 27 75 is
416 775 55 75 flat
484 775 63 75 and
563 775 132 75 oblong,
714 775 137 75 without
864 775 63 75 any
942 775 214 75 confiderable

123 820 84 75 head
222 820 39 75 or
278 820 106 75 cavity
397 820 12 75 ;
435 820 57 75 but
515 820 26 75 it
568 820 27 75 is
623 820 152 75 however
790 820 175 75 fomewhat
980 820 176 75 hollowed,

122 867 54 75 for
197 867 56 75 the
269 867 203 75 articulation
488 867 79 75 with
584 867 56 75 the
660 867 111 75 carpus
784 867 9 75 :
820 867 33 75 It
868 867 28 75 is
904 867 101 75 ‘made
1022 867 56 75 flat
1095 867 63 75 and

122 913 127 75 fmooth
265 913 43 75 on
324 913 55 75 the
399 913 79 75 fides
494 913 107 75 where
618 913 87 75 thefe
730 913 98 75 bones
846 913 52 75 ire
918 913 191 75 contiguous
1122 913 36 75 to

122 959 79 75 each
223 959 107 75 other.
426 959 105 75 Their
547 959 111 75 bodies
676 959 54 75 are
747 959 113 75 flatted
876 959 42 75 on
946 959 84 75 their
1059 959 96 75 back-

120 1006 74 75 part
210 1006 44 75 by
268 1006 56 75 the
342 1006 135 75 tendons
498 1006 40 75 of
548 1006 56 75 the
621 1006 166 75 extenfors
803 1006 41 75 of
861 1006 56 75 the
933 1006 128 75 fingers.

121 1052 79 75 The
216 1052 139 75 anterior
382 1052 123 75 furface
527 1052 41 75 of
591 1052 86 75 thefe
694 1052 113 75 bodies
824 1052 28 75 is
869 1052 18 75 a
903 1052 84 75 little
1004 1052 150 75 concave,

122 1099 169 75 efpecially
316 1099 35 75 in
378 1099 86 75 their
491 1099 141 75 middle;
658 1099 96 75 along
777 1099 106 75 which
911 1099 20 75 a
952 1099 90 75 fliarp
1066 1099 90 75 ridge

125 1144 104 75 Hands
253 1144 70 75 out,
349 1144 106 75 which
479 1144 155 75 feparates
652 1144 55 75 the
722 1144 132 75 mufguli
869 1144 158 75 interoffei
1044 1144 114 75 placed

127 1191 41 75 on
184 1191 80 75 each
286 1191 64 75 fide
371 1191 42 75 of
430 1191 87 75 thefe
544 1191 112 75 bones,
684 1191 106 75 which
807 1191 53 75 are
876 1191 91 75 there
983 1191 93 75 made
1101 1191 55 75 flat

122 1238 64 75 and
197 1238 96 75 plain
313 1238 44 75 by
381 1238 87 75 thefe
492 1238 147 75 mufcles.

168 1284 105 75 Their
288 1284 100 75 lower
403 1284 78 75 ends
499 1284 52 75 are
568 1284 100 75 raifed
691 1284 70 75 into
781 1284 88 75 large
894 1284 120 75 oblong
1030 1284 126 75 fmooth

122 1330 114 75 heads,
263 1330 107 75 whofe
394 1330 134 75 greateft
542 1330 113 75 extent
671 1330 28 75 is
715 1330 157 75 forwards
901 1330 84 75 from
1013 1330 56 75 the
1086 1330 70 75 axis

125 1376 42 75 of
178 1376 55 75 the
250 1376 192 75 bone.—At
459 1376 54 75 the
531 1376 159 75 fore-part
712 1376 40 75 of
773 1376 80 75 each
870 1376 64 75 fide
949 1376 41 75 of
1008 1376 57 75 the
1081 1376 74 75 root

120 1422 48 75 of
178 1422 78 75 each
276 1422 43 75 of
334 1422 87 75 thefe
437 1422 111 75 heads,
572 1422 61 75 one
649 1422 38 75 or
708 1422 66 75 two
798 1422 160 75 tubercles
976 1422 90 75 Hand
1082 1422 71 75 but,

123 1468 57 75 for
205 1468 101 75 fixing
332 1468 56 75 the
414 1468 167 75 ligaments
610 1468 70 75 that
704 1468 42 75 go
770 1468 83 75 from
879 1468 60 75 one
963 1468 193 75 metacarpal

123 1515 83 75 bone
230 1515 35 75 to
289 1515 147 75 another,
462 1515 34 75 to
512 1515 143 75 preferve
671 1515 89 75 them
775 1515 87 75 from
878 1515 95 75 being
994 1515 110 75 drawn
1121 1515 34 75 a-

120 1560 118 75 funder
309 1560 121 75 Round
445 1560 56 75 the
516 1560 98 75 heads
631 1560 19 75 a
667 1560 101 75 rough
781 1560 70 75 ring
866 1560 74 75 may
955 1560 41 75 be
1013 1560 140 75 remark-

124 1608 53 75 ed,
202 1608 52 75 for
270 1608 55 75 the
341 1608 142 75 capfular
498 1608 169 75 ligaments
685 1608 40 75 of
745 1608 55 75 the
822 1608 65 75 firfl
910 1608 101 75 joints
1037 1608 40 75 of
1099 1608 55 75 the

120 1655 119 75 fingers
257 1655 34 75 to
314 1655 41 75 be
377 1655 89 75 fixed
481 1655 55 75 to;
561 1655 64 75 and
640 1655 80 75 both
738 1655 78 75 fides
832 1655 40 75 of
883 1655 87 75 thefe
985 1655 99 75 heads
1101 1655 54 75 are

124 1700 67 75 flat,
218 1700 44 75 by
276 1700 132 75 prefling
424 1700 42 75 on
482 1700 80 75 each
577 1700 106 75 other.

170 1747 77 75 The
275 1747 166 75 concavity
457 1747 41 75 on
522 1747 56 75 the
602 1747 158 75 fore-part
786 1747 41 75 of
848 1747 86 75 thefe
961 1747 193 75 metacarpal

124 1793 113 75 bones,
264 1793 63 75 and
343 1793 56 75 the
415 1793 126 75 placing
556 1793 85 75 their
657 1793 79 75 balls
753 1793 41 75 on
812 1793 55 75 the
885 1793 117 75 arched
1027 1793 125 75 carpus,

124 1840 90 75 caufe
232 1840 87 75 them
347 1840 34 75 to
409 1840 86 75 form
518 1840 19 75 a
560 1840 120 75 hollow
696 1840 32 75 in
745 1840 55 75 the
817 1840 85 75 palm
918 1840 41 75 of
973 1840 55 75 the
1054 1840 97 75 hand,

123 1886 105 75 which
245 1886 27 75 is
290 1886 102 75 ufeful
419 1886 89 75 often
524 1886 35 75 to
576 1886 175 75 us.—The
767 1886 107 75 fpaces
901 1886 145 75 between
1063 1886 89 75 them

122 1933 96 75 lodge
236 1933 145 75 mufcles,
407 1933 62 75 and
486 1933 84 75 their
593 1933 90 75 fmall
712 1933 122 75 motion
859 1933 109 75 makes
996 1933 90 75 them
1114 1933 37 75 fit

121 1979 184 75 fupporters
322 1979 53 75 for
390 1979 56 75 the
465 1979 116 75 fingers
598 1979 35 75 to
650 1979 75 75 play
740 1979 56 75 on.

168 2025 146 75 Though
330 2025 55 75 the
400 2025 65 75 offa
481 2025 171 75 metacarpi
669 2025 34 75 fo
720 2025 50 75 far
786 2025 105 75 agree,
917 2025 55 75 yet
989 2025 78 75 they
1079 2025 73 75 may

122 2071 40 75 be
179 2071 225 75 difHnguifhed
420 2071 84 75 from
519 2071 78 75 each
614 2071 95 75 other
719 2071 45 75 by
779 2071 56 75 the
848 2071 167 75 following
1031 2071 119 75 marks.

168 2117 75 75 The
264 2117 35 75 os
316 2117 172 75 metacarpi
504 2117 113 75 indicis
645 2117 26 75 is
699 2117 164 75 generally
889 2117 56 75 the
970 2117 183 75 longefl.—

124 2163 47 75 Its
196 2163 84 75 bafe,
304 2163 107 75 which
430 2163 27 75 is
482 2163 187 75 articulated
693 2163 76 75 with
792 2163 56 75 the
872 2163 35 75 os
935 2163 215 75 trapezoides,

123 2209 26 75 is
172 2209 122 75 hollow
311 2209 31 75 in
359 2209 55 75 the
438 2209 133 75 middle.
664 2209 80 75 ’The
759 2209 89 75 fmall
866 2209 89 75 ridge
972 2209 42 75 on
1030 2209 56 75 the
1102 2209 48 75 in-

122 2255 102 75 ternal
248 2255 63 75 fide
327 2255 40 75 of
384 2255 65 75 this
477 2255 120 75 oblong
621 2255 107 75 cavity
743 2255 27 75 is
786 2255 125 75 fmaller
927 2255 76 75 than
1019 2255 56 75 the
1091 2255 61 75 one

119 2301 145 75 oppofite
286 2301 36 75 to
343 2301 38 75 it,
408 2301 63 75 and
485 2301 27 75 is
528 2301 93 75 made
637 2301 55 75 flat
709 2301 42 75 on
766 2301 56 75 the
837 2301 63 75 fide
916 2301 44 75 by
977 2301 54 75 the
1047 2301 104 75 trape-

120 2348 103 75 zium.
319 2348 77 75 The
413 2348 143 75 exterior
572 2348 89 75 ridge
677 2348 27 75 is
721 2348 65 75 alfo
802 2348 137 75 fmooth,
965 2348 63 75 and
1043 2348 56 75 flat
1110 2348 42 75 on

124 2394 43 75 its
185 2394 133 75 outfide,
336 2394 51 75 for
402 2394 42 75 its
457 2394 206 75 conjunfHon
679 2394 79 75 with
775 2394 54 75 the
846 2394 34 75 os
899 2394 146 75 magnum
1057 2394 10 75 ;
1092 2394 59 75 im-

122 2439 173 75 mediately
312 2439 101 75 below
427 2439 118 75 which,
558 2439 17 75 a
589 2439 212 75 femicircular
815 2439 126 75 fmooth
958 2439 55 75 flat
1028 2439 123 75 furface

124 2488 98 75 {hews
239 2488 55 75 the
311 2488 201 75 articulation
529 2488 39 75 of
582 2488 64 75 this
670 2488 35 75 to
732 2488 56 75 the
815 2488 118 75 fecond
959 2488 192 75 metacarpal

121 2533 224 75 bone.—The
361 2533 169 75 back-part
546 2533 41 75 of
598 2533 63 75 this
678 2533 73 75 bafe
767 2533 26 75 is
821 2533 125 75 flatted,
971 2533 107 75 where
1095 2533 55 75 the

123 2578 75 75 long
220 2578 81 75 head
319 2578 39 75 of
365 2578 59 75 the
440 2578 149 75 extenfor
605 2578 85 75 carpi
712 2578 126 75 radialis
855 2578 26 75 is
898 2578 161 75 inferted;
1086 2578 64 75 and

123 2624 42 75 its
182 2624 158 75 fore-part
352 2624 26 75 is
390 2624 191 75 prominent,
597 2624 108 75 where
721 2624 55 75 the
792 2624 118 75 tendon
927 2624 41 75 of
979 2624 54 75 the
1049 2624 103 75 flexor

124 2670 86 75 carpi
227 2670 129 75 radialis
377 2670 26 75 is
415 2670 229 75 fixed.—The
661 2670 144 75 external
831 2670 62 75 fide
919 2670 40 75 of
980 2670 57 75 the
1063 2670 89 75 body

123 2719 41 75 of
181 2719 64 75 this
262 2719 82 75 bone
360 2719 26 75 is
404 2719 88 75 more
509 2719 160 75 hollowed
685 2719 44 75 by
751 2719 55 75 the
823 2719 101 75 adtion
941 2719 41 75 of
1005 2719 144 75 mufcles,

120 2762 84 75 •than
222 2762 56 75 the
293 2762 274 75 internal.—The
583 2762 143 75 tubercle
751 2762 33 75 at
801 2762 55 75 the
871 2762 138 75 internal
1026 2762 72 75 root
1114 2762 42 75 of

121 2808 43 75 its
181 2808 82 75 head
278 2808 27 75 is
317 2808 105 75 larger
439 2808 76 75 than
538 2808 56 75 the
610 2808 255 75 external.—Its
883 2808 71 75 bafe
969 2808 27 75 is
1013 2808 33 75 fo
1063 2808 87 75 firm-

125 2854 34 75 ly
176 2854 89 75 fixed
280 2854 36 75 to
332 2854 55 75 the
409 2854 82 75 bone
507 2854 27 75 it
555 2854 27 75 is
601 2854 171 75 conneded
789 2854 92 75 with,
907 2854 71 75 that
993 2854 26 75 it
1035 2854 57 75 has
1109 2854 42 75 no

125 2900 136 75 motion.

170 2947 49 75 Os
236 2947 168 75 metacarpi
428 2947 97 75 medii
545 2947 92 75 digiti
660 2947 27 75 is
713 2947 164 75 generally
897 2947 58 75 the
980 2947 115 75 fecond
1116 2947 33 75 in

122 2992 220 75 length.—Its
366 2992 75 75 Safe
459 2992 25 75 is
510 2992 19 75 a
551 2992 101 75 broad
674 2992 175 75 fuperficial
874 2992 117 75 cavity,
1017 2992 132 75 flanting

171 3040 100 75 Vox..
298 3040 30 75 I.
376 3040 71 75 No.
474 3040 34 75 8.

959 3040 10 75 "
1035 3040 16 75 3

1317 152 39 75 O
1474 152 49 75 M
1640 152 53 75 Y.

2161 152 75 75 181

1205 217 166 75 outwards
1389 217 9 75 ;
1437 217 55 75 the
1517 217 136 75 internal
1681 217 154 75 pofierior
1863 217 91 75 angle
1978 217 41 75 of
2041 217 104 75 which
2161 217 26 75 is
2203 217 37 75 fb

1205 263 194 75 prominent,
1425 263 32 75 as
1478 263 34 75 to
1529 263 80 75 have
1627 263 55 75 the
1700 263 194 75 appearance
1916 263 41 75 of
1967 263 20 75 a
2005 263 138 75 procefs.

1206 309 76 75 The
1305 309 137 75 internal
1459 309 62 75 fide
1537 309 40 75 of
1589 309 65 75 this
1671 309 73 75 bafe
1768 309 26 75 is
1812 309 91 75 made
1926 309 85 75 plain
2035 309 32 75 in
2084 309 55 75 the
2156 309 83 75 fame

1207 356 72 75 way
1295 356 33 75 as
1348 356 55 75 the
1420 356 145 75 external
1590 356 63 75 fide
1681 356 40 75 of
1743 356 55 75 the
1826 356 121 75 former
1962 356 95 75 bone,
2081 356 97 75 while
2195 356 43 75 its

1207 403 144 75 external
1359 403 71 75 .fide
1458 403 56 75 has
1538 403 65 75 two
1619 403 274 75 hollov/circular
1909 403 150 75 furfaces,
2085 403 52 75 for
2148 403 88 75 join-

1205 447 55 75 ing
1276 447 55 75 the
1350 447 89 75 third
1464 447 189 75 metacarpal
1673 447 103 75 bone;
1802 447 63 75 and
1887 447 144 75 between
2058 447 88 75 thefe
2169 447 68 75 fur-

1206 496 86 75 faces
1309 496 91 75 there
1417 496 26 75 is
1460 496 18 75 a
1495 496 106 75 rougfy
1612 496 64 75 fofl'
1676 496 27 75 a,
1729 496 51 75 for
1805 496 55 75 the
1885 496 148 75 adhefion
2056 496 41 75 of
2116 496 19 75 a
2156 496 80 75 liga-

1207 541 99 75 ment,
1332 541 61 75 and
1409 541 132 75 lodging
1557 541 229 75 mucilaginous
1803 541 125 75 glands.
2024 541 76 75 The
2116 541 123 75 (horter

1207 588 82 75 head
1306 588 40 75 of
1357 588 55 75 the
1428 588 138 75 bicornis
1584 588 26 75 is
1627 588 139 75 inferted
1782 588 68 75 into
1873 588 56 75 the
1944 588 170 75 back-part
2127 588 39 75 of
2172 588 65 75 this

1207 634 82 75 bafe.
1386 634 76 75 The
1478 634 66 75 two
1559 634 79 75 fides
1656 634 41 75 of
1718 634 64 75 this
1798 634 83 75 bone
1897 634 54 75 are
1976 634 110 75 almofl
2106 634 133 75 equally

1207 680 112 75 flatted
1333 680 10 75 ;
1369 680 78 75 only
1462 680 55 75 the
1534 680 89 75 ridge
1640 680 41 75 on
1698 680 55 75 the
1777 680 159 75 fore-part
1951 680 43 75 of
2012 680 55 75 the
2085 680 87 75 body
2188 680 49 75 in-

1208 727 97 75 clines
1334 727 175 75 outwards.
1605 727 76 75 The
1705 727 159 75 tubercles
1888 727 33 75 at
1945 727 55 75 the
2023 727 157 75 fore-part
2203 727 41 75 bf

1208 774 54 75 the
1280 774 72 75 root
1368 774 41 75 of
1421 774 54 75 the
1492 774 84 75 head
1592 774 53 75 are
1662 774 107 75 equal.
1865 774 75 75 The
1966 774 120 75 motion
2113 774 41 75 of
2172 774 65 75 this

1207 821 82 75 bone
1305 821 26 75 is
1348 821 76 75 very
1442 821 85 75 little
1543 821 89 75 more
1648 821 77 75 than
1738 821 54 75 the
1804 821 64 75 firfl:
1880 821 190 75 metacarpal
2082 821 61 75 one
2155 821 57 75 has
2224 821 10 75 ;

1207 867 62 75 and
1284 867 164 75 therefore
1463 867 87 75 thefe
1567 867 65 75 two
1644 867 106 75 firmly
1763 867 81 75 refill
1855 867 111 75 bodies
1982 867 123 75 preffed
2119 867 118 75 again!!

1206 913 89 75 them
1311 913 43 75 by
1370 913 56 75 the
1443 913 127 75 thumb.
1594 913 38 75 Or
1647 913 129 75 fingers,
1801 913 39 75 or
1866 913 92 75 both.

1257 959 48 75 Os
1323 959 171 75 metacarpi
1511 959 93 75 digiti
1623 959 159 75 annularis
1809 959 27 75 is
1864 959 122 75 {horter
2013 959 77 75 than
2118 959 56 75 the
2189 959 47 75 fe-

1206 1006 83 75 cond
1304 1006 192 75 metacarpal
1513 1006 192 75 bone.—Its
1723 1006 72 75 bafe
1811 1006 26 75 is
1854 1006 211 75 femicircular
2082 1006 63 75 and
2160 1006 76 75 con-

1205 1051 77 75 vex,
1307 1051 53 75 for
1378 1051 42 75 its
1437 1051 203 75 conjunbHon
1651 1051 80 75 with
1748 1051 56 75 the
1825 1051 35 75 os
1884 1051 285 75 unciforme.—On
2192 1051 44 75 its

1205 1098 137 75 internal
1358 1098 63 75 fide
1437 1098 57 75 are'
1507 1098 66 75 two
1596 1098 127 75 fmooth
1747 1098 208 75 convexities,
1980 1098 64 75 and
2070 1098 21 75 a
2115 1098 122 75 middle

1205 1145 90 75 foffa,
1320 1145 139 75 adapted
1476 1145 36 75 to
1528 1145 55 75 the
1599 1145 116 75 lecond
1729 1145 190 75 metacarpal
1937 1145 221 75 bone.—The
2177 1145 59 75 ex-

1205 1191 102 75 ternal
1332 1191 64 75 fide
1420 1191 58 75 has
1503 1191 19 75 a
1546 1191 176 75 triangular
1747 1191 126 75 fmooth
1893 1191 138 75 concave
2053 1191 123 75 furface
2199 1191 37 75 to

1201 1238 71 75 join
1288 1238 26 75 it
1330 1238 79 75 with
1426 1238 55 75 the
1498 1238 110 75 fourth
1632 1238 74 75 one.
1753 1238 77 75 The
1857 1238 142 75 anterior
2019 1238 89 75 ridge
2136 1238 40 75 of
2192 1238 44 75 its

1205 1284 88 75 body
1307 1284 28 75 is
1350 1284 135 75 fituated
1501 1284 88 75 more
1612 1284 37 75 to
1668 1284 56 75 the
1747 1284 57 75 out
1821 1284 77 75 than
1920 1284 34 75 to
1979 1284 55 75 the
2058 1284 178 75 in-fide.—*•

1204 1331 77 75 The
1298 1331 158 75 tubercles
1474 1331 75 75 near
1564 1331 55 75 the
1635 1331 82 75 head
1742 1331 54 75 are
1812 1331 234 75 equal.—The
2062 1331 122 75 motion
2199 1331 42 75 of

1205 1376 63 75 this
1285 1376 88 75 third
1390 1376 192 75 metacarpal
1598 1376 82 75 bene
1697 1376 27 75 is
1747 1376 125 75 greater
1889 1376 77 75 than
1982 1376 56 75 the
2061 1376 123 75 motion
2200 1376 42 75 of

1205 1425 55 75 the
1276 1425 128 75 fecond.

1252 1471 48 75 Os
1324 1471 171 75 metacarpi
1512 1471 120 75 minimi
1657 1471 92 75 digiti
1774 1471 27 75 is
1827 1471 56 75 the
1898 1471 136 75 finallefi:
2047 1471 65 75 and
2128 1471 106 75 Iharp-

1205 1517 145 75 elh—Its
1378 1517 71 75 bafe
1477 1517 27 75 is
1532 1517 189 75 irregularly
1749 1517 137 75 convex,
1913 1517 62 75 and
2003 1517 73 75 rifes
2100 1517 135 75 flanting

1205 1563 271 75 outwards.—Its
1500 1563 135 75 internal
1656 1563 62 75 fide
1745 1563 28 75 is
1800 1563 128 75 exadlly
1954 1563 138 75 adapted
2118 1563 35 75 to
2177 1563 57 75 the

1205 1609 89 75 third
1318 1609 192 75 metacarpal
1536 1609 222 75 bone.—The
1785 1609 146 75 external
1958 1609 58 75 has
2040 1609 42 75 no
2106 1609 129 75 fmooth

1203 1656 136 75 furface,
1364 1656 132 75 becaufe
1511 1656 27 75 it
1554 1656 26 75 is
1604 1656 57 75 not
1677 1656 189 75 contiguous
1883 1656 35 75 to
1935 1656 62 75 any
2012 1656 95 75 other
2125 1656 107 75 bone;

1205 1701 58 75 but
1282 1701 26 75 it
1324 1701 27 75 is
1368 1701 181 75 prominent
1565 1701 107 75 where
1696 1701 56 75 the
1769 1701 149 75 extenfor
1945 1701 86 75 carpi
2057 1701 120 75 ulnaris
2204 1701 29 75 is

1202 1748 247 75 inferted.—As
1467 1748 63 75 this
1548 1748 191 75 metacarpal
1768 1748 83 75 bone
1874 1748 25 75 is
1924 1748 160 75 furnilhed
2109 1748 80 75 with
2213 1748 21 75 a

1203 1794 115 75 proper
1342 1794 129 75 moving
1487 1794 129 75 mufcle,
1640 1794 58 75 has
1726 1794 55 75 the
1807 1794 130 75 plaineft
1964 1794 214 75 articulation,
2203 1794 29 75 is

1203 1841 79 75 moft
1309 1841 123 75 loofely
1459 1841 172 75 connected
1651 1841 62 75 and
1739 1841 77 75 leaft
1840 1841 157 75 confined,
2024 1841 26 75 it
2077 1841 57 75 not
2155 1841 79 75 only

1203 1887 111 75 enjoys
1331 1887 19 75 a
1366 1887 95 75 much
1477 1887 105 75 larger
1598 1887 122 75 motion
1737 1887 78 75 than
1842 1887 129 75 any~of
1993 1887 55 75 the
2076 1887 72 75 reft,
2174 1887 58 75 but

1202 1934 104 75 draws
1322 1934 55 75 the
1394 1934 89 75 third
1499 1934 82 75 bone
1597 1934 79 75 with
1692 1934 38 75 it,
1748 1934 94 75 when
1853 1934 55 75 the
1924 1934 86 75 palm
2021 1934 45 75 of
2077 1934 56 75 the
2144 1934 88 75 hand

1201 1981 27 75 is
1245 1981 35 75 to
1296 1981 40 75 be
1351 1981 93 75 made
1460 1981 120 75 hollow
1595 1981 44 75 by
1654 1981 42 75 its
1720 1981 227 75 advancement
1975 1981 168 75 forwards,
2168 1981 64 75 and

1201 2027 43 75 by
1260 2027 55 75 the
1332 2027 202 75 prominence
1551 2027 41 75 of
1603 2027 55 75 the
1674 2027 113 75 thumb
1807 2027 138 75 oppofite
1962 2027 36 75 to
2012 2027 38 75 it.

1249 2074 77 75 The
1344 2074 147 75 Thumb
1517 2074 61 75 and
1604 2074 72 75 four
1700 2074 170 75 Fingers
1897 2074 53 75 are
1966 2074 78 75 each
2061 2074 170 75 compofed

1203 2119 39 75 of
1254 2119 90 75 three
1365 2119 76 75 long
1457 2119 110 75 bones.

1248 2165 76 75 The
1343 2165 112 75 thumb
1471 2165 26 75 is
1514 2165 134 75 fituated
1665 2165 165 75 obliquely
1845 2165 31 75 in
1893 2165 119 75 refpedl
2035 2165 42 75 of
2098 2165 56 75 the
2169 2165 60 75 fin-

1199 2211 85 75 gers,
1309 2211 124 75 neither
1449 2211 140 75 oppofite
1604 2211 133 75 dire&ly
1753 2211 35 75 to
1805 2211 99 75 them,
1937 2211 60 75 nor
2020 2211 31 75 in
2071 2211 55 75 the
2142 2211 86 75 fame

1202 2258 91 75 plane
1310 2258 79 75 with
1405 2258 207 75 them.—All
1640 2258 40 75 its
1709 2258 99 75 bones
1832 2258 53 75 are
1914 2258 93 75 much
2026 2258 124 75 thicker
2165 2258 65 75 and

1202 2303 143 75 ftronger
1359 2303 33 75 in
1407 2303 187 75 proportion
1610 2303 35 75 to
1661 2303 83 75 their
1760 2303 123 75 length,
1906 2303 77 75 than
2000 2303 56 75 the
2071 2303 100 75 bones
2193 2303 42 75 of

1202 2350 56 75 the
1278 2350 115 75 fingers
1412 2350 71 75 are:
1509 2350 124 75 Which
1658 2350 63 75 was
1750 2350 178 75 extremely
1951 2350 171 75 neceffary,
2147 2350 83 75 fince

1200 2396 55 75 the
1271 2396 114 75 thumb
1402 2396 197 75 counterafts
1616 2396 42 75 all
1676 2396 55 75 the
1745 2396 130 75 fingers.

1246 2443 75 75 The
1338 2443 63 75 firft
1417 2443 82 75 bone
1517 2443 41 75 of
1580 2443 55 75 the
1652 2443 113 75 thumb
1793 2443 58 75 has
1876 2443 42 75 its
1947 2443 71 75 bafe
2036 2443 138 75 adapted
2191 2443 36 75 to

1201 2489 56 75 die
1273 2489 118 75 double
1410 2489 108 75 pulley
1534 2489 41 75 of
1593 2489 55 75 the
1671 2489 314 75 trapezium.—The
2010 2489 80 75 edge
2115 2489 33 75 at
2170 2489 56 75 the

1200 2535 158 75 fore-part
1374 2535 40 75 of
1422 2535 66 75 this
1505 2535 72 75 bafe
1593 2535 26 75 is
1637 2535 161 75 produced
1819 2535 123 75 farther
1958 2535 77 75 than
2053 2535 63 75 any
2130 2535 96 75 other

1200 2581 92 75 part;
1319 2581 63 75 and
1398 2581 104 75 round
1518 2581 55 75 the
1588 2581 170 75 back-part
1775 2581 39 75 of
1826 2581 55 75 the
1897 2581 72 75 bafe
1987 2581 17 75 a
2021 2581 102 75 rough
2147 2581 79 75 folia

1200 2628 71 75 may
1288 2628 39 75 be
1344 2628 84 75 feen,
1453 2628 52 75 for
1521 2628 55 75 the
1592 2628 185 75 connedlion
1793 2628 42 75 of
1842 2628 55 75 the
1915 2628 168 75 ligaments
2100 2628 40 75 of
2159 2628 66 75 this

1196 2674 221 75 joint.—The
1433 2674 86 75 body
1535 2674 63 75 and
1613 2674 84 75 head
1712 2674 40 75 of
1765 2674 64 75 this
1846 2674 82 75 bone
1940 2674 53 75 are
2008 2674 41 75 of
2071 2674 54 75 the
2141 2674 84 75 fame

1198 2721 92 75 ftiape
1307 2721 33 75 as
1361 2721 55 75 the
1436 2721 64 75 offa
1511 2721 192 75 metacarpi:
1730 2721 76 75 only
1823 2721 70 75 that
1909 2721 55 75 the
1976 2721 87 75 body
2079 2721 26 75 is
2122 2721 102 75 {hort-

1199 2767 46 75 er,
1271 2767 60 75 and
1348 2767 55 75 the
1419 2767 84 75 head
1530 2767 117 75 flatter,
1674 2767 77 75 with
1767 2767 56 75 the
1839 2767 157 75 tubercles
2015 2767 33 75 at
2064 2767 55 75 the
2136 2767 86 75 fore-

1200 2814 70 75 part
1287 2814 39 75 of
1336 2814 41 75 its
1394 2814 72 75 root
1482 2814 116 75 larger.

1246 2861 75 75 The
1337 2861 206 75 articulation
1563 2861 41 75 of
1621 2861 55 75 the
1696 2861 99 75 upper
1810 2861 61 75 end
1886 2861 43 75 of
1940 2861 63 75 this
2020 2861 84 75 bone
2120 2861 26 75 is
2163 2861 59 75 un-

1199 2908 146 75 common
1356 2908 9 75 :
1392 2908 66 75 For
1476 2908 123 75 though
1627 2908 27 75 it
1682 2908 56 75 has
1756 2908 246 75 protuberances
2018 2908 61 75 and
2095 2908 127 75 depref-

1198 2953 79 75 fions
1295 2953 135 75 adapted
1447 2953 37 75 to
1499 2953 54 75 the
1569 2953 118 75 double
1702 2953 107 75 pulley
1821 2953 40 75 of
1872 2953 54 75 the
1943 2953 176 75 trapezium
2128 2953 10 75 ;
2165 2953 56 75 yet

1197 3002 25 75 it
1239 3002 111 75 enjoys
1367 3002 19 75 a
1412 3002 134 75 circular
1573 3002 134 75 motion,
1743 3002 33 75 as
1801 3002 55 75 the
1877 3002 99 75 joints
2004 3002 44 75 do
2069 3002 107 75 where
2202 3002 22 75 a

1699 3051 24 75 Z
1742 3051 20 75 z

2120 3051 104 75 round
