2466 3327
512 108 42 75 A
611 108 37 75 C
706 108 38 75 11

1119 108 19 75 (
1200 108 51 75 20

171 182 243 75 ACQUEST,
438 182 39 75 or
492 182 193 75 Acquist,
709 182 124 75 inlaw,
857 182 134 75 Gguifies
1015 182 102 75 goods
1141 182 59 75 got

221 223 43 75 by
280 223 149 75 purcliafe
445 223 37 75 or
497 223 166 75 donation.
714 223 62 75 See
788 223 225 75 Conquest.

171 270 169 75 ACQUI,
366 270 18 75 a
399 270 87 75 town
508 270 41 75 of
568 270 97 75 Italy,
690 270 32 75 in
744 270 57 75 the
825 270 137 75 Dutchy
977 270 39 75 of
1036 270 164 75 Montfer-

219 315 62 75 rat,
307 315 77 75 with
410 315 18 75 a
448 315 134 75 biihop’s
605 315 62 75 fee,
692 315 63 75 and
778 315 218 75 commodious
1013 315 107 75 baths.
1169 315 32 75 It

219 362 65 75 was
301 362 94 75 taken
411 362 44 75 by
472 362 53 75 the
542 362 172 75 Spaniards
736 362 33 75 in
793 362 101 75 1745,
919 362 64 75 and
1004 362 198 75 retaken,by

220 408 55 75 the
287 408 220 75 Piedmontefe
522 408 32 75 in
575 408 110 75 1746;
712 408 58 75 but
787 408 84 75 after
883 408 76 75 this,
985 408 25 75 it
1023 408 64 75 was
1105 408 96 75 taken

220 454 91 75 again
327 454 64 75 and
404 454 191 75 difmantled
616 454 43 75 by
682 454 57 75 the
760 454 139 75 French,
922 454 75 75 who
1014 454 187 75 afterwards

221 500 130 75 forfook
366 500 38 75 it.
453 500 32 75 It
501 500 27 75 is
540 500 108 75 feated
659 500 43 75 on
718 500 54 75 the
788 500 86 75 river
890 500 147 75 Bormio,
1056 500 18 75 2
1081 500 16 75 5
1112 500 91 75 miles

220 546 47 75 N.
282 546 60 75 W.
360 546 41 75 of
410 546 131 75 Genoa,
558 546 63 75 and
639 546 42 75 30
696 546 36 75 S.
750 546 39 75 of
802 546 106 75 Cafal,
926 546 35 75 8.
977 546 56 75 30.
1051 546 44 75 E.
1112 546 90 75 long.

224 592 56 75 44.
298 592 58 75 40.
368 592 57 75 lat.

176 639 389 75 ACQUIESCENCE,
588 639 31 75 in
636 639 189 75 commerce,
850 639 27 75 is
902 639 56 75 the
980 639 130 75 confent
1131 639 72 75 that

221 682 20 75 a
251 682 113 75 ptrfcn
379 682 88 75 gives
483 682 35 75 to
529 682 56 75 the
600 682 246 75 determination
863 682 94 75 given
974 682 103 75 either
1094 682 44 75 by
1152 682 50 75 ar-

221 729 164 75 bitration,
409 729 37 75 or
462 729 44 75 by
517 729 18 75 a
550 729 120 75 conful.

175 777 373 75 ACQUIETANDIS
571 777 129 75 plcgiis,
732 777 33 75 in
790 777 55 75 the
871 777 131 75 Englilh
1029 777 75 75 law,
1131 777 28 75 is
1183 777 19 75 a

221 822 74 75 writ
310 822 71 75 that
396 822 58 75 lies
471 822 52 75 for
538 822 19 75 a
572 822 119 75 furety,
716 822 117 75 againd
849 822 19 75 a
883 822 153 75 creditor,
1060 822 75 75 who
1152 822 48 75 re-

222 868 83 75 fufes
321 868 35 75 to
373 868 108 75 acquit
501 868 55 75 the
572 868 213 75 complainant
806 868 83 75 after
905 868 55 75 the
976 868 79 75 debt
1069 868 28 75 is
1113 868 86 75 paid.

175 916 378 75 ACQUIETANTIA
570 916 38 75 de
613 916 108 75 Jkiris
734 916 30 75 ft
777 916 187 75 hundredis,
989 916 33 75 in
1038 916 162 75 England,

221 961 132 75 fignifies
369 961 56 75 the
440 961 152 75 privilege
608 961 40 75 of
667 961 94 75 being
776 961 68 75 free
865 961 87 75 from
973 961 62 75 fuit
1058 961 63 75 and
1136 961 64 75 fer-

221 1006 69 75 vice
302 1006 31 75 in
350 1006 94 75 (hires
461 1006 63 75 and
538 1006 176 75 hundreds.

174 1055 334 75 ACQUISITION,
533 1055 33 75 in
586 1055 139 75 general,
750 1055 133 75 denotes
905 1055 56 75 the
985 1055 163 75 obtaining
1164 1055 38 75 or

221 1099 170 75 procuring
413 1099 189 75 fomething.
651 1099 131 75 Among
797 1099 148 75 lawyers,
969 1099 25 75 it
1010 1099 27 75 is
1058 1099 76 75 ufed
1148 1099 53 75 for

221 1145 55 75 the
292 1145 86 75 right
394 1145 38 75 or
448 1145 71 75 title
535 1145 35 75 to
586 1145 40 75 an
642 1145 96 75 eftate
753 1145 58 75 got
827 1145 44 75 by
886 1145 152 75 purchafe
1052 1145 39 75 or
1102 1145 100 75 dona-

174 1239 301 75 ACQUITARE,
500 1239 33 75 in
557 1239 124 75 ancient
703 1239 192 75 law-books,
920 1239 133 75 fignifies
1076 1239 36 75 to
1138 1239 62 75 dif-

221 1284 114 75 charge
351 1284 37 75 or
401 1284 61 75 pay
472 1284 52 75 off
542 1284 56 75 the
609 1284 93 75 debts
713 1284 42 75 of
773 1284 18 75 a
806 1284 92 75 perio'
898 1284 20 75 n
933 1284 165 75 deceafed.

173 1331 305 75 ACQUITFAL,
503 1331 19 75 a
538 1331 176 75 difcharge,
739 1331 211 75 deliverance,
976 1331 37 75 or
1027 1331 117 75 fetting
1166 1331 40 75 of

221 1376 19 75 a
252 1376 109 75 perfon
378 1376 66 75 free
462 1376 84 75 from
564 1376 55 75 the
635 1376 81 75 guilt
731 1376 37 75 or
783 1376 153 75 fufpicion
948 1376 41 75 of
1008 1376 38 75 an
1063 1376 137 75 offence.

173 1423 370 75 ACQUITTANCE,
580 1423 19 75 a
626 1423 116 75 releafe
763 1423 38 75 or
828 1423 164 75 difcharge
1018 1423 34 75 in
1075 1423 128 75 writing

222 1468 51 75 for
290 1468 19 75 a
325 1468 67 75 fum
407 1468 40 75 of
460 1468 128 75 money.

173 1515 146 75 ACRA,
345 1515 19 75 a
379 1515 86 75 town
477 1515 41 75 of
524 1515 128 75 Africa,
668 1515 42 75 on
722 1515 56 75 the
790 1515 84 75 coaft
885 1515 41 75 of
935 1515 141 75 Guinea,
1093 1515 109 75 where

221 1560 55 75 the
303 1560 143 75 Engiifh,
474 1560 128 75 Dutch,
634 1560 63 75 and
724 1560 123 75 Danes,
871 1560 82 75 have
976 1560 106 75 ftrong
1104 1560 100 75 forts,

220 1606 65 75 and
310 1606 79 75 each
415 1606 67 75 fort
505 1606 42 75 its
569 1606 172 75 particular
764 1606 129 75 village,
918 1606 36 75 o.
973 1606 34 75 2.
1025 1606 62 75 W.
1110 1606 89 75 long,

226 1654 30 75 j.
274 1654 36 75 o.
327 1654 59 75 lat.

174 1699 226 75 ACRASIA,
424 1699 116 75 among
555 1699 187 75 phyficians,
766 1699 133 75 fignifies
910 1699 57 75 the
978 1699 222 75 predominan-

222 1745 41 75 cy
278 1745 40 75 of
336 1745 60 75 one
412 1745 124 75 quality
548 1745 78 75 over
637 1745 148 75 another.

175 1791 144 75 ACRE,
344 1791 37 75 or
403 1791 123 75 Acra,
552 1791 19 75 a
593 1791 140 75 fea-port
757 1791 87 75 town
867 1791 33 75 in
925 1791 106 75 Syria.
1080 1791 32 75 It
1136 1791 65 75 was

221 1837 154 75 formerly
390 1837 104 75 called
510 1837 191 75 Ptolemais,
726 1837 64 75 and
810 1837 27 75 is
863 1837 19 75 a
896 1837 136 75 biihop’s
1055 1837 64 75 fee.
1168 1837 33 75 It

221 1883 66 75 was
302 1883 78 75 very
397 1883 123 75 famous
537 1883 32 75 in
581 1883 55 75 the
651 1883 78 75 time
746 1883 40 75 of
796 1883 57 75 the
864 1883 179 75 crufadoes,
1068 1883 63 75 and
1142 1883 58 75 un-

221 1929 144 75 derwent
381 1929 118 75 feveral
510 1929 97 75 lieges
622 1929 81 75 both
714 1929 44 75 by
773 1929 56 75 the
841 1929 173 75 Chrilbans
1031 1929 63 75 and
1106 1929 95 75 Sara-

221 1975 89 75 cens.
358 1975 33 75 It
406 1975 28 75 is
451 1975 71 75 now
538 1975 39 75 an
592 1975 246 75 inconfiderable
854 1975 99 75 town,
978 1975 94 75 being
1083 1975 117 75 entire-

222 2021 36 75 ly
272 2021 170 75 fupported
457 2021 44 75 by
523 2021 41 75 its
589 2021 151 75 harbour,
765 2021 106 75 which
894 2021 27 75 is
945 2021 192 75 frequented
1158 2021 44 75 by

222 2067 81 75 Ihips
320 2067 41 75 of
378 2067 117 75 feveral
522 2067 135 75 nations.
706 2067 32 75 It
754 2067 27 75 is
799 2067 45 75 20
866 2067 91 75 miles
983 2067 38 75 S.
1038 2067 39 75 of
1094 2067 107 75 Tyre,

223 2112 63 75 and
316 2112 41 75 37
392 2112 48 75 N.
468 2112 41 75 of
541 2112 186 75 Jerufalem,
765 2112 58 75 39.
859 2112 57 75 25.
943 2112 47 75 E.
1016 2112 89 75 long.
1144 2112 56 75 32.

226 2159 55 75 40.
299 2159 58 75 lat.

177 2205 123 75 Acre,
323 2205 34 75 in
380 2205 57 75 the
453 2205 146 75 Mogul’s
621 2205 191 75 dominions,
836 2205 57 75 the
915 2205 84 75 fame
1021 2205 77 75 with
1115 2205 86 75 lack,

224 2250 64 75 and
307 2250 132 75 fignifies
455 2250 56 75 the
526 2250 67 75 fum
609 2250 41 75 of
664 2250 150 75 100,000
829 2250 113 75 rupees
956 2250 11 75 ;
993 2250 55 75 the
1064 2250 96 75 rupee
1175 2250 27 75 is

223 2296 41 75 of
283 2296 56 75 the
354 2296 91 75 value
462 2296 40 75 of
519 2296 56 75 the
591 2296 125 75 French
741 2296 107 75 crown
865 2296 41 75 of
926 2296 17 75 3
962 2296 108 75 livres,
1095 2296 38 75 or
1159 2296 44 75 30

224 2341 63 75 Ibis
303 2341 40 75 of
362 2341 164 75 Holland;
552 2341 39 75 an
612 2341 65 75 100
692 2341 88 75 lacks
797 2341 41 75 of
856 2341 110 75 rupees
984 2341 91 75 make
1092 2341 18 75 a
1126 2341 75 75 cou-

225 2387 59 75 ron
306 2387 32 75 in
364 2387 161 75 Indoftan,
550 2387 38 75 or
619 2387 210 75 10,000,000
850 2387 111 75 rupees
973 2387 10 75 ;
1015 2387 56 75 the
1096 2387 108 75 pound

225 2434 145 75 Sterling
390 2434 27 75 is
442 2434 97 75 about
556 2434 20 75 8
593 2434 134 75 rupees;
753 2434 169 75 according
944 2434 35 75 to
1002 2434 106 75 which
1130 2434 74 75 pro-

225 2478 140 75 portion,
390 2478 20 75 a
431 2478 74 75 lack
527 2478 40 75 of
585 2478 117 75 rupees
721 2478 146 75 amounts
883 2478 35 75 to
938 2478 126 75 12,500
1080 2478 124 75 pounds

228 2524 154 75 Sterling.

180 2570 122 75 Acre,
328 2570 19 75 a
369 2570 140 75 meafure
533 2570 39 75 of
590 2570 76 75 land
687 2570 76 75 ufed
784 2570 33 75 in
839 2570 119 75 feveral
981 2570 165 75 provinces
1168 2570 40 75 of

228 2617 133 75 Fraqce,
392 2617 205 75 particularly
620 2617 34 75 in
677 2617 203 75 Normandy,
927 2617 32 75 It
978 2617 32 75 Is
1033 2617 105 75 larger
1165 2617 40 75 or

227 2662 58 75 lefs
303 2662 170 75 according
487 2662 36 75 to
537 2662 57 75 the
616 2662 149 75 different
788 2662 104 75 places
904 2662 10 75 ;
940 2662 59 75 but
1022 2662 182 75 commonly

230 2709 141 75 contains
392 2709 65 75 160
470 2709 145 75 perches.

184 2754 66 75 The
273 2754 107 75 Acre
407 2754 41 75 of
461 2754 104 75 woods
588 2754 36 75 in
648 2754 135 75 France,
807 2754 123 75 confills
947 2754 40 75 of
1005 2754 73 75 four
1094 2754 109 75 roods,

231 2801 103 75 called
348 2801 78 75 verg
435 2801 7 75 '
442 2801 30 75 es
484 2801 11 75 ;
520 2801 56 75 the
593 2801 81 75 rood
688 2801 27 75 is
733 2801 44 75 40
799 2801 145 75 perches,
969 2801 55 75 the
1040 2801 98 75 perch
1158 2801 45 75 24

231 2845 77 75 feet,
332 2845 56 75 the
405 2845 69 75 foot
494 2845 38 75 12
551 2845 120 75 inches,
696 2845 55 75 the
766 2845 74 75 inch
856 2845 38 75 12
907 2845 93 75 lines.

186 2891 121 75 Acre,
335 2891 55 75 the
412 2891 153 75 univerfal
588 2891 140 75 meafure
751 2891 40 75 of
808 2891 76 75 land
906 2891 33 75 in
963 2891 138 75 Britain.
1147 2891 56 75 An

232 2939 71 75 acre
318 2939 34 75 in
374 2939 150 75 England
540 2939 141 75 contains
705 2939 22 75 4
747 2939 112 75 fquare
881 2939 109 75 roods,
1014 2939 19 75 a
1055 2939 82 75 rood
1157 2939 46 75 40

1309 106 18 75 )

1703 106 42 75 A
1804 106 35 75 C
1899 106 36 75 R

1295 175 131 75 perches
1444 175 37 75 or
1497 175 88 75 poles
1598 175 40 75 of
1655 175 62 75 i6|
1737 175 65 75 feet
1814 175 79 75 each
1909 175 43 75 by
1963 175 127 75 ftatute.
2138 175 65 75 Yet
2215 175 63 75 this

1297 221 140 75 meafure
1453 221 77 75 does
1553 221 57 75 not
1626 221 118 75 prevail
1767 221 32 75 in
1823 221 42 75 all
1891 221 85 75 parts
1998 221 40 75 of
2057 221 162 75 England,
2245 221 33 75 as

1297 266 55 75 the
1363 266 111 75 length
1491 266 40 75 of
1549 266 56 75 the
1622 266 71 75 pole
1709 266 102 75 varies
1828 266 32 75 in
1876 266 149 75 different
2037 266 157 75 counties,
2217 266 63 75 and

1297 312 26 75 is
1349 312 104 75 called
1479 312 176 75 cujiornary
1680 312 155 75 meafure,
1866 312 55 75 the
1948 312 174 75 difference
2144 312 135 75 running

1298 358 85 75 from
1399 358 55 75 the
1476 358 55 75 16'
1556 358 67 75 feet
1633 358 36 75 to
1683 358 59 75 28.
1787 358 78 75 The
1877 358 114 75 acre.is
2003 358 66 75 alfo
2084 358 130 75 divided
2229 358 49 75 in-

1298 404 35 75 to
1361 404 42 75 10
1425 404 113 75 fquare
1553 404 123 75 chains,
1700 404 41 75 of
1763 404 41 75 22
1829 404 95 75 yards
1940 404 91 75 each,
2056 404 70 75 that
2140 404 27 75 is
2186 404 93 75 4840

1298 452 113 75 fquare
1427 452 108 75 yards.
1584 452 54 75 An
1656 452 72 75 acre
1743 452 34 75 in
1793 452 155 75 Scotland
1968 452 143 75 contains
2127 452 21 75 4
2165 452 114 75 fquare

1299 497 95 75 roods
1406 497 10 75 ;
1448 497 13 75 1
1482 497 113 75 fquare
1606 497 82 75 rood
1703 497 27 75 is
1744 497 45 75 40
1800 497 113 75 fquare
1924 497 94 75 falls;
2049 497 13 75 1
2078 497 112 75 fquare
2205 497 72 75 fall,

1300 545 44 75 36
1368 545 113 75 fquare
1505 545 82 75 ells;
1618 545 13 75 1
1656 545 113 75 fquare
1791 545 56 75 ell,
1873 545 21 75 9
1916 545 114 75 fquare
2050 545 80 75 feet,
2155 545 64 75 and
2237 545 38 75 73

1298 591 112 75 fquare
1441 591 130 75 inches;
1618 591 13 75 1
1664 591 113 75 fquare
1805 591 83 75 foot,
1923 591 66 75 144
2015 591 115 75 fquare
2155 591 122 75 inches.

1296 636 77 75 The
1391 636 94 75 Scots
1503 636 72 75 acre
1597 636 26 75 is
1641 636 65 75 alfo
1721 636 130 75 divided
1872 636 70 75 into
1963 636 42 75 10
2020 636 113 75 fquare
2145 636 109 75 chains
2266 636 11 75 ;

1297 682 56 75 the
1375 682 177 75 meafuring
1568 682 93 75 chain
1678 682 111 75 Ihould
1804 682 42 75 be
1862 682 44 75 24
1926 682 58 75 ells
2000 682 32 75 in
2048 682 125 75 length,
2196 682 82 75 divi-

1297 728 63 75 ded
1387 728 69 75 into
1483 728 65 75 100
1574 728 96 75 links,
1694 728 79 75 each
1788 728 69 75 link
1874 728 21 75 8
1895 760 23 49 T
1918 728 69 75 J’|
2004 728 131 75 inches;
2161 728 64 75 and
2244 728 35 75 fo

1302 774 13 75 1
1331 774 114 75 fquare
1462 774 92 75 chain
1567 774 65 75 will
1648 774 128 75 contain
1797 774 127 75 10,000
1939 774 112 75 fquare
2062 774 98 75 links.

1342 820 78 75 The
1435 820 131 75 Englilh
1582 820 113 75 ftatute
1711 820 73 75 acre
1794 820 27 75 is
1838 820 99 75 about
1950 820 17 75 3
1983 820 96 75 roods
2091 820 63 75 and
2170 820 23 75 6
2204 820 74 75 falls

1297 868 146 75 ftandard
1458 868 140 75 meafure
1614 868 40 75 of
1674 868 166 75 Scotland.

1250 913 31 75 A
1284 913 184 75 CREME,
1491 913 33 75 in
1541 913 56 75 old
1611 913 196 75 law-books,
1823 913 133 75 fignifies
1968 913 56 75 ten
2034 913 88 75 acres
2139 913 40 75 of
2188 913 87 75 land.

1250 960 246 75 ACRIBEIA,
1520 960 134 75 fignifies
1670 960 90 75 great
1772 960 165 75 accuracy.

1249 1006 168 75 ACRID,
1449 1006 19 75 a
1490 1006 90 75 name
1607 1006 51 75 for
1682 1006 63 75 any
1767 1006 91 75 thing
1881 1006 71 75 that
1973 1006 27 75 is
2025 1006 41 75 of
2085 1006 19 75 a
2126 1006 90 75 (harp
2235 1006 44 75 .or

1297 1051 139 75 pungent
1453 1051 88 75 tafte.

1249 1098 355 75 ACRIDOPHAGI,
1630 1098 132 75 fignifies
1785 1098 235 75 locufl-eaters.
2070 1098 32 75 It
2123 1098 56 75 has
2198 1098 79 75 been

1298 1144 94 75 much
1408 1144 149 75 difputed
1571 1144 143 75 whether
1732 1144 55 75 the
1809 1144 193 75 inhabitants
2019 1144 41 75 of
2069 1144 135 75 Arabia,
2229 1144 47 75 E-

1297 1190 131 75 thiopia,
1454 1190 64 75 tic.
1544 1190 74 75 ever
1630 1190 52 75 eat
1697 1190 129 75 locufts.
1874 1190 67 75 We
1957 1190 76 75 (hall
2050 1190 71 75 give
2137 1190 55 75 the
2203 1190 74 75 fub-

1298 1237 102 75 ftance
1416 1237 41 75 of
1474 1237 86 75 what
1585 1237 82 75 Hafl'
1667 1237 109 75 elquift
1799 1237 69 75 fays
1893 1237 42 75 on
1957 1237 64 75 this
2046 1237 131 75 fubjecl,
2202 1237 75 75 who

1296 1283 154 75 travelled
1459 1283 33 75 in
1510 1283 95 75 Syria
1622 1283 63 75 and
1700 1283 113 75 Egypt
1827 1283 34 75 fo
1875 1283 65 75 late
1957 1283 33 75 as
2006 1283 56 75 the
2077 1283 77 75 year
2174 1283 102 75 1752.

1295 1330 86 75 This
1395 1330 164 75 ingenious
1576 1330 192 75 gentleman,
1793 1330 74 75 who
1885 1330 156 75 travelled
2060 1330 79 75 with
2162 1330 19 75 a
2198 1330 80 75 view

1297 1376 34 75 to
1347 1376 143 75 improve
1512 1376 125 75 natural
1658 1376 132 75 hiftory,
1814 1376 134 75 informs
1965 1376 50 75 us,
2040 1376 71 75 that
2126 1376 41 75 he
2185 1376 94 75 allied

1297 1422 136 75 Franks,
1457 1422 65 75 and
1535 1422 96 75 many
1646 1422 93 75 other
1753 1422 114 75 people
1882 1422 75 75 who
1972 1422 65 75 had
2052 1422 85 75 lived
2152 1422 76 75 long
2244 1422 35 75 in

1297 1469 86 75 thefe
1400 1469 172 75 countries,
1597 1469 145 75 whether
1756 1469 77 75 they
1848 1469 65 75 had
1928 1469 75 75 ever
2020 1469 100 75 heard
2140 1469 70 75 that
2221 1469 56 75 the

1297 1514 191 75 inhabitants
1512 1514 41 75 of
1563 1514 122 75 Arabia
1706 1514 63 75 and
1784 1514 167 75 Ethiopia,
1977 1514 64 75 tic.
2067 1514 75 75 ufed
2161 1514 115 75 locufts

1298 1561 33 75 as
1358 1561 93 75 food.
1498 1561 99 75 They
1621 1561 159 75 anfwered
1803 1561 71 75 that
1899 1561 79 75 they
2000 1561 76 75 had.
2126 1561 54 75 He
2195 1561 80 75 like-

1297 1607 73 75 wife
1391 1607 94 75 arked
1506 1607 54 75 the
1579 1607 83 75 fame
1680 1607 142 75 queftion
1837 1607 41 75 of
1888 1607 204 75 Armenians,
2117 1607 158 75 Cophtes,

1298 1653 62 75 and
1377 1653 143 75 Syrians,
1544 1653 74 75 who
1641 1653 86 75 lived
1748 1653 31 75 in
1803 1653 133 75 Arabia,
1962 1653 62 75 and
2038 1653 65 75 had
2120 1653 157 75 travelled

1297 1699 33 75 in
1355 1699 96 75 Syria
1474 1699 64 75 and
1561 1699 76 75 near
1657 1699 56 75 the
1735 1699 162 75 Red-fea;
1922 1699 86 75 fome
2030 1699 40 75 of
2088 1699 106 75 whom
2210 1699 68 75 faid

1297 1745 77 75 they
1395 1745 101 75 heard
1519 1745 40 75 of
1577 1745 77 75 fuch
1677 1745 20 75 a
1717 1745 147 75 pradtice,
1890 1745 63 75 and
1975 1745 108 75 others
2106 1745 71 75 that
2199 1745 79 75 they

1296 1790 64 75 had
1384 1790 90 75 often
1490 1790 72 75 feen
1585 1790 55 75 the
1663 1790 114 75 people
1804 1790 51 75 eat
1880 1790 87 75 thefe
1995 1790 123 75 infedts.
2167 1790 53 75 He
2245 1790 34 75 at

1296 1835 56 75 laft
1375 1835 151 75 obtained
1542 1835 157 75 complete
1712 1835 192 75 fatisfadtion
1915 1835 42 75 on
1980 1835 64 75 this
2059 1835 84 75 head
2157 1835 87 75 from
2260 1835 19 75 a

1295 1882 130 75 learned
1448 1882 92 75 Iheck
1564 1882 33 75 at
1621 1882 111 75 Cairo,
1768 1882 74 75 who
1865 1882 65 75 had
1952 1882 87 75 lived
2060 1882 48 75 fix
2131 1882 91 75 years
2245 1882 32 75 in

1296 1927 128 75 Mecca.
1471 1927 85 75 This
1568 1927 179 75 gentleman
1763 1927 165 75 toldJhim,
1952 1927 32 75 in
2000 1927 146 75 prefence
2163 1927 40 75 of
2221 1927 55 75 M.

1296 1974 31 75 le
1343 1974 128 75 Grand,
1495 1974 57 75 the
1576 1974 152 75 principal
1748 1974 125 75 French
1900 1974 189 75 interpreter
2105 1974 33 75 at
2166 1974 111 75 Cairo,

1297 2020 64 75 and
1376 2020 122 75 others,
1515 2020 70 75 that
1602 2020 19 75 a
1643 2020 117 75 famine
1785 2020 186 75 frequently
1989 2020 92 75 rages
2106 2020 32 75 at
2161 2020 119 75 Mecca

1298 2066 93 75 when
1407 2066 89 75 there
1512 2066 28 75 is
1556 2066 20 75 a
1590 2066 136 75 fcarcity
1741 2066 40 75 of
1793 2066 78 75 corn
1887 2066 34 75 in
1935 2066 124 75 Egypt,
2075 2066 107 75 which
2197 2066 82 75 obli-

1297 2113 56 75 ges
1375 2113 55 75 the
1445 2113 194 75 inhabitants
1656 2113 35 75 to
1714 2113 63 75 live
1792 2113 85 75 upon
1894 2113 124 75 coarfer
2033 2113 82 75 food
2130 2113 77 75 than
2224 2113 53 75 or-

1298 2159 134 75 dinary:
1457 2159 92 75 That
1566 2159 92 75 when
1675 2159 77 75 corn
1763 2159 28 75 is
1806 2159 118 75 fcarce,
1941 2159 56 75 the
2008 2159 158 75 Arabians
2184 2159 94 75 grind

1298 2206 55 75 the
1369 2206 116 75 locufts
1500 2206 34 75 in
1549 2206 198 75 hand-mills,
1771 2206 39 75 or
1832 2206 85 75 ftone
1941 2206 149 75 mortars,
2114 2206 62 75 and
2198 2206 82 75 bale

1300 2252 88 75 them
1417 2252 69 75 into
1510 2252 107 75 cakes,
1657 2252 63 75 and
1748 2252 53 75 ufe
1829 2252 86 75 thefe
1944 2252 93 75 cakes
2067 2252 33 75 in
2127 2252 90 75 place
2243 2252 42 75 of

1300 2299 119 75 bread:
1444 2299 94 75 That
1552 2299 42 75 he
1616 2299 56 75 has
1694 2299 185 75 frequently
1901 2299 71 75 feen
1995 2299 115 75 locufts
2134 2299 77 75 ufed
2234 2299 46 75 by

1301 2346 54 75 the
1378 2346 173 75 Arabians,
1586 2346 80 75 even
1689 2346 94 75 when
1809 2346 92 75 there
1926 2346 65 75 was
2017 2346 44 75 no
2086 2346 134 75 fcarcity
2243 2346 42 75 of

1301 2392 98 75 corn;
1425 2392 58 75 but
1500 2392 78 75 then
1594 2392 77 75 they
1687 2392 65 75 boil
1769 2392 100 75 them,
1894 2392 74 75 itew
1991 2392 95 75 them,
2101 2392 80 75 with
2205 2392 73 75 but-

1301 2436 61 75 ter,
1387 2436 62 75 and
1460 2436 93 75 make
1569 2436 86 75 them
1672 2436 68 75 into
1756 2436 19 75 a
1790 2436 78 75 kind
1878 2436 41 75 of
1936 2436 153 75 fricaflee,
2114 2436 106 75 which
2237 2436 42 75 he

1301 2482 69 75 fays
1392 2482 28 75 is
1436 2482 58 75 not
1508 2482 217 75 difagreeably
1746 2482 120 75 tailed;
1892 2482 51 75 for
1962 2482 41 75 he
2018 2482 66 75 hid
2099 2482 180 75 fometimes

1300 2530 103 75 tailed
1422 2530 88 75 thefe
1532 2530 272 75 locuft-fricaffees
1826 2530 58 75 out
1906 2530 41 75 of
1965 2530 160 75 curiofity.
2180 2530 99 75 From

1301 2574 64 75 this
1382 2574 145 75 account,
1550 2574 49 75 we
1614 2574 72 75 may
1702 2574 50 75 fee
1769 2574 55 75 the
1847 2574 82 75 folly
1951 2574 40 75 of
2009 2574 71 75 that
2096 2574 123 75 difpute
2243 2574 34 75 a-

1301 2620 95 75 mong
1418 2620 121 75 divines
1564 2620 97 75 about
1685 2620 54 75 the
1763 2620 112 75 nature
1899 2620 41 75 of
1960 2620 38 75 St
2015 2620 114 75 John’s
2153 2620 79 75 food
2244 2620 35 75 in

1300 2666 56 75 the
1378 2666 194 75 wildernefs.
1622 2666 97 75 Some
1735 2666 39 75 of
1795 2666 89 75 them
1906 2666 55 75 fay
1976 2666 71 75 that
2062 2666 115 75 locufts
2194 2666 85 75 were

1299 2712 55 75 the
1378 2712 96 75 fruits
1497 2712 41 75 of
1556 2712 119 75 certain
1699 2712 97 75 trees,
1821 2712 108 75 others
1954 2712 71 75 that
2046 2712 78 75 they
2148 2712 84 75 were
2260 2712 19 75 a

1300 2758 79 75 kind
1394 2758 40 75 of
1452 2758 102 75 birds,
1579 2758 87 75 tic.;
1692 2758 57 75 but
1761 2758 90 75 thofe
1869 2758 74 75 who
1961 2758 139 75 adhered
2116 2758 35 75 to
2165 2758 56 75 the
2237 2758 41 75 li-

1301 2804 81 75 teral
1393 2804 147 75 meaning
1555 2804 39 75 of
1613 2804 55 75 the
1683 2804 72 75 text
1771 2804 83 75 were
1871 2804 32 75 at
1919 2804 75 75 leaft
2010 2804 55 75 the
2076 2804 79 75 molt
2167 2804 116 75 ortho-,

1300 2850 80 75 dox,
1412 2850 154 75 although
1591 2850 83 75 their
1696 2850 180 75 arguments
1903 2850 84 75 were
2011 2850 134 75 perhaps
2168 2850 57 75 not
2244 2850 34 75 fo

1300 2896 105 75 ftrong
1422 2896 33 75 as
1472 2896 77 75 they
1566 2896 101 75 might
1684 2896 81 75 have
1785 2896 92 75 been,
1901 2896 67 75 had
1990 2896 78 75 they
2083 2896 65 75 had
2164 2896 38 75 an
2219 2896 58 75 op-

1299 2943 165 75 portunity
1476 2943 41 75 of
1535 2943 134 75 quoting
1683 2943 77 75 fucli
1776 2943 40 75 an
1831 2943 115 75 author
1963 2943 33 75 as
2013 2943 220 75 llaffclquift..
