2428 3377
143 117 99 75 Part
262 117 49 75 V.

698 117 1005 75 ANATOMY.

2177 117 80 75 247

834 393 523 75 PART

1526 393 78 75 V.

599 593 149 75 OF

881 593 257 75 THE

1271 593 578 75 NERVES.

211 826 131 75 Sect.
373 826 30 75 I.
462 826 65 75 Of
551 826 66 75 the
644 826 193 75 Nerves
867 826 41 75 in
930 826 171 75 general.

142 922 167 75 THE
326 922 176 75 medullary
517 922 159 75 fubftance
698 922 40 75 of
755 922 56 75 the
834 922 90 75 brain
947 922 27 75 is
999 922 171 75 employed

290 967 32 75 in
346 967 139 75 forming
508 967 56 75 the
588 967 98 75 white
709 967 119 75 fibrous
852 967 108 75 cords,
985 967 106 75 which
1116 967 53 75 are

143 1012 103 75 called
262 1012 125 75 nerves.
436 1012 131 75 Within
583 1012 55 75 the
649 1012 80 75 fkull
742 1012 48 75 we
802 1012 49 75 fee
876 1012 55 75 the
948 1012 110 75 nerves
1079 1012 35 75 to
1132 1012 39 75 be

144 1057 57 75 the
217 1057 177 75 medullary
411 1057 160 75 fubftance
594 1057 192 75 continued;
812 1057 63 75 and
896 1057 55 75 the
968 1057 95 75 fpinal
1088 1057 83 75 mar-

144 1103 69 75 row
228 1103 25 75 is
271 1103 42 75 all
330 1103 170 75 employed
515 1103 31 75 in
563 1103 140 75 forming
715 1103 128 75 nerves.

190 1149 76 75 The
287 1149 113 75 nerves
425 1149 52 75 are
502 1149 168 75 compofed
694 1149 39 75 of
752 1149 18 75 a
793 1149 90 75 great
908 1149 94 75 many
1026 1149 143 75 threads,

140 1195 91 75 lying
246 1195 132 75 parallel
394 1195 35 75 to
444 1195 77 75 each
546 1195 105 75 other,
676 1195 38 75 or
736 1195 110 75 nearly
868 1195 48 75 fo,
941 1195 33 75 at
996 1195 84 75 their
1102 1195 70 75 exit

142 1239 84 75 from
240 1239 54 75 the
311 1239 152 75 medulla.

188 1287 85 75 This
297 1287 119 75 fibrous
440 1287 130 75 texture
594 1287 27 75 is
644 1287 127 75 evident
796 1287 32 75 at
844 1287 56 75 the
915 1287 103 75 origin
1035 1287 40 75 of
1094 1287 78 75 moft

142 1331 41 75 of
201 1331 56 75 the
274 1331 111 75 nerves
402 1331 112 75 within
530 1331 56 75 the
602 1331 102 75 fkuil;
731 1331 63 75 and
816 1331 33 75 in
864 1331 56 75 the
935 1331 100 75 cauda
1057 1331 116 75 equina

142 1377 40 75 of
193 1377 55 75 the
264 1377 98 75 fpinal
379 1377 136 75 marrow
539 1377 47 75 we
603 1377 56 75 can
672 1377 106 75 divide
798 1377 87 75 them
903 1377 68 75 into
986 1377 77 75 fuch
1082 1377 89 75 fmall

141 1423 145 75 threads,
310 1423 72 75 that
402 1423 18 75 a
435 1423 77 75 very
529 1423 85 75 good
631 1423 57 75 eye
705 1423 57 75 can
779 1423 105 75 fcarce
899 1423 145 75 perceive
1060 1423 109 75 them;

143 1468 57 75 but
224 1468 88 75 thefe
336 1468 143 75 threads,
510 1468 93 75 when
626 1468 119 75 looked
768 1468 32 75 at
822 1468 77 75 with
924 1468 19 75 a
964 1468 206 75 microfcope,

142 1515 116 75 appear
274 1515 78 75 each
368 1515 34 75 to
419 1515 39 75 be
474 1515 169 75 comppfed
658 1515 40 75 of
718 1515 19 75 a
751 1515 91 75 great
853 1515 131 75 number
997 1515 38 75 of
1046 1515 125 75 fmaller

143 1561 142 75 threads.

189 1608 86 75 How
298 1608 88 75 fmall
411 1608 62 75 one
497 1608 40 75 of
555 1608 87 75 thefe
666 1608 99 75 fibrils
788 1608 41 75 of
846 1608 56 75 the
925 1608 109 75 nerves
1057 1608 40 75 is,
1122 1608 49 75 we

140 1654 97 75 know
252 1654 78 75 not;
357 1654 58 75 but
436 1654 93 75 when
551 1654 48 75 we
622 1654 141 75 confider
784 1654 70 75 that
877 1654 109 75 every,
1011 1654 79 75 even
1115 1654 56 75 the

140 1699 80 75 moft
243 1699 120 75 minute
378 1699 72 75 part
466 1699 39 75 of
525 1699 56 75 the
603 1699 86 75 body
705 1699 27 75 is
757 1699 140 75 fenfible,
923 1699 62 75 and
1009 1699 70 75 that
1106 1699 64 75 this

141 1743 80 75 muft
237 1743 125 75 depend
385 1743 41 75 on
442 1743 57 75 the
515 1743 124 75 nerves,
665 1743 120 75 (which
803 1743 40 75 all
868 1743 169 75 conjoined
1063 1743 108 75 would

140 1789 59 75 not
214 1789 93 75 make
323 1789 19 75 a
358 1789 79 75 cord
452 1789 41 75 of
511 1789 39 75 an
566 1789 74 75 inch
657 1789 183 75 diameter),
866 1789 94 75 being
977 1789 129 75 divided
1121 1789 48 75 in-

141 1835 37 75 to
194 1835 154 75 branches
365 1835 38 75 or
418 1835 156 75 filaments
590 1835 36 75 to
642 1835 39 75 be
697 1835 160 75 difperfed
872 1835 141 75 through
1025 1835 43 75 all
1084 1835 87 75 thefe

141 1883 119 75 minute
283 1883 99 75 parts,
406 1883 50 75 we
478 1883 80 75 muft
581 1883 38 75 be
643 1883 184 75 convinced,
859 1883 71 75 that
954 1883 56 75 the
1032 1883 137 75 nervous

139 1928 104 75 fibrils
255 1928 55 75 tre
321 1928 78 75 very
416 1928 103 75 fmall.

186 1974 77 75 The
279 1974 177 75 medullary
471 1974 173 75 fubftance,
669 1974 39 75 of
726 1974 108 75 which
847 1974 55 75 the
919 1974 135 75 nervous
1070 1974 100 75 fibrils

139 2020 53 75 are
211 2020 180 75 compofed,
417 2020 26 75 is
459 2020 79 75 very
554 2020 124 75 tender,
703 2020 63 75 and
781 2020 107 75 would
904 2020 57 75 not
976 2020 41 75 be
1041 2020 70 75 able
1135 2020 36 75 to

139 2065 82 75 refill
237 2065 75 75 fuch
329 2065 104 75 forces
450 2065 34 75 as
502 2065 55 75 the
574 2065 110 75 nerves
702 2065 54 75 are
776 2065 141 75 expofed
932 2065 35 75 to
985 2065 111 75 within
1113 2065 56 75 the

139 2111 111 75 bones,
283 2111 60 75 nor
367 2111 78 75 even
468 2111 56 75 the
547 2111 145 75 common
717 2111 89 75 force
835 2111 39 75 of
897 2111 56 75 the
981 2111 188 75 circulating

140 2158 107 75 fluids,
273 2158 84 75 were
384 2158 58 75 not
469 2158 55 75 the
551 2158 53 75 pia
626 2158 101 75 mater
752 2158 61 75 and
838 2158 108 75 tunica
961 2158 206 75 arachnoides

139 2204 171 75 continued
326 2204 84 75 upon
426 2204 109 75 them;
562 2204 55 75 the
641 2204 121 75 former
784 2204 108 75 giving
914 2204 90 75 them
1026 2204 141 75 firmnefs

139 2250 64 75 and
218 2250 154 75 ftrength,
399 2250 63 75 and
477 2250 55 75 the
548 2250 97 75 latter
660 2250 175 75 furnilhing
852 2250 18 75 a
886 2250 130 75 cellular
1038 2250 73 75 coat
1131 2250 35 75 to

139 2296 130 75 conned
286 2296 55 75 the
356 2296 131 75 threads
513 2296 39 75 of
571 2296 55 75 the
648 2296 123 75 nerves,
797 2296 35 75 to
857 2296 44 75 let
926 2296 87 75 them
1037 2296 41 75 lie
1101 2296 66 75 foft

139 2342 63 75 and
218 2342 103 75 moift,
340 2342 63 75 and
418 2342 35 75 to
469 2342 129 75 fupport
610 2342 55 75 the
676 2342 109 75 vefiels
799 2342 105 75 which
916 2342 41 75 go
968 2342 79 75 with
1062 2342 103 75 them.

188 2387 31 75 It
236 2387 26 75 is
280 2387 63 75 this
360 2387 130 75 cellular
506 2387 160 75 fubftance
682 2387 70 75 that
776 2387 26 75 is
819 2387 163 75 diftended
1005 2387 91 75 when
1120 2387 47 75 air

139 2431 27 75 is
184 2431 110 75 forced
309 2431 139 75 through
474 2431 19 75 a
513 2431 175 75 blow-pipe
713 2431 100 75 thruft
837 2431 69 75 into
931 2431 19 75 a
974 2431 106 75 nerve,
1105 2431 63 75 and

139 2476 71 75 that
226 2476 107 75 makes
350 2476 18 75 a
378 2476 95 75 nerve
490 2476 114 75 appear
617 2476 42 75 all
670 2476 133 75 fpongy,
828 2476 25 75 a'
853 2476 57 75 fter
922 2476 95 75 being
1029 2476 136 75 diftend-

140 2522 41 75 ed
192 2522 78 75 with
287 2522 47 75 air
349 2522 50 75 till
416 2522 25 75 it
453 2522 84 75 dries
548 2522 10 75 ;
584 2522 54 75 the
649 2522 115 75 proper
776 2522 134 75 nervous
923 2522 99 75 fibrils
1036 2522 130 75 ihriveil-

141 2568 56 75 ing
215 2568 32 75 fo
260 2568 31 75 in
308 2568 127 75 drying,
460 2568 74 75 that
547 2568 77 75 they
635 2568 104 75 fcarce
756 2568 57 75 can
829 2568 39 75 be
885 2568 164 75 obferved.

184 2614 108 75 Thefe
310 2614 88 75 coats
414 2614 109 75 would
539 2614 55 75 not
610 2614 91 75 make
718 2614 55 75 the
789 2614 115 75 nerves
918 2614 106 75 ftrong
1040 2614 124 75 enough

140 2660 36 75 to
193 2660 75 75 bear
284 2660 54 75 the
355 2660 173 75 ftretching
540 2660 62 75 and
617 2660 135 75 preflure
769 2660 77 75 they
863 2660 53 75 are
933 2660 138 75 expofed
1089 2660 33 75 to
1134 2660 32 75 in

139 2705 85 75 their
239 2705 109 75 courfe
359 2705 35 75 to
409 2705 56 75 the
478 2705 147 75 different
637 2705 87 75 parts
736 2705 40 75 of
787 2705 54 75 the
851 2705 89 75 body
951 2705 9 75 ;
987 2705 62 75 and
1060 2705 106 75 there-

140 2751 82 75 fore,
240 2751 105 75 where
362 2751 56 75 the
434 2751 113 75 nerves
559 2751 41 75 go
616 2751 56 75 out
685 2751 32 75 at
734 2751 54 75 the
804 2751 90 75 holes
907 2751 30 75 in
955 2751 55 75 the
1027 2751 138 75 cranium

140 2797 62 75 and
217 2797 171 75 fpine,.the
400 2797 79 75 dura
491 2797 100 75 mater
603 2797 205 75 isgeneraliy
819 2797 101 75 wrapt
933 2797 117 75 clofely
1065 2797 102 75 round

140 2842 100 75 them,
265 2842 36 75 to
318 2842 111 75 colled
452 2842 85 75 their
559 2842 198 75 difgregated
782 2842 95 75 fibres
901 2842 68 75 into
991 2842 84 75 tight
1097 2842 70 75 firm

140 2887 93 75 cords
249 2887 10 75 ;
282 2887 63 75 and
366 2887 70 75 that
452 2887 56 75 the
524 2887 118 75 tenfion
659 2887 103 75 which
787 2887 78 75 they
888 2887 74 75 may
983 2887 124 75 happen
1132 2887 35 75 to

140 2936 38 75 be
201 2936 149 75 expofed.
364 2936 34 75 to
421 2936 73 75 may
511 2936 56 75 not
582 2936 102 75 injure
700 2936 89 75 them
804 2936 200 75 before.they
1015 2936 81 75 have
1112 2936 57 75 got

1220 778 65 75 this
1310 778 174 75 additional
1502 778 83 75 coat,
1610 778 27 75 it
1652 778 27 75 is
1694 778 106 75 firmly
1816 778 89 75 fixed
1921 778 34 75 to
1971 778 56 75 the
2042 778 79 75 fides
2138 778 40 75 of
2195 778 57 75 the

1221 823 91 75 holes
1330 823 31 75 in
1377 823 56 75 the
1445 823 98 75 bones
1561 823 142 75 through
1718 823 105 75 which
1840 823 77 75 they
1933 823 82 75 pafs.

1262 867 77 75 The
1355 867 135 75 nervous
1507 867 106 75 cords,
1637 867 75 75 thus
1738 867 168 75 compofed
1928 867 41 75 of
1987 867 135 75 nervous
2135 867 113 75 fibrils,

1217 915 130 75 cellular
1363 915 85 75 coat,
1474 915 52 75 pia
1549 915 63 75 and
1634 915 82 75 dura
1739 915 113 75 mater,
1877 915 81 75 have
1982 915 76 75 fuch
2079 915 171 75 numerous

1217 961 237 75 blood-veflels,
1478 961 84 75 that,
1588 961 85 75 after
1689 961 84 75 their
1789 961 130 75 arteries
1935 961 77 75 only
2029 961 52 75 are
2097 961 151 75 injeded,

1219 1008 55 75 the
1297 1008 104 75 whole
1425 1008 79 75 cord
1526 1008 26 75 is
1577 1008 110 75 tinged
1711 1008 41 75 of
1770 1008 56 75 the
1851 1008 110 75 colour
1983 1008 40 75 of
2040 1008 57 75 the
2113 1008 137 75 injeded

1218 1053 120 75 liquor.

1267 1102 33 75 A
1324 1102 135 75 nervous
1484 1102 79 75 cord
1589 1102 59 75 has
1677 1102 77 75 very
1779 1102 84 75 little
1890 1102 166 75 elafticity,
2081 1102 171 75 compared

1220 1147 78 75 with
1314 1147 120 75 feveral
1452 1147 95 75 other
1562 1147 88 75 parts
1667 1147 40 75 of
1724 1147 56 75 the
1796 1147 101 75 body.
1945 1147 111 75 When
2073 1147 54 75 cut
2143 1147 57 75 out
2216 1147 42 75 of

1220 1194 55 75 the
1291 1194 98 75 body,
1414 1194 27 75 it
1456 1194 77 75 does
1551 1194 56 75 not
1629 1194 131 75 become
1784 1194 185 75 obfervably
1993 1194 134 75 fhorter,
2153 1194 98 75 while

1220 1240 55 75 the
1292 1240 222 75 blood-veflels
1528 1240 140 75 contrad
1685 1240 91 75 three
1792 1240 127 75 eighths
1937 1240 39 75 of
1994 1240 84 75 their
2094 1240 124 75 length.

1268 1285 125 75 Nerves
1410 1285 54 75 are
1476 1285 163 75 generally
1650 1285 118 75 lodged
1784 1285 32 75 in
1834 1285 18 75 a
1869 1285 130 75 cellular
2016 1285 38 75 or
2074 1285 85 75 fatty
2178 1285 72 75 fub-

1221 1331 114 75 ftance,
1354 1331 62 75 and
1430 1331 81 75 have
1524 1331 83 75 their
1623 1331 109 75 courfe
1748 1331 32 75 in
1792 1331 55 75 the
1863 1331 174 75 interftices
2054 1331 40 75 of
2104 1331 146 75 mufcles,

1221 1377 106 75 where
1351 1377 78 75 they
1454 1377 53 75 are
1530 1377 143 75 guarded
1696 1377 84 75 from
1804 1377 158 75 preflure;
1988 1377 58 75 but
2074 1377 32 75 in
2131 1377 132 75 feveral-

1220 1424 86 75 parts
1323 1424 78 75 they
1424 1424 53 75 are
1500 1424 34 75 fo
1554 1424 123 75 placed,
1702 1424 34 75 as
1751 1424 33 75 if
1801 1424 26 75 it
1843 1424 64 75 was
1919 1424 152 75 intended
2086 1424 69 75 that
2171 1424 85 75 they.

1219 1469 111 75 Ihould
1346 1469 91 75 there
1456 1469 95 75 fuffer
1564 1469 55 75 the
1630 1469 161 75 vibrating
1808 1469 88 75 force
1912 1469 40 75 of
1970 1469 144 75 arteries,
2138 1469 38 75 or
2192 1469 57 75 the

1220 1515 136 75 preflure
1373 1515 39 75 of
1431 1515 54 75 the
1502 1515 195 75 contrading
1712 1515 95 75 fibres
1824 1515 39 75 of
1882 1515 145 75 mufcles.
2081 1515 11 75 -

1266 1561 75 75 The
1356 1561 105 75 larger
1477 1561 96 75 ccrds
1588 1561 40 75 of
1639 1561 55 75 the
1709 1561 112 75 nerves
1837 1561 107 75 divide
1960 1561 68 75 into
2042 1561 156 75 branches
2215 1561 34 75 as

1218 1608 79 75 they
1318 1608 42 75 go
1383 1608 52 75 off
1454 1608 34 75 to
1512 1608 55 75 the
1592 1608 149 75 different
1763 1608 110 75 parts;
1898 1608 55 75 the
1977 1608 154 75 branches
2155 1608 94 75 being

1219 1653 124 75 fmaller
1367 1653 75 75 than
1459 1653 55 75 the
1532 1653 97 75 trunk
1650 1653 85 75 from
1752 1653 103 75 which
1873 1653 79 75 they
1968 1653 101 75 come,
2094 1653 63 75 and
2181 1653 66 75 ma-

1218 1699 77 75 king
1311 1699 162 75 generally
1490 1699 38 75 an
1546 1699 91 75 acute
1655 1699 91 75 angle
1762 1699 107 75 where
1885 1699 78 75 they
1978 1699 153 75 feparate.

1264 1746 39 75 In
1326 1746 118 75 feveral
1462 1746 116 75 places,
1604 1746 152 75 different
1766 1746 111 75 nerves
1889 1746 88 75 unite
1993 1746 69 75 into
2079 1746 60 75 one
2155 1746 91 75 cord,

1219 1791 105 75 which
1340 1791 27 75 is
1384 1791 182 75 commonly
1581 1791 105 75 larger
1702 1791 75 75 than
1791 1791 62 75 any
1869 1791 39 75 of
1926 1791 55 75 the
2006 1791 110 75 nerves
2135 1791 112 75 which

1220 1838 83 75 form
1320 1838 38 75 it.
1400 1838 130 75 Several
1547 1838 123 75 nerves-,
1686 1838 206 75 particularly
1902 1838 91 75 tliofe
2009 1838 106 75 which
2127 1838 53 75 are
2196 1838 50 75 di-

1219 1882 153 75 ftributed
1388 1882 35 75 to
1436 1882 54 75 the
1506 1882 136 75 bowels,
1669 1882 82 75 after
1767 1882 75 75 fuch
1858 1882 109 75 union,
1992 1882 152 75 fuddenly
2163 1882 83 75 form

1220 1930 18 75 a
1260 1930 81 75 hard
1365 1930 81 75 knot
1469 1930 216 75 confiderably
1706 1930 105 75 larger
1833 1930 77 75 than
1934 1930 42 75 all
2001 1930 53 75 the
2078 1930 109 75 nerves
2212 1930 58 75 of

1217 1976 105 75 which
1346 1976 27 75 it
1396 1976 26 75 is
1451 1976 106 75 made.
1606 1976 107 75 Thefe
1737 1976 96 75 knots
1860 1976 82 75 were
1965 1976 154 75 formerly
2144 1976 103 75 called

1218 2021 132 75 corpora
1367 2021 153 75 olivaria,
1539 2021 63 75 and
1612 2021 52 75 are
1677 2021 71 75 now
1761 2021 162 75 generally
1934 2021 310 75 namtAganglions.

1264 2068 75 75 The
1356 2068 166 75 ganglions
1539 2068 80 75 have
1635 2068 124 75 thicker
1775 2068 100 75 coats,
1892 2068 89 75 more
1997 2068 168 75 numerous
2182 2068 64 75 and

1217 2114 105 75 larger
1338 2114 224 75 blood-veflels
1579 2114 77 75 than
1673 2114 55 75 the
1746 2114 109 75 nerves
1868 2114 8 75 ;
1902 2114 35 75 fo
1949 2114 70 75 that
2036 2114 77 75 they
2129 2114 115 75 appear

1215 2160 90 75 more
1317 2160 59 75 red
1392 2160 61 75 and
1469 2160 167 75 mufcular.

1263 2203 195 75 Commonly
1480 2203 170 75 nurnerous
1675 2203 87 75 fmall
1792 2203 123 75 nerves,
1943 2203 102 75 which
2062 2203 183 75 conjundly

1214 2250 52 75 are
1283 2250 56 75 not
1355 2250 93 75 equal
1473 2250 35 75 to
1532 2250 54 75 the
1611 2250 62 75 fize
1698 2250 41 75 of
1757 2250 54 75 the
1835 2250 159 75 ganglion,
2020 2250 53 75 are
2096 2250 66 75 font
2187 2250 57 75 out

1213 2296 84 75 from
1313 2296 38 75 it,
1376 2296 59 75 hut
1450 2296 78 75 with
1547 2296 19 75 a
1582 2296 150 75 ftrudure
1749 2296 41 75 no
1808 2296 70 75 way
1895 2296 148 75 different
2067 2296 85 75 from
2172 2296 71 75 that

1215 2342 39 75 of
1273 2342 93 75 other
1382 2342 124 75 nerves.

1260 2388 76 75 The
1353 2388 112 75 nerves
1481 2388 68 75 fent
1565 2388 35 75 to
1617 2388 55 75 the
1689 2388 113 75 organs
1820 2388 39 75 of
1871 2388 55 75 the
1939 2388 111 75 fenles,
2068 2388 64 75 lofe
2148 2388 92 75 there

1214 2434 84 75 their
1313 2434 71 75 firm
1400 2434 101 75 coats-,
1519 2434 61 75 and
1595 2434 169 75 terminate
1776 2434 31 75 in
1821 2434 15 75 a
1849 2434 98 75 pulpy
1959 2434 171 75 fubftance.
2164 2434 77 75 The

1215 2479 85 75 optic
1316 2479 111 75 nerves
1444 2479 52 75 are
1513 2479 167 75 expanded
1696 2479 139 75 into-the
1851 2479 63 75 foft
1934 2479 121 75 tender,
2062 2479 98 75 webs,
2185 2479 57 75 the

1215 2525 120 75 retinae.
1383 2525 76 75 The
1477 2525 146 75 auditory
1635 2525 94 75 nerve
1746 2525 56 75 has
1818 2525 104 75 fcarce
1932 2525 57 75 the
2006 2525 185 75 confiftence
2206 2525 41 75 of

1216 2571 109 75 mucus
1350 2571 31 75 in
1406 2571 56 75 the
1477 2571 198 75 veftibulum,
1704 2571 156 75 cochlea,,
1871 2571 62 75 and
1955 2571 210 75 femicircular
2189 2571 51 75 ca-

1216 2617 124 75 nals-of
1358 2617 78 75 each
1452 2617 66 75 ear.
1565 2617 77 75 The
1658 2617 122 75 papillae
1798 2617 40 75 of
1849 2617 55 75 the
1920 2617 85 75 nofe,
2030 2617 130 75 tongue,
2178 2617 63 75 and

1215 2661 77 75 flein,
1319 2661 52 75 are
1388 2661 76 75 very
1479 2661 75 75 foft.

1261 2709 76 75 The
1353 2709 109 75 nerves
1481 2709 44 75 of'
1525 2709 211 75 mufcles-can
1752 2709 137 75 likewife
1901 2709 40 75 be
1959 2709 123 75 traced'
2095 2709 49 75 till
2161 2709 79 75 they

1215 2754 80 75 feem
1319 2754 35 75 to
1377 2754 64 75 lofe
1464 2754 84 75 their
1555 2754 104 75 -coats
1683 2754 45 75 by
1750 2754 168 75 becoming
1940 2754 77 75 very
2038 2754 64 75 fdft
2113 2754 10 75 ;
2153 2754 85 75 from

1215 2802 117 75 which,
1358 2802 61 75 and
1436 2802 85 75 what
1545 2802 47 75 we
1617 2802 153 75 obferved
1793 2802 39 75 of
1851 2802 55 75 the
1929 2802 159 75 fenfatory
2112 2802 122 75 nerves,

1216 2847 89 75 there
1321 2847 26 75 is
1365 2847 107 75 reafon
1490 2847 34 75 to
1542 2847 165 75 conclude,
1732 2847 70 75 that
1819 2847 54 75 the
1891 2847 153 75 mufcular
2057 2847 111 75 nerves
2185 2847 53 75 are
2250 2847 8 75 -

1217 2893 62 75 alfo
1295 2893 98 75 pulpy
1410 2893 31 75 at
1458 2893 84 75 their
1557 2893 232 75 terminations,
1814 2893 109 75 which
1935 2893 47 75 we
1999 2893 117 75 cannot
2125 2893 131 75 indeed.

1216 2941 161 75 profecute
1400 2941 42 75 by
1458 2941 172 75 diffe&ion.

2121 2994 126 75 Sect..
