2397 3387
535 136 224 75 BEL

1105 136 19 75 (
1182 136 82 75 538
1323 136 19 75 )

1706 136 243 75 BEL

199 210 66 75 vtill
281 210 81 75 have
386 210 25 75 it
435 210 34 75 to
493 210 41 75 be
560 210 18 75 a
594 210 92 75 fofljl,
712 210 65 75 tec.
827 210 152 75 Linnaeus
1005 210 101 75 refers
1131 210 56 75 the

200 255 186 75 fcdcmnites
415 255 35 75 to
478 255 56 75 the
561 255 79 75 clafs
668 255 40 75 of
726 255 93 75 (hells
844 255 80 75 with
948 255 119 75 feveral
1096 255 89 75 cells.

200 303 76 75 The
305 303 90 75 drape
424 303 39 75 of
493 303 56 75 the
576 303 187 75 belemnites
791 303 27 75 is
846 303 179 75 fometimes
1054 303 134 75 conical,

202 349 181 75 foroetimes
404 349 208 75 cylindrical;
640 349 62 75 and
725 349 78 75 they
823 349 181 75 commonly
1023 349 109 75 confiit
1155 349 40 75 of

204 395 16 75 a
237 395 96 75 black
343 395 104 75 horny
460 395 77 75 kind
554 395 40 75 of
605 395 172 75 fubftance.
819 395 106 75 Their
937 395 111 75 length
1062 395 26 75 is
1106 395 85 75 from

205 443 65 75 two
286 443 36 75 to
338 443 89 75 eight
440 443 107 75 inches
559 443 9 75 ;
596 443 62 75 and
675 443 84 75 their
775 443 154 75 diameter
942 443 85 75 from
1040 443 55 75 the
1107 443 84 75 fixth

204 489 71 75 part
292 489 40 75 of
351 489 39 75 an
408 489 72 75 inch
499 489 35 75 to
551 489 66 75 two
639 489 37 75 or
693 489 90 75 three
799 489 123 75 inches.
970 489 77 75 The
1070 489 122 75 inward

204 536 71 75 part
292 536 125 75 confifts
434 536 40 75 of
493 536 95 75 rays;
614 536 62 75 and
693 536 91 75 there
801 536 26 75 is
845 536 162 75 generally
1031 536 18 75 a
1074 536 59 75 cell
1161 536 32 75 at

206 583 55 75 the
278 583 87 75 large
381 583 75 75 end,
481 583 63 75 and
560 583 18 75 a
593 583 122 75 furrow
731 583 138 75 running
885 583 85 75 from
987 583 62 75 top,
1069 583 35 75 to
1121 583 72 75 bot-

207 630 80 75 tom.
330 630 53 75 Dr
399 630 92 75 Plott
502 630 85 75 fays,
604 630 72 75 that
691 630 93 75 when
797 630 129 75 fcraped
940 630 36 75 or
989 630 108 75 burnt,
1116 630 77 75 they

208 676 89 75 fmell
312 676 65 75 like
394 676 94 75 horn.
537 676 100 75 They
654 676 52 75 are
723 676 163 75 generally
903 676 119 75 hollow
1040 676 97 75 about
1154 676 39 75 an

208 723 73 75 inch
309 723 93 75 deep,
429 723 61 75 and
515 723 88 75 filled
627 723 78 75 with
731 723 121 75 gravel.
902 723 22 75 1
938 723 70 75 heir
1032 723 112 75 colour
1166 723 27 75 is

208 770 150 75 various;
386 770 84 75 fome
488 770 52 75 are
553 770 235 75 afh-coloured,
806 770 109 75 others
933 770 113 75 bluilh.
1096 770 100 75 They

209 817 53 75 are
286 817 181 75 commonly
492 817 110 75 found,
615 817 33 75 in
673 817 202 75 gravel-pits.
926 817 62 75 See
1012 817 93 75 Plate
1130 817 63 75 LI.

208 864 43 75 fig
284 864 56 75 21.

162 909 274 75 BELEZERO,
461 909 55 75 the
545 909 115 75 capital
688 909 39 75 of
747 909 18 75 a
792 909 150 75 province
970 909 40 75 of
1029 909 55 75 the
1112 909 84 75 fame

211 957 104 75 name,
340 957 31 75 in
398 957 118 75 Ruffia,
542 957 133 75 fituated
699 957 41 75 on
765 957 55 75 the
848 957 172 75 fouth-eaft
1048 957 89 75 (hore
1160 957 41 75 of

212 1003 55 75 the
289 1003 99 75 white
411 1003 93 75 lake;
534 1003 44 75 E.
596 1003 89 75 long.
714 1003 76 75 36°,
817 1003 62 75 and
894 1003 48 75 N.
960 1003 59 75 lat.
1040 1003 67 75 6o°
1128 1003 67 75 5c/.

163 1050 234 75 BELFAST,
423 1050 18 75 a
457 1050 177 75 port-town
655 1050 39 75 of
713 1050 142 75 Ireland,
880 1050 31 75 in
937 1050 56 75 the
1017 1050 120 75 county
1162 1050 40 75 of

212 1096 144 75 Antrim,
382 1096 62 75 and
468 1096 151 75 province
645 1096 40 75 of
704 1096 130 75 Uliter;
861 1096 62 75 W.
948 1096 88 75 long.
1063 1096 39 75 6°
1131 1096 54 75 15'
1185 1096 11 75 ,

213 1143 46 75 N.
279 1143 56 75 lat.
357 1143 41 75 54
398 1125 23 49 0
438 1143 67 75 38'.

164 1189 203 75 BELFRY,
393 1189 71 75 that
481 1189 70 75 part
568 1189 40 75 of
627 1189 18 75 a
661 1189 115 75 fteeple
801 1189 107 75 where
927 1189 81 75 bells
1026 1189 52 75 are
1094 1189 101 75 hung,

213 1234 36 75 or
266 1234 56 75 the
339 1234 115 75 timber
470 1234 100 75 frame
586 1234 150 75 whereby
753 1234 79 75 they
848 1234 53 75 are
915 1234 184 75 fupported.

166 1283 130 75 BELG
302 1283 184 75 ARDEN,
512 1283 18 75 a
541 1283 88 75 town
645 1283 40 75 of
697 1283 132 75 Eaftern
847 1283 201 75 Pomerania,
1066 1283 32 75 in
1110 1283 87 75 Ger-

214 1328 106 75 many,
346 1328 119 75 fubjedt
489 1328 36 75 to
549 1328 140 75 Pruflia;
715 1328 44 75 E.
786 1328 89 75 long.
905 1328 59 75 16?
993 1328 31 75 5'
1024 1328 11 75 ,
1061 1328 63 75 and
1148 1328 48 75 N.

214 1375 58 75 lat.
292 1375 44 75 54
336 1357 21 49 0
357 1375 16 75 .

165 1422 288 75 BELGOROD,
479 1422 54 75 the
561 1422 117 75 capital
702 1422 40 75 of
761 1422 19 75 a
803 1422 151 75 province
979 1422 41 75 of
1038 1422 55 75 the
1117 1422 84 75 fame

216 1468 103 75 name,
345 1468 32 75 in
395 1468 119 75 Ruflia,
539 1468 133 75 fituated
689 1468 110 75 almoft
811 1468 32 75 in
860 1468 55 75 the
932 1468 120 75 middle
1069 1468 38 75 of
1128 1468 72 75 that

217 1515 139 75 empire;
384 1515 45 75 E.
446 1515 90 75 long.
557 1515 39 75 37
596 1497 25 49 0
621 1515 15 75 ,
664 1515 61 75 and
741 1515 47 75 N.
803 1515 59 75 lat.
883 1515 39 75 51
922 1497 21 49 0
963 1515 69 75 id.

167 1561 222 75 Belgorod
414 1561 26 75 is
469 1561 64 75 alfo
561 1561 18 75 a
607 1561 141 75 fortified
771 1561 87 75 town
886 1561 40 75 of
945 1561 194 75 Beflarabia,
1167 1561 33 75 in

215 1608 130 75 Turky,
370 1608 135 75 fituated
532 1608 41 75 on
598 1608 56 75 the
680 1608 183 75 Black-fea,
889 1608 33 75 at
945 1608 56 75 the
1025 1608 112 75 mouth
1166 1608 40 75 of

216 1655 56 75 the
290 1655 83 75 river
384 1655 147 75 Neifter;
558 1655 44 75 E.
620 1655 88 75 long.
730 1655 38 75 31
768 1637 26 49 0
794 1655 15 75 ,
828 1655 62 75 and
906 1655 48 75 N.
972 1655 59 75 lat.
1049 1655 67 75 46°
1133 1655 67 75 30'.

168 1701 284 75 BELGRADE,
478 1701 55 75 the
561 1701 115 75 capital
700 1701 39 75 of
759 1701 55 75 the
841 1701 151 75 province
1017 1701 39 75 of
1075 1701 125 75 Servia,

218 1748 31 75 in
266 1748 170 75 European
453 1748 132 75 Turky,
610 1748 134 75 fituated
761 1748 40 75 on
826 1748 56 75 the
898 1748 91 75 fouth
1008 1748 63 75 fide
1087 1748 39 75 of
1145 1748 57 75 the

219 1794 153 75 Danube,
396 1794 32 75 in
444 1794 45 75 E.
506 1794 90 75 long.
615 1794 39 75 21
654 1776 27 49 0
702 1794 67 75 2o\
795 1794 62 75 and
879 1794 49 75 N.
954 1794 58 75 lat.
1031 1794 82 75 45°.
1169 1794 34 75 It

219 1841 64 75 was
295 1841 128 75 yielded
435 1841 35 75 to
486 1841 56 75 the
558 1841 112 75 Turks
682 1841 31 75 in
735 1841 101 75 1739.

170 1888 115 75 BELI
303 1888 120 75 cculus,
448 1888 32 75 in
497 1888 123 75 natural
637 1888 132 75 hiftory.
821 1888 60 75 See
898 1888 176 75 Oculus.

172 1934 188 75 BELIEF,
386 1934 55 75 the
467 1934 97 75 affent
591 1934 40 75 of
649 1934 56 75 the
730 1934 90 75 mind
842 1934 36 75 to
902 1934 56 75 the
973 1934 92 75 truth
1082 1934 41 75 of
1140 1934 63 75 any

221 1979 204 75 propofition.
475 1979 61 75 See
552 1979 302 75 Metaphysics.

173 2027 141 75 BELL,
341 2027 19 75 a
375 2027 72 75 well
463 2027 117 75 known
597 2027 158 75 machine,
781 2027 120 75 ranked
922 2027 45 75 by
981 2027 164 75 muficians
1170 2027 33 75 a-

221 2073 97 75 mong
329 2073 55 75 the
401 2073 126 75 mufical
542 2073 202 75 inflrnments
759 2073 41 75 of
819 2073 180 75 percuffion.

268 2118 77 75 The
361 2118 97 75 metal
476 2118 39 75 of
526 2118 105 75 which
649 2118 19 75 a
677 2118 67 75 bell
759 2118 26 75 is
799 2118 103 75 made,
920 2118 27 75 is
965 2118 18 75 a
1000 2118 204 75 compofition

224 2168 41 75 of
282 2168 46 75 tin
346 2168 62 75 and
425 2168 129 75 copper,
572 2168 38 75 or
621 2168 120 75 pewter
759 2168 62 75 and
839 2168 139 75 copper;
1005 2168 55 75 the
1070 2168 133 75 propor-

224 2213 68 75 tion
309 2213 40 75 of
368 2213 60 75 one
445 2213 35 75 to
500 2213 55 75 the
576 2213 93 75 other
692 2213 28 75 is
744 2213 110 75 almoft
879 2213 122 75 twenty
1025 2213 122 75 pounds
1172 2213 40 75 of

222 2260 136 75 pewter,
377 2260 36 75 or
425 2260 231 75 twenty-three
669 2260 124 75 pounds
811 2260 40 75 of
862 2260 61 75 tin,
940 2260 37 75 to
988 2260 60 75 one
1060 2260 149 75 hundred

221 2306 120 75 weight
357 2306 40 75 of
415 2306 132 75 copper.

272 2351 186 75 Bell-metal
486 2351 25 75 is
539 2351 185 75 prohibited
751 2351 36 75 to
815 2351 40 75 be
883 2351 172 75 imported,
1090 2351 33 75 as
1155 2351 54 75 are

224 2397 205 75 hawk-bells,
456 2397 64 75 tec.

272 2445 77 75 The
366 2445 188 75 conflituent
570 2445 87 75 parts
674 2445 40 75 of
734 2445 18 75 a
767 2445 63 75 bell
844 2445 53 75 are
910 2445 56 75 the
982 2445 87 75 body
1081 2445 37 75 or
1135 2445 72 75 bar-

224 2495 62 75 rel,
308 2495 58 75 the
389 2495 127 75 clapper
539 2495 42 75 on
605 2495 55 75 the
676 2495 113 75 infide,
811 2495 63 75 and
890 2495 55 75 the
962 2495 53 75 ear
1031 2495 38 75 or
1086 2495 122 75 cannon

224 2541 42 75 on
282 2541 105 75 which
399 2541 26 75 it
441 2541 99 75 hangs
558 2541 36 75 to
611 2541 19 75 a
644 2541 89 75 large
749 2541 92 75 beam
853 2541 40 75 of
912 2541 107 75 wood.

179 2588 269 75 D/V/flg-BELL.
495 2588 61 75 See
573 2588 272 75 Pneumatics.

178 2631 287 75 ^\.\.-foundery.
517 2631 61 75 See
596 2631 233 75 Foundery.

179 2676 243 75 BELL-yfWwr,
448 2676 33 75 in
496 2676 131 75 botany.
679 2676 60 75 See
757 2676 258 75 Campanula.

178 2721 225 75 Bell-oiwi/,
429 2721 32 75 in
477 2721 132 75 botany.
659 2721 62 75 See
738 2721 135 75 Jacea.

179 2771 319 75 BELLADONA,
522 2771 33 75 in
571 2771 133 75 botany,
729 2771 56 75 the
801 2771 106 75 trivial
924 2771 92 75 name
1038 2771 40 75 of
1096 2771 20 75 a
1137 2771 68 75 fpe-

226 2816 63 75 cies
307 2816 39 75 of
365 2816 123 75 atropa.
538 2816 61 75 See
616 2816 180 75 Atropa.

178 2864 324 75 BELLCLAIRE,
529 2864 19 75 a
563 2864 88 75 town
673 2864 39 75 of
732 2864 140 75 Ireland,
897 2864 31 75 in
953 2864 55 75 the
1030 2864 118 75 county
1171 2864 41 75 of

228 2912 102 75 Sligo,
349 2912 61 75 and
425 2912 150 75 province
589 2912 38 75 of
639 2912 206 75 Connaught,
863 2912 97 75 about
976 2912 230 75 twenty-three

227 2958 91 75 miles
345 2958 185 75 fouth-weft
555 2958 39 75 of
614 2958 113 75 Sligo;
752 2958 61 75 W.
839 2958 88 75 long.
947 2958 20 75 9
967 2940 22 49 0
1010 2958 31 75 5'
1041 2958 12 75 ,
1079 2958 63 75 and
1156 2958 47 75 N.

226 3018 93 75 to-5
326 3018 37 75 3°
379 3018 54 75 55'
433 3018 11 75 .

1235 204 174 75 BELLE,
1447 204 21 75 a
1492 204 87 75 town
1607 204 32 75 in
1672 204 126 75 French
1828 204 168 75 Flanders,
2030 204 99 75 about
2156 204 114 75 twelve

1285 250 93 75 miles
1400 250 176 75 north-eaft
1601 250 40 75 of
1661 250 107 75 Lifle;
1795 250 45 75 E.
1865 250 90 75 long.
1983 250 17 75 2
2000 232 25 49 0
2045 250 69 75 4c/,
2138 250 48 75 N.
2212 250 58 75 lat.

1290 298 59 75 50°
1369 298 67 75 45'.

1239 343 273 75 BELLENTS,
1538 343 19 75 a
1579 343 66 75 city
1672 343 35 75 ot
1733 343 227 75 Switzerland,
1993 343 33 75 in
2051 343 20 75 9
2071 325 23 49 0
2112 343 45 75 E.
2183 343 88 75 long,

1289 390 62 75 and
1368 390 66 75 46°
1454 390 48 75 N.
1515 390 58 75 lat.

1241 437 244 75 BELLESM,
1513 437 17 75 a
1553 437 86 75 town
1665 437 41 75 of
1724 437 55 75 the
1804 437 171 75 Orleanois
2000 437 32 75 in
2057 437 144 75 France;
2228 437 45 75 E.

1289 483 88 75 long.
1397 483 68 75 40',
1490 483 46 75 N.
1556 483 58 75 lat.
1629 483 67 75 48°
1713 483 67 75 30'.

1242 530 206 75 BELLEY,
1473 530 18 75 a
1508 530 87 75 town
1613 530 39 75 of
1670 530 180 75 Burgundy
1869 530 31 75 in
1917 530 135 75 France,
2077 530 134 75 fituated
2234 530 40 75 on

1290 576 54 75 the
1357 576 152 75 frontiers
1527 576 39 75 of
1587 576 119 75 Savoy,
1732 576 97 75 about
1845 576 119 75 fixteen
1982 576 89 75 miles
2089 576 189 75 north-weft

1292 623 39 75 of
1350 623 225 75 Chamberiy;
1602 623 44 75 E.
1663 623 90 75 long.
1770 623 16 75 5
1786 605 25 49 0
1833 623 66 75 20,
1925 623 48 75 N.
1991 623 58 75 lat.
2064 623 40 75 45
2104 605 25 49 0
2151 623 43 75 4C
2194 605 11 49 /
2205 623 13 75 .

1243 670 325 75 BELLEVILLE,
1601 670 18 75 a
1642 670 89 75 town
1756 670 40 75 of
1821 670 54 75 the
1901 670 158 75 Lyonois,
2085 670 32 75 in
2142 670 134 75 France,

1292 716 97 75 about
1414 716 145 75 nineteen
1585 716 91 75 miles
1705 716 96 75 north
1826 716 40 75 of
1884 716 136 75 Lyons;
2053 716 43 75 E.
2123 716 87 75 long.
2231 716 22 75 4
2253 698 20 49 0

1293 763 67 75 45',
1385 763 47 75 N.
1451 763 57 75 lat.
1530 763 66 75 46°
1612 763 44 75 8'.

1244 811 423 75 BELLIDIASTRUM,
1693 811 31 75 in
1741 811 132 75 botany,
1899 811 19 75 a
1934 811 161 75 fynonime
2112 811 40 75 of
2171 811 19 75 a
2209 811 68 75 fpe-

1291 856 64 75 cies
1371 856 40 75 of
1429 856 200 75 doronicum.
1680 856 62 75 See
1760 856 270 75 DoitoNicuM.

1244 904 367 75 BELLIDIOIDES,
1636 904 33 75 in
1685 904 132 75 botany,
1844 904 19 75 a
1879 904 162 75 fynonime
2066 904 40 75 of
2125 904 18 75 a
2159 904 118 75 fpecies

1293 949 39 75 of
1351 949 290 75 chryfanthemum.
1692 949 61 75 See
1771 949 370 75 Chrysanthemum.

1246 996 219 75 BELLING
1481 996 43 75 cf
1539 996 73 75 hops
1629 996 133 75 denotes
1773 996 85 75 their
1874 996 136 75 opening
2022 996 62 75 and
2096 996 183 75 expanding

1293 1043 200 75 themfelves.
1546 1043 62 75 See
1626 1043 124 75 Hops.

1244 1090 186 75 BELLIS,
1456 1090 37 75 or
1509 1090 142 75 Daisy,
1677 1090 32 75 in
1727 1090 131 75 botany,
1884 1090 18 75 a
1919 1090 98 75 genus
2034 1090 40 75 of
2093 1090 55 75 the
2164 1090 113 75 fynge-

1293 1135 78 75 nefia
1390 1135 181 75 polygamia
1581 1135 155 75 fuperflua
1752 1135 92 75 clafs.
1892 1135 76 75 The
1986 1135 174 75 receptacle
2173 1135 39 75 of
2223 1135 57 75 the

1293 1182 90 75 bellis
1400 1182 27 75 is
1444 1182 104 75 naked
1566 1182 61 75 and
1644 1182 143 75 conical;
1815 1182 24 75 it
1857 1182 56 75 has
1926 1182 41 75 no
1984 1182 140 75 pappus;
2154 1182 55 75 the
2226 1182 54 75 ca-

1293 1229 48 75 lix
1356 1229 27 75 is
1415 1229 254 75 hemifpherical,
1695 1229 80 75 with
1798 1229 135 75 fquamte
1959 1229 40 75 of
2018 1229 39 75 an
2079 1229 93 75 equal
2190 1229 61 75 fize
2265 1229 12 75 ;

1293 1274 61 75 and
1372 1274 55 75 the
1443 1274 88 75 feeds
1548 1274 54 75 are
1618 1274 85 75 oval.
1752 1274 111 75 There
1882 1274 53 75 are
1951 1274 66 75 two
2040 1274 139 75 fpecies;
2206 1274 70 75 viz.

1294 1321 55 75 the
1376 1321 167 75 hortenfis,
1582 1321 17 75 a
1622 1321 104 75 native
1747 1321 41 75 of
1809 1321 118 75 feveral
1951 1321 86 75 parts
2063 1321 40 75 of
2121 1321 155 75 Europe;

1295 1368 61 75 and
1373 1368 55 75 the
1446 1368 157 75 perennis,
1629 1368 37 75 or
1686 1368 147 75 common
1862 1368 99 75 daify,
1987 1368 19 75 a
2021 1368 106 75 native
2144 1368 40 75 of
2204 1368 74 75 Bri-

1294 1414 79 75 tain.
1422 1414 75 75 The
1508 1414 106 75 leaves
1625 1414 40 75 of
1677 1414 53 75 the
1748 1414 145 75 perennis
1910 1414 80 75 have
2008 1414 18 75 a
2042 1414 129 75 fubacid
2183 1414 94 75 tafte,

1295 1461 61 75 and
1382 1461 53 75 are
1459 1461 244 75 recommended
1727 1461 34 75 as
1777 1461 207 75 vulneraries,
2010 1461 62 75 and
2095 1461 31 75 in
2144 1461 135 75 afthmas

1294 1507 60 75 and
1372 1507 103 75 heftic
1493 1507 122 75 fevers.

1248 1554 284 75 BELLEISLE,
1563 1554 40 75 an
1626 1554 98 75 ifland
1747 1554 41 75 on
1816 1554 56 75 the
1895 1554 83 75 coaft
2001 1554 40 75 of
2064 1554 148 75 Britany,
2244 1554 34 75 in

1265 1601 3 75 .
1295 1601 142 75 France;
1463 1601 32 75 in
1514 1601 17 75 3
1531 1583 20 49 0
1564 1601 60 75 W.
1638 1601 88 75 long,
1745 1601 61 75 and
1821 1601 61 75 47°
1902 1601 43 75 20
1945 1583 11 49 /
1973 1601 47 75 N.
2038 1601 59 75 lat.

1247 1647 102 75 Bell
1356 1647 82 75 isle
1457 1647 26 75 is
1501 1647 64 75 alfo
1581 1647 39 75 an
1637 1647 98 75 ifland
1754 1647 40 75 of
1813 1647 164 75 America,
2001 1647 41 75 on
2059 1647 56 75 the
2135 1647 85 75 coaft
2244 1647 49 75 oF

1296 1693 84 75 New
1393 1693 138 75 Britain.

1344 1740 31 75 It
1391 1740 87 75 gives
1496 1740 91 75 name
1602 1740 36 75 to
1660 1740 55 75 the
1732 1740 146 75 ftreights
1896 1740 105 75 which
2015 1740 147 75 Separate
2178 1740 101 75 New-

1295 1788 177 75 foundland
1497 1788 85 75 from
1599 1788 86 75 New
1712 1788 145 75 Britain;
1884 1788 32 75 in
1941 1788 65 75 58°
2020 1788 62 75 W.
2110 1788 89 75 long,
2218 1788 64 75 and

1300 1835 58 75 *2°
1376 1835 48 75 N.
1441 1835 58 75 lat.

1248 1880 213 75 BELLON,
1479 1880 19 75 a
1513 1880 169 75 diftemper
1693 1880 145 75 common
1855 1880 33 75 in
1904 1880 161 75 countries
2082 1880 108 75 where
2202 1880 79 75 they

1296 1925 92 75 fmelt
1409 1925 160 75 lead-ore.
1617 1925 32 75 It
1665 1925 26 75 is
1709 1925 152 75 attended
1885 1925 77 75 with
1992 1925 146 75 languor,
2163 1925 118 75 intole-

1297 1972 88 75 rable
1400 1972 89 75 pains
1506 1972 62 75 and
1584 1972 154 75 fenfation
1758 1972 40 75 of
1816 1972 141 75 gripings
1973 1972 31 75 in
2022 1972 56 75 the
2092 1972 100 75 belly,
2218 1972 69 75 and
2295 1972 5 75 .

1297 2018 162 75 generally
1475 2018 198 75 coftivenefs.

1345 2065 122 75 Beafts,
1492 2065 143 75 poultry,
1654 2065 65 75 tec.
1743 2065 34 75 as
1789 2065 74 75 well
1881 2065 33 75 as
1931 2065 86 75 men,
2040 2065 55 75 are
2110 2065 120 75 fubje£t
2245 2065 37 75 to

1298 2112 63 75 this
1377 2112 142 75 diforder
1532 2112 9 75 :
1568 2112 114 75 Hence
1699 2112 18 75 a
1733 2112 120 75 certain
1876 2112 91 75 fpace
1983 2112 103 75 round
2102 2112 55 75 the
2174 2112 108 75 fmelt-

1298 2158 55 75 ing
1371 2158 114 75 houfes
1503 2158 26 75 is
1552 2158 103 75 called
1667 2158 261 75 bellon-ground,
1953 2158 133 75 becaufe
2107 2158 26 75 it
2160 2158 27 75 is
2204 2158 78 75 dan-

1298 2206 114 75 gerous
1429 2206 52 75 for
1497 2206 39 75 an
1549 2206 116 75 animal
1680 2206 35 75 to
1731 2206 74 75 feed
1820 2206 84 75 upon
1921 2206 38 75 it.

1251 2252 317 75 BELLONARII,
1586 2252 31 75 in
1629 2252 127 75 Roman
1773 2252 172 75 antiquity,
1962 2252 56 75 the
2032 2252 108 75 priefts
2155 2252 39 75 of
2204 2252 78 75 Bel-

1298 2298 86 75 lona,
1410 2298 86 75 who,
1522 2298 31 75 in
1576 2298 125 75 honour
1717 2298 40 75 of
1779 2298 71 75 that
1866 2298 148 75 goddefs,
2041 2298 74 75 ufed
2139 2298 35 75 to
2191 2298 93 75 make

1299 2345 144 75 incifions
1459 2345 33 75 in
1505 2345 83 75 their
1605 2345 106 75 body;
1738 2345 74 75 and,
1831 2345 83 75 after
1924 2345 116 75 having
2056 2345 155 75 gathered
2227 2345 56 75 the

1300 2391 99 75 blood
1415 2391 31 75 in
1463 2391 55 75 the
1541 2391 85 75 palm
1643 2391 40 75 of
1694 2391 83 75 their
1793 2391 99 75 hand,
1918 2391 72 75 give
2007 2391 26 75 it
2049 2391 35 75 to
2101 2391 90 75 thofe
2208 2391 75 75 who

1300 2438 84 75 were
1400 2438 165 75 partakers
1577 2438 39 75 of
1627 2438 85 75 their
1727 2438 174 75 myfteries.

1253 2485 263 75 BELLONIA,
1541 2485 32 75 in
1589 2485 132 75 botany,
1747 2485 20 75 a
1782 2485 103 75 genus
1894 2485 40 75 of
1944 2485 58 75 the
2016 2485 187 75 pentandria
2215 2485 68 75 mo-

1302 2530 137 75 nogynia
1465 2530 91 75 clafs.
1604 2530 78 75 The
1704 2530 120 75 corolla
1851 2530 27 75 is
1895 2530 149 75 rotated;
2076 2530 55 75 the
2160 2530 124 75 capfule

1301 2578 126 75 confifts
1442 2578 41 75 of
1505 2578 61 75 one
1590 2578 61 75 cell
1675 2578 153 75 inclofing
1852 2578 97 75 many
1967 2578 99 75 feeds.
2127 2578 113 75 There
2256 2578 27 75 is
2293 2578 8 75 -

1300 2623 56 75 but
1374 2623 61 75 one
1450 2623 132 75 fpecies,
1606 2623 69 75 v/z.
1694 2623 56 75 the
1767 2623 118 75 afpera,
1904 2623 19 75 a
1934 2623 105 75 native
2051 2623 38 75 of
2096 2623 163 75 America.

1251 2670 316 75 BELLOWING,
1593 2670 115 75 among
1720 2670 185 75 fportfmen,
1930 2670 139 75 denotes
2082 2670 55 75 the
2150 2670 85 75 noife
2248 2670 41 75 of

1301 2717 70 75 roes
1388 2717 31 75 in
1442 2717 227 75 rutting-time.

1251 2764 252 75 BELLOWS,
1528 2764 18 75 a
1562 2764 145 75 machine
1731 2764 33 75 fo
1788 2764 165 75 contrived
1980 2764 33 75 as
2030 2764 35 75 to
2082 2764 111 75 expire
2222 2764 63 75 and

1299 2810 113 75 infpire
1428 2810 55 75 the
1500 2810 46 75 air
1562 2810 45 75 by
1628 2810 103 75 turns,
1756 2810 45 75 by
1817 2810 164 75 enlarging
1998 2810 62 75 and
2087 2810 200 75 contracting

1296 2858 42 75 its
1355 2858 156 75 capacity.

1345 2902 85 75 This
1447 2902 144 75 machine
1606 2902 28 75 is
1650 2902 76 75 ufed
1742 2902 33 75 in
1797 2902 166 75 chambers
1986 2902 62 75 and
2065 2902 159 75 kitchens,
2250 2902 33 75 in

1296 2950 119 75 forges,
1439 2950 160 75 furnaces,
1625 2950 62 75 and
1703 2950 196 75 founderies,
1924 2950 36 75 to
1976 2950 86 75 blow
2080 2950 40 75 up
2137 2950 56 75 the
2202 2950 79 75 fire:

1298 2995 35 75 It
1346 2995 119 75 ferves.
1477 2995 65 75 alfo
1559 2995 270 75 for-organs'and
1846 2995 93 75 other
1966 2995 180 75 pneumatic
2170 2995 114 75 inftru-

2165 3039 101 75 ments
2266 3071 14 49 3
