2428 3377
121 142 100 75 Part
249 142 32 75 I.

680 142 1004 75 ANATOMY.

2150 142 79 75 167

121 207 36 75 or
173 207 89 75 more
277 207 78 75 fluid
375 207 141 75 texture.
564 207 77 75 The
661 207 120 75 middle
806 207 89 75 point
911 207 26 75 is
954 207 162 75 therefore
1133 207 19 75 a

122 255 138 75 fulcrum
289 255 38 75 or
353 255 101 75 pivot,
480 255 42 75 on
545 255 105 75 which
678 255 56 75 the
760 255 122 75 motion
906 255 40 75 of
965 255 19 75 a
1000 255 64 75 ball
1089 255 62 75 and

119 301 108 75 focket
243 301 75 75 may
332 301 40 75 be
389 301 105 75 made,
518 301 78 75 with
614 301 75 75 fuch
705 301 19 75 a
743 301 131 75 gradual
889 301 143 75 yielding
1043 301 41 75 of
1095 301 55 75 the

119 348 161 75 fubftance
304 348 42 75 of
370 348 57 75 the
453 348 165 75 ligament,
649 348 32 75 in
706 348 183 75 whichever
910 348 154 75 diredion
1090 348 59 75 our

120 394 101 75 fpines
242 394 54 75 are
312 394 127 75 moved,
458 394 32 75 as
507 394 87 75 faves
611 394 56 75 the
686 394 87 75 body
789 394 84 75 from
889 394 120 75 violent
1025 394 124 75 (hocks,

121 439 62 75 and
204 439 84 75 their
310 439 179 75 dangerous
514 439 244 75 confequences.
855 439 83 75 This
960 439 190 75 ligamento-

120 486 225 75 cartilaginous
363 486 160 75 fubftance
539 486 27 75 is
583 486 106 75 firmly
716 486 89 75 fixed
828 486 35 75 to
888 486 58 75 the
965 486 185 75 horizontal

120 532 138 75 furfaces
277 532 40 75 of
328 532 55 75 the
400 532 110 75 bodies
529 532 40 75 of
580 532 55 75 the
655 532 169 75 vertebrse,
851 532 34 75 to
903 532 131 75 conned
1048 532 103 75 them,

121 578 31 75 in
169 578 106 75 which
299 578 25 75 it
341 578 27 75 is
386 578 118 75 aflifted
520 578 42 75 by
587 578 18 75 a
622 578 106 75 ftrong
743 578 406 75 membranou^igament,

120 624 106 75 which
253 624 80 75 lines
362 624 42 75 all
433 624 83 75 their
544 624 136 75 concave
705 624 135 75 furface,
881 624 60 75 and
970 624 46 75 uy
1042 624 61 75 ftill
1132 624 18 75 a

121 670 142 75 ftronger
279 670 166 75 ligament,
462 670 71 75 that
555 670 112 75 covers
695 670 44 75 all
762 670 85 75 their
862 670 139 75 anterior
1026 670 124 75 convex

121 716 136 75 furface.

169 762 98 75 From
283 762 78 75 each
377 762 63 75 fide
456 762 40 75 of
506 762 56 75 the
578 762 89 75 body
693 762 40 75 of
750 762 77 75 each
845 762 158 75 vertebra,
1030 762 18 75 a
1063 762 88 75 bony

123 808 112 75 bridge
258 808 27 75 is
313 808 163 75 produced
491 808 200 75 backwards,
717 808 62 75 and
794 808 36 75 to
847 808 19 75 a
880 808 63 75 fide
955 808 8 75 ;
991 808 84 75 from
1092 808 57 75 the

121 854 151 75 pofterior
288 854 63 75 end
366 854 40 75 of
417 854 118 75 which,
560 854 61 75 one
636 854 134 75 flanting
785 854 124 75 procefs
928 854 74 75 rifes
1019 854 63 75 and
1095 854 54 75 an-

121 900 94 75 other
236 900 150 75 defcends
401 900 11 75 ;
437 900 55 75 the
508 900 137 75 fmooth,
671 900 62 75 and
749 900 86 75 what
861 900 27 75 is
913 900 163 75 generally
1093 900 56 75 the
1149 882 6 49 -

122 946 115 75 flatteft
253 946 62 75 fide
332 946 40 75 of
391 946 77 75 each
494 946 40 75 of
551 946 88 75 thefe
667 946 74 75 four
768 946 168 75 procefles,
961 946 106 75 which
1095 946 54 75 are

123 992 102 75 called
241 992 54 75 the
312 992 135 75 oblique,
471 992 26 75 is
515 992 137 75 covered
669 992 78 75 with
776 992 18 75 a
820 992 125 75 fmooth
963 992 184 75 ,cartilage;

123 1038 63 75 and
201 1038 55 75 the
272 1038 66 75 two
359 1038 99 75 lower
475 1038 76 75 ones
567 1038 42 75 of
619 1038 78 75 each
713 1038 159 75 vertebra,
905 1038 53 75 are
986 1038 92 75 fitted
1101 1038 47 75 to,

123 1085 63 75 and
208 1085 190 75 articulated
412 1085 80 75 with
508 1085 55 75 the
580 1085 66 75 two
662 1085 99 75 upper
774 1085 39 75 or
828 1085 169 75 afcending
1021 1085 130 75 oblique

123 1130 153 75 procefles
293 1130 39 75 of
355 1130 55 75 the
432 1130 147 75 vertebra
605 1130 115 75 below,
745 1130 117 75 having
889 1130 84 75 their
1000 1130 152 75 articular

122 1177 167 75 ligaments
306 1177 88 75 fixed
409 1177 69 75 into
495 1177 55 75 the
566 1177 102 75 rough
685 1177 64 75 line
765 1177 106 75 round
888 1177 83 75 their
991 1177 110 75 edges.

174 1223 97 75 From
288 1223 143 75 between
448 1223 55 75 the
519 1223 131 75 oblique
674 1223 154 75 procefles
853 1223 39 75 of
912 1223 78 75 each
1012 1223 62 75 fide
1095 1223 56 75 the

123 1269 148 75 vertebra
294 1269 27 75 is
344 1269 159 75 ftretched
518 1269 57 75 out
590 1269 149 75 laterally
762 1269 68 75 into
847 1269 19 75 a
881 1269 126 75 procefs
1030 1269 71 75 that
1123 1269 27 75 is

123 1314 116 75 named
256 1314 195 75 tranfverfe.

172 1361 96 75 From
281 1361 55 75 the
348 1361 166 75 back-part
530 1361 41 75 of
589 1361 55 75 the
672 1361 88 75 roots
786 1361 41 75 of
844 1361 54 75 the
921 1361 67 75 two
1005 1361 145 75 oblique,

125 1406 62 75 and
203 1406 40 75 of
257 1406 54 75 the
328 1406 172 75 tranfverfe
517 1406 124 75 procefs
669 1406 39 75 of
724 1406 81 75 each
829 1406 76 75 fide,
930 1406 20 75 a
976 1406 101 75 broad
1094 1406 57 75 ob-

125 1453 88 75 lique
240 1453 89 75 bony
353 1453 85 75 plate
462 1453 27 75 is
517 1453 161 75 extended
706 1453 197 75 backwards,
929 1453 107 75 where
1063 1453 88 75 thefe

125 1498 96 75 meet,
246 1498 55 75 the
317 1498 130 75 feventh
464 1498 123 75 procefs
604 1498 40 75 of
667 1498 53 75 the
736 1498 154 75 vertebra
914 1498 89 75 takes
1020 1498 41 75 its
1079 1498 72 75 rife,

126 1544 63 75 and
204 1544 103 75 (lands
332 1544 56 75 out
416 1544 206 75 backwards:
648 1544 86 75 This
762 1544 94 75 being
883 1544 163 75 generally
1061 1544 91 75 (harp

125 1590 142 75 pointed,
293 1590 59 75 and
382 1590 126 75 narrow
535 1590 113 75 edged,
681 1590 56 75 has
763 1590 160 75 therefore
948 1590 79 75 been
1051 1590 102 75 called

116 1636 116 75 fpinal
245 1636 124 75 procefs
384 1636 10 75 ;
420 1636 85 75 from
521 1636 106 75 which
651 1636 63 75 this
741 1636 104 75 whole
873 1636 92 75 chain
992 1636 41 75 of
1055 1636 98 75 bones

125 1682 56 75 has
199 1682 55 75 got
270 1682 41 75 its
328 1682 103 75 name.

173 1728 127 75 Befides
317 1728 55 75 the
389 1728 147 75 common
552 1728 151 75 ligament
726 1728 106 75 which
858 1728 80 75 lines
962 1728 42 75 all
1027 1728 54 75 the
1105 1728 47 75 in-

126 1773 102 75 ternal
248 1773 122 75 furface
386 1773 40 75 of
437 1773 56 75 the
509 1773 97 75 fpinal
623 1773 167 75 procefles,
816 1773 33 75 as
878 1773 71 75 well
977 1773 33 75 as
1038 1773 40 75 of
1097 1773 56 75 the

126 1819 124 75 bodies,
276 1819 91 75 there
383 1819 53 75 are
453 1819 171 75 particular
650 1819 166 75 ligaments
844 1819 70 75 that
941 1819 130 75 connect
1098 1819 55 75 the

126 1865 85 75 bony
222 1865 128 75 bridges
361 1865 61 75 and
437 1865 121 75 procefl'
558 1865 33 75 es
607 1865 41 75 of
659 1865 54 75 the
730 1865 186 75 contiguous
936 1865 150 75 vertebra
1103 1865 50 75 to-

126 1911 123 75 gether.

171 1958 76 75 The
262 1958 159 75 fubftance
437 1958 40 75 of
489 1958 54 75 the
559 1958 154 75 procefles
734 1958 26 75 is
778 1958 216 75 confiderably
1006 1958 143 75 ftronger

125 2003 62 75 and
202 2003 119 75 firmer,
340 2003 61 75 and
413 2003 57 75 has
488 2003 18 75 a
522 2003 125 75 thicker
667 2003 145 75 external
830 2003 85 75 plate
931 2003 77 75 than
1021 2003 55 75 the
1093 2003 58 75 bo-

125 2049 67 75 dies
210 2049 39 75 of
260 2049 55 75 the
331 2049 154 75 vertebra
502 2049 93 75 have.

170 2095 76 75 The
270 2095 91 75 feven
385 2095 154 75 procefles
563 2095 86 75 form
672 2095 17 75 a
713 2095 167 75 concavity
905 2095 32 75 at
962 2095 83 75 their
1062 2095 86 75 fore-

125 2140 82 75 part,
232 2140 117 75 which,
371 2140 112 75 joined
500 2140 33 75 to
550 2140 55 75 the
622 2140 60 75 one
705 2140 32 75 at
764 2140 54 75 the
841 2140 167 75 back-part
1035 2140 41 75 of
1095 2140 54 75 the

125 2187 124 75 bodies,
266 2187 106 75 makes
394 2187 17 75 a
427 2187 90 75 great
532 2187 87 75 hole,
637 2187 61 75 and
715 2187 54 75 the
785 2187 90 75 holes
893 2187 40 75 of
948 2187 39 75 all
1006 2187 55 75 the
1077 2187 71 75 ver-

124 2233 97 75 tebrse
239 2233 82 75 form
340 2233 18 75 a
373 2233 77 75 long
465 2233 88 75 large
570 2233 143 75 conduit,
737 2233 51 75 for
813 2233 181 75 containing
1018 2233 54 75 the
1088 2233 61 75 fpi-

124 2279 51 75 nal
191 2279 151 75 marrow.
436 2279 37 75 In
491 2279 54 75 the
561 2279 99 75 upper
671 2279 61 75 and
748 2279 99 75 lower
863 2279 79 75 edge
959 2279 40 75 of
1010 2279 77 75 each
1104 2279 45 75 la-

125 2325 78 75 teral
221 2325 122 75 bridge,
368 2325 92 75 there
482 2325 26 75 is
527 2325 19 75 a
560 2325 111 75 notch.
720 2325 107 75 Thefe
844 2325 53 75 are
913 2325 34 75 fo
963 2325 135 75 adapted
1114 2325 35 75 to

125 2371 77 75 each
229 2371 94 75 other
349 2371 32 75 in
410 2371 55 75 the
493 2371 188 75 contiguous
708 2371 166 75 vertebra,
900 2371 33 75 as
961 2371 35 75 to
1024 2371 83 75 form
1131 2371 19 75 a

125 2417 104 75 round
255 2417 75 75 hole
358 2417 34 75 in
417 2417 78 75 each
522 2417 62 75 fide
612 2417 142 75 between
783 2417 76 75 each
888 2417 65 75 two
980 2417 167 75 vertebra,

124 2463 139 75 through
280 2463 105 75 which
401 2463 56 75 the
473 2463 112 75 nerves
613 2463 69 75 that
709 2463 138 75 proceed
873 2463 86 75 from
980 2463 55 75 the
1050 2463 99 75 fpinal

125 2508 136 75 marrow
278 2508 61 75 and
359 2508 40 75 its
417 2508 223 75 blood-veflels
657 2508 82 75 pafs.

172 2554 76 75 The
274 2554 215 75 articulations
517 2554 76 75 then
621 2554 39 75 of
691 2554 88 75 thefe
814 2554 71 75 true
912 2554 154 75 vertebra
1094 2554 54 75 are

124 2600 120 75 plainly
259 2600 118 75 double
391 2600 10 75 ;
428 2600 52 75 for
495 2600 84 75 their
601 2600 112 75 bodies
729 2600 51 75 are
794 2600 110 75 joined
921 2600 43 75 by
980 2600 56 75 the
1051 2600 99 75 inter-

124 2645 115 75 vening
256 2645 150 75 cartilage
423 2645 100 75 above
538 2645 176 75 defcribed,
740 2645 62 75 and
817 2645 85 75 their
928 2645 130 75 oblique
1076 2645 73 75 pro-

127 2691 92 75 cefles
237 2691 94 75 being
347 2691 108 75 tipped
480 2691 79 75 with
587 2691 177 75 cartilages,
789 2691 54 75 are
866 2691 34 75 fo
921 2691 170 75 connedted
1107 2691 43 75 by

125 2736 84 75 their
224 2736 179 75 ligaments,
429 2736 33 75 as
478 2736 36 75 to
530 2736 95 75 allow
641 2736 18 75 a
674 2736 90 75 finall
787 2736 115 75 degree
918 2736 40 75 of
974 2736 125 75 motion
1114 2736 36 75 to

127 2781 41 75 all
185 2781 90 75 (ides.

172 2827 76 75 The
264 2827 70 75 true
351 2827 151 75 vertebra
519 2827 86 75 ferve
623 2827 35 75 to
674 2827 71 75 give
772 2827 36 75 us
837 2827 39 75 an
901 2827 83 75 eredt
999 2827 124 75 pofture
1138 2827 10 75 ;

126 2873 35 75 to
178 2873 94 75 allow
288 2873 153 75 fufficient
469 2873 61 75 and
553 2873 107 75 fecure
677 2873 121 75 motion
815 2873 34 75 to
865 2873 55 75 the
935 2873 95 75 head,
1057 2873 91 75 neck,

126 2918 61 75 and
204 2918 95 75 trunk
315 2918 40 75 of
368 2918 55 75 the
439 2918 100 75 body,
563 2918 62 75 and
652 2918 35 75 to
712 2918 131 75 fupport
866 2918 63 75 and
952 2918 118 75 defend
1096 2918 54 75 the

126 2967 131 75 bowels,
283 2967 63 75 and
363 2967 93 75 other
472 2967 63 75 foft
552 2967 99 75 parts.

1246 206 144 75 Though
1407 206 55 75 the
1486 206 70 75 true
1574 206 152 75 vertebra
1743 206 93 75 agree
1851 206 32 75 in
1900 206 55 75 the
1979 206 127 75 general
2128 206 99 75 ftruc-

1200 252 70 75 ture
1287 252 104 75 which
1408 252 49 75 we
1473 252 80 75 have
1569 252 142 75 hitherto
1737 252 163 75 defcribed
1914 252 10 75 ;
1950 252 56 75 yet
2033 252 131 75 becaufe
2192 252 42 75 of

1198 298 118 75 feveral
1333 298 186 75 fpecialities
1536 298 114 75 proper
1678 298 35 75 to
1741 298 18 75 a
1786 298 171 75 particular
1980 298 145 75 number,
2150 298 80 75 they

1199 346 52 75 are
1269 346 183 75 commonly
1467 346 129 75 divided
1620 346 70 75 into
1711 346 90 75 three
1828 346 121 75 clafles,
1974 346 66 75 viz.
2069 346 156 75 cervical,

1201 391 117 75 dorfal,
1347 391 62 75 and
1429 391 141 75 lumbar.

1243 437 76 75 The
1336 437 135 75 cervical
1488 437 53 75 are
1557 437 56 75 the
1623 437 92 75 feven
1733 437 179 75 uppermoft
1924 437 155 75 vertebra
2092 437 9 75 ;
2121 437 107 75 which

1199 483 52 75 are
1263 483 222 75 diftinguiftied
1504 483 82 75 frpm
1604 483 57 75 the
1677 483 60 75 reft
1754 483 41 75 by
1809 483 87 75 thefe
1908 483 120 75 marks.
2122 483 107 75 Their

1198 530 109 75 bodies
1325 530 54 75 are
1394 530 124 75 fmaller
1535 530 62 75 and
1613 530 88 75 more
1725 530 82 75 folid
1830 530 77 75 than
1932 530 62 75 any
2018 530 122 75 others,
2166 530 64 75 and

1198 575 113 75 flatted
1327 575 40 75 on
1385 575 55 75 the
1455 575 173 75 fore-part,
1645 575 36 75 to
1697 575 91 75 make
1800 575 71 75 way
1882 575 52 75 for
1949 575 55 75 the
2016 575 210 75 oefophagus;

1199 621 37 75 or
1253 621 106 75 rather
1376 621 63 75 this
1457 621 55 75 flat
1529 621 99 75 figure
1644 621 26 75 is
1688 621 105 75 owing
1809 621 35 75 to
1861 621 54 75 the
1932 621 136 75 preflure
2095 621 41 75 of
2157 621 72 75 that

1198 668 83 75 pipe,
1307 668 62 75 and
1385 668 35 75 to
1436 668 55 75 the
1517 668 102 75 adtion
1647 668 40 75 of
1708 668 55 75 the
1791 668 86 75 longi
1903 668 75 75 colli
2003 668 63 75 and
2089 668 139 75 anterior

1198 713 74 75 recti
1285 713 146 75 mufcles.
1526 713 101 75 They
1642 713 53 75 are
1711 713 65 75 alfo
1792 713 56 75 flat
1864 713 132 75 behind,
2014 713 108 75 where
2138 713 90 75 fmall

1197 761 153 75 procefles
1369 761 72 75 rife,
1466 761 35 75 to
1525 761 104 75 which
1647 761 56 75 the
1719 761 136 75 internal
1871 761 168 75 ligaments
2057 761 52 75 are
2126 761 101 75 fixed.

1291 806 75 75 The
1383 806 99 75 upper
1498 806 121 75 furface
1635 806 41 75 of
1697 806 55 75 the
1769 806 87 75 body
1872 806 39 75 of
1933 806 79 75 each
2035 806 149 75 vertebra
2200 806 28 75 is

1198 852 91 75 made
1304 852 133 75 hollow,
1462 852 43 75 by
1532 852 19 75 a
1577 852 133 75 (lanting
1733 852 70 75 thin
1819 852 124 75 procefs
1960 852 106 75 which
2082 852 26 75 is
2125 852 103 75 raifed

1198 898 41 75 on
1255 898 79 75 each
1350 898 62 75 fide
1425 898 135 75 :The
1577 898 99 75 lower
1691 898 121 75 furface
1829 898 25 75 is
1873 898 64 75 alfo
1953 898 188 75 excavated,
2167 898 59 75 but

1200 944 31 75 in
1249 944 19 75 a
1279 944 149 75 different
1444 944 152 75 manner;
1622 944 52 75 for
1689 944 76 75 here
1782 944 55 75 the
1854 944 153 75 pofterior
2023 944 81 75 edge
2122 944 27 75 is
2166 944 61 75 rai-

1200 990 53 75 fed
1269 990 19 75 a
1303 990 96 75 little,
1425 990 62 75 and
1503 990 54 75 the
1574 990 60 75 ohe
1649 990 112 75 before
1788 990 27 75 is
1843 990 163 75 produced
2030 990 19 75 a
2072 990 156 75 confider-

1200 1036 70 75 able
1286 1036 85 75 way.
1466 1036 113 75 Hence
1597 1036 49 75 we
1662 1036 51 75 fee
1736 1036 74 75 how
1826 1036 55 75 the
1898 1036 167 75 cartilages
2082 1036 148 75 between

1199 1083 89 75 thofe
1304 1083 100 75 bones
1420 1083 54 75 are
1490 1083 107 75 firmly
1614 1083 183 75 connedted,
1822 1083 64 75 and
1901 1083 84 75 their
2010 1083 218 75 articulations

1202 1129 52 75 are
1270 1129 122 75 fccure.

1245 1175 76 75 The
1337 1175 168 75 cartilages
1521 1175 144 75 between
1688 1175 87 75 thefe
1799 1175 154 75 vertebrae
1982 1175 53 75 are
2063 1175 103 75 thick,
2193 1175 33 75 e-

1199 1221 148 75 fpecially
1371 1221 32 75 at
1422 1221 93 75 .their
1539 1221 182 75 fore-part;
1747 1221 107 75 which
1882 1221 26 75 is
1930 1221 60 75 one
2018 1221 109 75 reafon
2152 1221 76 75 why

1200 1267 54 75 the
1272 1267 152 75 vertebra
1442 1267 138 75 advance
1597 1267 141 75 forward
1753 1267 33 75 as
1810 1267 79 75 they
1901 1267 145 75 defcend,
2065 1267 63 75 and
2143 1267 81 75 have

1201 1313 105 75 larger
1320 1313 137 75 motion.

1247 1360 75 75 The
1339 1360 129 75 oblique
1485 1360 153 75 procefles
1655 1360 40 75 of
1706 1360 87 75 thefe
1809 1360 97 75 bones
1925 1360 40 75 of
1975 1360 55 75 the
2046 1360 82 75 neck
2140 1360 89 75 more

1197 1404 97 75 juftly
1305 1404 129 75 deferve
1447 1404 69 75 that
1532 1404 91 75 name
1639 1404 77 75 than
1729 1404 141 75 thofe.of
1882 1404 61 75 any
1954 1404 94 75 other
2060 1404 166 75 vertebra.

1201 1452 98 75 They
1315 1452 53 75 are
1382 1452 135 75 fituated
1531 1452 153 75 (lanting;
1726 1452 55 75 the
1798 1452 97 75 upper
1912 1452 75 75 ones
2011 1452 117 75 having
2144 1452 85 75 their

1200 1498 125 75 fmooth
1350 1498 62 75 and
1440 1498 109 75 almoft
1573 1498 55 75 flat
1655 1498 137 75 furfaces
1814 1498 105 75 facing
1943 1498 165 75 obliquely
2129 1498 97 75 back-

1203 1544 104 75 wards
1325 1544 62 75 and
1403 1544 158 75 upwards,
1586 1544 94 75 while
1696 1544 55 75 the
1767 1544 132 75 inferior
1921 1544 129 75 oblique
2073 1544 156 75 proceiTes

1202 1591 80 75 have
1299 1591 83 75 their
1403 1591 139 75 furfaces
1559 1591 105 75 facing
1679 1591 166 75 obliquely
1862 1591 156 75 forwards
2035 1591 62 75 and
2113 1591 114 75 down-

1204 1636 118 75 wards.

1250 1682 76 75 The
1343 1682 180 75 tranfverfe.
1542 1682 152 75 procefles
1711 1682 39 75 of
1761 1682 87 75 thefe
1864 1682 154 75 vertebra
2036 1682 52 75 are
2104 1682 123 75 framed

1202 1727 32 75 in
1251 1727 18 75 a
1285 1727 150 75 different
1449 1727 131 75 manner
1594 1727 83 75 from
1695 1727 89 75 thofe
1810 1727 41 75 of
1869 1727 63 75 any
1947 1727 94 75 other
2068 1727 97 75 bones
2193 1727 43 75 of

1205 1774 55 75 the
1276 1774 85 75 fpine
1374 1774 8 75 :
1409 1774 65 75 For
1502 1774 117 75 befides
1647 1774 56 75 the
1727 1774 145 75 common
1901 1774 172 75 tranfverfe
2100 1774 125 75 procefs

1204 1819 91 75 riling
1311 1819 84 75 from
1419 1819 144 75 between
1586 1819 55 75 the
1662 1819 131 75 oblique
1815 1819 152 75 procefles
1991 1819 41 75 of
2049 1819 77 75 each
2151 1819 75 75 fide,

1202 1866 90 75 there
1308 1866 26 75 is
1353 1866 142 75 afecond
1512 1866 60 75 one
1588 1866 70 75 that
1675 1866 105 75 comes
1797 1866 57 75 out
1869 1866 86 75 from
1970 1866 54 75 the
2041 1866 62 75 fide
2119 1866 39 75 of
2170 1866 56 75 the

1203 1913 87 75 body
1309 1913 41 75 of
1366 1913 79 75 each
1470 1913 165 75 vertebra;
1669 1913 62 75 and
1754 1913 88 75 thefe
1862 1913 66 75 two
1952 1913 167 75 procefies,
2144 1913 83 75 after

1201 1959 126 75 leaving
1341 1959 19 75 a
1373 1959 137 75 circular
1525 1959 74 75 hole
1623 1959 52 75 for
1692 1959 54 75 the
1763 1959 121 75 paflage
1901 1959 40 75 of
1952 1959 54 75 the
2024 1959 134 75 cervical
2176 1959 49 75 ar-

1203 2004 70 75 tery
1289 2004 63 75 and
1368 2004 83 75 vein,
1476 2004 100 75 unite,
1602 2004 61 75 and
1687 2004 54 75 are
1769 2004 215 75 confiderably
2009 2004 162 75 hollowed
2194 2004 32 75 at

1202 2050 82 75 their
1300 2050 100 75 upper
1426 2050 83 75 part,
1534 2050 79 75 with
1629 2050 92 75 rifing
1736 2050 92 75 (ides,
1853 2050 35 75 to
1904 2050 122 75 protedt
2042 2050 55 75 the
2115 2050 110 75 nerves

1201 2096 69 75 that
1287 2096 67 75 pafs
1376 2096 32 75 in
1432 2096 56 75 the
1504 2096 141 75 hollow;
1672 2096 62 75 and
1749 2096 32 75 at
1797 2096 57 75 laft
1870 2096 76 75 each
1963 2096 62 75 fide
2040 2096 184 75 terminates

1200 2143 32 75 in
1249 2143 38 75 an
1304 2143 108 75 obtufe
1425 2143 101 75 point,
1551 2143 51 75 for
1614 2143 55 75 the
1683 2143 151 75 infertion
1845 2143 40 75 of
1891 2143 145 75 mufcles.

1247 2190 76 75 The
1350 2190 97 75 fpinal
1475 2190 154 75 procefles
1661 2190 40 75 of
1727 2190 87 75 thefe
1847 2190 134 75 cervical
2010 2190 97 75 bones
2136 2190 87 75 (land

1201 2234 108 75 nearly
1325 2234 130 75 (freight
1471 2234 197 75 backwards,
1694 2234 52 75 are
1763 2234 120 75 (horter
1900 2234 75 75 than
1992 2234 89 75 thofe
2102 2234 41 75 of
2162 2234 62 75 any

1199 2280 92 75 other
1314 2280 166 75 vertebra,
1506 2280 62 75 and
1584 2280 52 75 are
1652 2280 119 75 forked
1784 2280 36 75 or
1836 2280 114 75 double
1968 2280 32 75 at
2016 2280 84 75 their
2116 2280 77 75 ends
2209 2280 10 75 ;

1201 2326 62 75 and
1278 2326 101 75 hence
1395 2326 94 75 allow
1506 2326 17 75 a
1540 2326 87 75 more
1643 2326 186 75 convenient
1845 2326 147 75 infertion
2010 2326 33 75 to
2059 2326 149 75 mufcjes.

1248 2373 45 75 So
1316 2373 49 75 far
1381 2373 79 75 moft
1477 2373 39 75 of
1527 2373 54 75 the
1598 2373 134 75 cervical
1749 2373 150 75 vertebra
1917 2373 92 75 agree
2023 2373 13 75 ;
2068 2373 57 75 but
2142 2373 78 75 they

1198 2419 79 75 have
1293 2419 86 75 fome
1396 2419 169 75 particular
1581 2419 199 75 differences,
1799 2419 103 75 which
1919 2419 104 75 oblige
2039 2419 37 75 us
2093 2419 35 75 to
2144 2419 76 75 con-

1200 2464 79 75 (ider
1294 2464 88 75 them
1398 2464 185 75 feparately.

1245 2512 74 75 The
1338 2512 76 75 firft,
1438 2512 83 75 from
1537 2512 42 75 its
1595 2512 52 75 ufe
1664 2512 39 75 of
1714 2512 182 75 fupporting
1912 2512 54 75 the
1982 2512 94 75 head,
2094 2512 56 75 has
2164 2512 54 75 the

1199 2557 90 75 name
1311 2557 40 75 of
1371 2557 86 75 atlas
1473 2557 10 75 ;
1510 2557 62 75 and
1586 2557 26 75 is
1630 2557 64 75 alfo
1711 2557 98 75 called
1828 2557 204 75 epijlropkea,
2057 2557 86 75 from
2162 2557 54 75 the

1201 2603 121 75 motion
1344 2603 26 75 it
1386 2603 156 75 performs
1566 2603 40 75 cn
1622 2603 55 75 the
1693 2603 127 75 fecond.

1246 2649 76 75 The
1346 2649 92 75 atlas,
1464 2649 146 75 contrary
1627 2649 35 75 to
1679 2649 41 75 all
1736 2649 55 75 the
1818 2649 93 75 other
1927 2649 151 75 vertebra
2103 2649 39 75 of
2164 2649 56 75 the

1200 2695 97 75 fpine,
1321 2695 58 75 has
1396 2695 42 75 no
1453 2695 108 75 body;
1588 2695 69 75 but,
1680 2695 119 75 inftead
1814 2695 39 75 of
1876 2695 38 75 it,
1939 2695 90 75 there
2045 2695 27 75 is
2088 2695 18 75 a
2133 2695 86 75 bony

1201 2740 86 75 arch.
1383 2740 38 75 In
1454 2740 54 75 the
1540 2740 123 75 convex
1689 2740 158 75 fore-part
1873 2740 39 75 of
1933 2740 123 75 which,
2088 2740 17 75 a
2128 2740 90 75 fmall

1201 2787 92 75 rifing
1310 2787 140 75 appears,
1476 2787 107 75 where
1606 2787 54 75 the
1684 2787 129 75 muiculi
1831 2787 86 75 longi
1933 2787 73 75 colli
2030 2787 53 75 are
2106 2787 111 75 inferr-

1200 2832 40 75 ed
1253 2832 12 75 ;
1291 2832 73 75 and,
1389 2832 40 75 on
1449 2832 77 75 each
1544 2832 62 75 fide
1622 2832 40 75 of
1673 2832 62 75 this
1752 2832 241 75 protuberance,
2019 2832 19 75 a
2052 2832 88 75 fmall
2164 2832 52 75 ca-

1199 2879 69 75 vity
1292 2879 72 75 may
1379 2879 39 75 be
1435 2879 164 75 obferved,
1624 2879 108 75 where
1759 2879 55 75 the
1842 2879 79 75 redi
1943 2879 114 75 interni
2080 2879 137 75 minores

1199 2925 73 75 take
1288 2925 84 75 their
1386 2925 72 75 rife.
1553 2925 75 75 The
1655 2925 98 75 upper
1780 2925 62 75 and
1868 2925 100 75 lower
1991 2925 86 75 parts
2099 2925 40 75 of
2161 2925 56 75 the

1202 2974 75 75 arch
1292 2974 53 75 are
1360 2974 103 75 rough
1490 2974 62 75 and
1577 2974 151 75 unequal,
1752 2974 105 75 where
1884 2974 54 75 the
1954 2974 166 75 ligaments
2148 2974 70 75 that

2090 3026 130 75 conned
