2428 3377
138 150 83 75 234

693 150 41 75 A
847 150 44 75 N
1007 150 41 75 A
1163 150 39 75 T

138 207 93 75 ward
246 207 55 75 the
321 207 250 75 circumference
596 207 37 75 or
649 207 93 75 cuter
758 207 124 75 furface
898 207 41 75 of
957 207 55 75 the
1029 207 150 75 kidneys.

185 253 200 75 Ordinarily,
410 253 56 75 the
491 253 87 75 right
607 253 87 75 renal
720 253 109 75 artery
854 253 99 75 paffes
979 253 120 75 behind
1125 253 55 75 the

138 301 80 75 vena
235 301 78 75 Cava
329 301 62 75 .and
408 301 88 75 renal
515 301 70 75 vein
607 301 43 75 on
666 301 56 75 the
748 301 96 75 other
856 301 63 75 fide
931 301 10 75 ;
969 301 63 75 and
1044 301 56 75 the
1118 301 61 75 left

140 348 120 75 artery,
286 348 63 75 firft
361 348 119 75 behind
493 348 65 75 and
574 348 77 75 then
668 348 111 75 before
791 348 55 75 the
864 348 86 75 vein.

187 396 77 75 The
281 396 132 75 arteries
428 396 41 75 of
480 396 56 75 the
558 396 88 75 renal
664 396 124 75 glands,
814 396 105 75 which
933 396 72 75 may
1024 396 41 75 be
1081 396 100 75 term-

142 439 41 75 ed

370 439 196 75 capfulares,
592 439 78 75 arife
692 439 179 75 fometimes
889 439 86 75 from
1003 439 56 75 the
1092 439 91 75 aorta

142 488 102 75 above
260 488 55 75 the
332 488 118 75 arteria
462 488 128 75 renalis,
616 488 62 75 and
694 488 72 75 give
785 488 56 75 out
857 488 57 75 the
936 488 122 75 arteriae
1072 488 110 75 adipo-

141 535 53 75 fas,
219 535 107 75 which
352 535 41 75 go
420 535 36 75 to
481 535 54 75 the
560 535 49 75 fat
635 535 41 75 of
702 535 56 75 the
783 535 149 75 kidneys.
989 535 198 75 Sometimes'

142 582 80 75 they
244 582 91 75 come
361 582 87 75 from
472 582 56 75 the
553 582 99 75 trunk
674 582 41 75 of
734 582 56 75 the
814 582 139 75 cssliaca.
1002 582 77 75 The
1096 582 88 75 right

143 626 143 75 capfular
302 626 109 75 artery
424 626 106 75 comes
542 626 82 75 molt
635 626 184 75 commonly
832 626 84 75 from
930 626 56 75 the
1004 626 117 75 arteria
1134 626 48 75 re-

141 676 82 75 nalis
241 676 40 75 of
298 676 56 75 the
371 676 82 75 fame
470 676 76 75 fide,
572 676 76 75 near
663 676 43 75 its
723 676 104 75 origin
837 676 11 75 j
875 676 56 75 the
947 676 61 75 left
1026 676 84 75 from
1128 676 55 75 the

144 721 104 75 aorta,
273 721 102 75 above
392 721 55 75 the
464 721 130 75 renalis.

190 767 78 75 The
283 767 169 75 fpermatic
469 767 133 75 arteries
628 767 54 75 are
700 767 184 75 commonly
896 767 68 75 two
987 767 31 75 in
1036 767 146 75 number,

145 813 182 75 fometimes
348 813 103 75 more.
499 813 101 75 They
624 813 53 75 are
694 813 78 75 very
788 813 104 75 fmall,
917 813 63 75 and
997 813 41 75 go
1055 813 57 75 out
1130 813 55 75 an-

146 860 135 75 teriorly
299 860 85 75 from
400 860 55 75 the
473 860 91 75 aorta
579 860 193 75 defeendens
789 860 147 75 inferior,
962 860 76 75 near
1053 860 78 75 each
1149 860 37 75 o-

147 907 87 75 t-her,
259 907 98 75 about
375 907 18 75 a
409 907 128 75 finger’s
562 907 134 75 breadth
718 907 103 75 below
838 907 56 75 the
915 907 122 75 arteriae
1050 907 136 75 renales,

148 953 144 75 between
321 953 56 75 the
404 953 67 75 two
499 953 227 75 mefentericx,
751 953 38 75 or
817 953 145 75 between
990 953 56 75 the
1064 953 124 75 renales

148 1000 65 75 and
230 1000 214 75 mefentericx
461 1000 182 75 inferiores.

197 1045 100 75 They
313 1045 77 75 fend
407 1045 51 75 off
471 1045 34 75 to
522 1045 55 75 the
591 1045 146 75 common
751 1045 182 75 membrane
951 1045 39 75 of
1002 1045 55 75 the
1069 1045 122 75 kidney

149 1092 91 75 fmall
256 1092 169 75 branches,
452 1092 115 75 named
590 1092 134 75 arteria
739 1092 136 75 adipofa
885 1092 6 75 -
891 1092 5 75 ,
923 1092 61 75 and
1001 1092 189 75 afterwards

151 1140 79 75 they
246 1140 58 75 run
322 1140 95 75 down
436 1140 83 75 upon
537 1140 55 75 the
618 1140 91 75 pfoas
734 1140 146 75 mufclcs,
906 1140 41 75 on
968 1140 55 75 the
1039 1140 151 75 fore-fide

151 1187 41 75 of
210 1187 56 75 the
283 1187 137 75 ureters,
445 1187 145 75 between
614 1187 55 75 the
694 1187 67 75 two
788 1187 123 75 laminse
935 1187 40 75 of
994 1187 55 75 the
1072 1187 119 75 perito-

150 1232 118 75 Kxum.

199 1279 100 75 They
314 1279 72 75 give
402 1279 119 75 feveral
538 1279 216 75 confiderable
775 1279 157 75 branches
949 1279 35 75 to
1001 1279 55 75 the
1073 1279 120 75 perito-

152 1327 116 75 neum,
294 1327 61 75 and
373 1327 232 75 communicate
626 1327 79 75 both
722 1327 80 75 with
827 1327 55 75 the
900 1327 212 75 mefentericx
1130 1327 63 75 and

154 1373 149 75 adipofx.
350 1373 100 75 They
460 1373 139 75 likewife
611 1373 76 75 fend
699 1373 90 75 fmall
798 1373 132 75 arteries
943 1373 36 75 to
987 1373 56 75 the
1055 1373 138 75 ureters.

203 1418 219 75 Afterwards,
448 1418 80 75 they
544 1418 71 75 pafs
643 1418 33 75 in
701 1418 73 75 men
790 1418 143 75 through
951 1418 55 75 the
1021 1418 173 75 tendinous

156 1466 152 75 Openings
331 1466 40 75 of
392 1466 56 75 the
473 1466 182 75 abdominal
673 1466 132 75 mufcles
822 1466 31 75 in
878 1466 55 75 the
951 1466 111 75 vagina
1078 1466 41 75 of
1137 1466 56 75 the

154 1512 221 75 peritoneum,
401 1512 63 75 and
488 1512 53 75 are
566 1512 187 75 diftributed
771 1512 35 75 to
824 1512 55 75 the
896 1512 137 75 tellicles
1051 1512 63 75 and
1126 1512 67 75 epi-

157 1559 152 75 didymis,
334 1559 109 75 where
459 1559 79 75 they
562 1559 232 75 communicate
809 1559 79 75 with
906 1559 18 75 a
942 1559 119 75 branch
1078 1559 38 75 of
1138 1559 55 75 the

156 1606 93 75 iliaca
266 1606 147 75 externa.

204 1653 38 75 In
260 1653 123 75 women
407 1653 81 75 they
511 1653 44 75 do
579 1653 57 75 not
662 1653 42 75 go
728 1653 58 75 out
810 1653 40 75 of
870 1653 56 75 the
942 1653 168 75 abdomen,
1135 1653 58 75 but

159 1700 53 75 are
229 1700 189 75 difixibuted
441 1700 36 75 to
497 1700 57 75 the
579 1700 109 75 ovaria
712 1700 62 75 and
790 1700 122 75 uterus,
938 1700 62 75 and
1017 1700 177 75 communi-

159 1746 70 75 cate
247 1746 78 75 with
343 1746 154 75 branches
510 1746 40 75 of
561 1746 55 75 the
629 1746 232 75 hypogallrica,
887 1746 33 75 at
938 1746 54 75 the
1001 1746 120 75 jagged
1133 1746 59 75 ex-

159 1792 157 75 tremities
334 1792 39 75 of
385 1792 55 75 the
458 1792 82 75 tubx
558 1792 207 75 Fallopianx.

207 1838 77 75 The
299 1838 125 75 lumbar
440 1838 131 75 arteries
587 1838 43 75 go
654 1838 57 75 out
734 1838 189 75 pofteriorly
939 1838 85 75 from
1042 1838 55 75 the
1111 1838 83 75 infe-

161 1885 66 75 rior
243 1885 191 75 defeending
451 1885 103 75 aorta,
578 1885 32 75 in
622 1885 61 75 five
696 1885 38 75 or
750 1885 46 75 fix
810 1885 95 75 pairs,
931 1885 37 75 or
979 1885 101 75 more,
1098 1885 97 75 much

160 1932 34 75 in
210 1932 56 75 the
278 1932 84 75 fame
378 1932 131 75 manner
524 1932 79 75 with
616 1932 55 75 the
687 1932 212 75 intercofials.

209 1978 99 75 They
324 1978 73 75 may
409 1978 41 75 be
467 1978 129 75 divided
608 1978 69 75 into
693 1978 142 75 fuperior
848 1978 62 75 and
925 1978 145 75 inferior.
1118 1978 77 75 The

163 2023 142 75 fuperior
321 2023 76 75 fend
413 2023 89 75 final)
520 2023 154 75 branches
688 2023 36 75 to
738 2023 57 75 the
811 2023 231 75 neighbouring
1058 2023 88 75 parts
1162 2023 40 75 of

163 2071 56 75 the
246 2071 188 75 diaphragm
457 2071 62 75 and
543 2071 181 75 intercoftal
746 2071 148 75 tnufeles,
920 2071 61 75 and
1005 2071 113 75 fupply
1141 2071 56 75 the

164 2118 89 75 place
270 2118 40 75 of
329 2118 270 75 feini-intercoftal
617 2118 145 75 arteries.

212 2163 99 75 They
327 2163 54 75 are
396 2163 187 75 diftributed
600 2163 40 75 on
653 2163 77 75 each
748 2163 63 75 fide
827 2163 35 75 to
880 2163 53 75 the
950 2163 89 75 pfoas
1051 2163 147 75 mufcles,

166 2210 34 75 to
217 2210 56 75 the
289 2210 149 75 quadrati
455 2210 194 75 lumborum,
675 2210 63 75 and
754 2210 35 75 to
805 2210 55 75 the
877 2210 130 75 oblique
1019 2210 62 75 and
1098 2210 100 75 tranf-

165 2257 88 75 verfe
277 2257 134 75 mufcles
431 2257 40 75 of
490 2257 55 75 the
569 2257 179 75 abdomen;
775 2257 63 75 and
862 2257 43 75 by
926 2257 197 75 perforating
1144 2257 57 75 the

166 2303 131 75 oblique
313 2303 146 75 mufcles,
484 2303 79 75 they
589 2303 132 75 become
737 2303 144 75 external
899 2303 201 75 hypogaftric
1116 2303 84 75 arte-

165 2350 77 75 ries.
289 2350 98 75 They
401 2350 42 75 go
455 2350 138 75 likewife
609 2350 36 75 to
665 2350 55 75 the
737 2350 159 75 vertebral
914 2350 146 75 mufcles,
1084 2350 61 75 and
1162 2350 37 75 to

167 2396 56 75 the
234 2396 118 75 bodies
378 2396 40 75 of
437 2396 55 75 the
519 2396 169 75 vertebrx,
713 2396 63 75 and
803 2396 91 75 enter
917 2396 56 75 the
997 2396 100 75 fpinal
1109 2396 91 75 canal

168 2442 142 75 through
336 2442 54 75 the
417 2442 114 75 lateral
556 2442 145 75 notches,
726 2442 35 75 to
787 2442 41 75 go
853 2442 35 75 to
912 2442 54 75 the
990 2442 211 75 membranes,

170 2488 64 75 tire,
259 2488 142 75 forming
422 2488 87 75 rings
533 2488 96 75 much
653 2488 32 75 in
710 2488 56 75 the
791 2488 83 75 fame
899 2488 130 75 manner
1050 2488 79 75 with
1146 2488 56 75 the

168 2535 211 75 iptercoftals.

217 2582 76 75 The
318 2582 122 75 arterix
468 2582 93 75 facrx
587 2582 42 75 go
656 2582 57 75 out
741 2582 184 75 commonly
947 2582 85 75 from
1048 2582 56 75 the
1120 2582 83 75 back

170 2629 71 75 part
258 2629 40 75 of
316 2629 56 75 the
387 2629 132 75 inferior
536 2629 192 75 defeending
744 2629 103 75 aorta,
873 2629 32 75 at
921 2629 57 75 the
993 2629 208 75 bifurcation.

171 2676 97 75 They
286 2676 54 75 are
357 2676 78 75 two,
460 2676 105 75 three,
582 2676 38 75 or
635 2676 74 75 four
724 2676 33 75 in
774 2676 145 75 number,
944 2676 63 75 and
1023 2676 179 75 fometimes

146 2722 3 75 ,
171 2722 58 75 but
246 2722 74 75 one.
368 2722 100 75 They
492 2722 53 75 are
565 2722 145 75 ramified
734 2722 41 75 on
796 2722 55 75 the
868 2722 35 75 os
921 2722 134 75 facrum,
1081 2722 62 75 and
1159 2722 41 75 on

173 2769 54 75 the
255 2769 231 75 neighbouring
514 2769 86 75 parts
629 2769 41 75 of
700 2769 55 75 the
777 2769 220 75 peritonxum,
1023 2769 180 75 inteftinum

173 2814 131 75 recShim,
332 2814 59 75 fat,
411 2814 63 75 be.
493 2814 62 75 and
567 2814 89 75 enter
667 2814 54 75 the
735 2814 89 75 canal
837 2814 39 75 of
884 2814 69 75 that
965 2814 82 75 bone
1060 2814 141 75 through

173 2860 56 75 the
241 2860 140 75 arcerior
391 2860 104 75 holes,
508 2860 93 75 being
614 2860 90 75 there
713 2860 186 75 dillributed
908 2860 124 75 towaid
1041 2860 76 75 each
1128 2860 74 75 fide.

174 2907 98 75 They
287 2907 139 75 likewife
442 2907 76 75 fend
530 2907 88 75 fmall
639 2907 131 75 arteries
783 2907 34 75 to
837 2907 55 75 the
913 2907 88 75 large
1012 2907 141 75 fafciculi
1169 2907 41 75 of

174 2953 123 75 nerves,
323 2953 105 75 which
445 2953 42 75 go
499 2953 56 75 out
571 2953 140 75 through
725 2953 55 75 the
790 2953 91 75 holes
895 2953 45 75 of
945 2953 55 75 the
1015 2953 36 75 os
1068 2953 138 75 facrum^

174 3002 61 75 and
246 3002 78 75 they
339 3002 163 75 penetrate
519 3002 56 75 ths
592 3002 88 75 inner
695 3002 161 75 fubdance
871 3002 40 75 of
922 3002 70 75 that
1007 3002 96 75 bone.

1321 141 39 75 O
1478 141 49 75 M
1640 141 53 75 Y.

2069 141 99 75 Part
2199 141 65 75 III.

1277 203 76 75 The
1369 203 132 75 inferior
1517 203 192 75 defeending
1734 203 92 75 aorta
1850 203 78 75 ends
1954 203 33 75 at
2013 203 56 75 the
2092 203 57 75 laft
2164 203 109 75 verte-

1231 250 59 75 bra
1306 250 40 75 of
1365 250 56 75 the
1438 250 95 75 loins,
1560 250 61 75 and
1638 250 180 75 fometimes
1835 250 128 75 higher,
1989 250 31 75 in
2038 250 66 75 two
2121 250 88 75 large
2226 250 47 75 la-,

1233 297 80 75 teral
1331 297 170 75 branches,
1528 297 61 75 one
1606 297 41 75 on
1674 297 55 75 the
1746 297 89 75 right
1851 297 98 75 hand,
1975 297 57 75 the
2049 297 94 75 other
2159 297 42 75 on
2218 297 55 75 the

1232 343 73 75 left,
1336 343 103 75 called
1455 343 136 75 arteria
1607 343 109 75 iliaca
1729 343 12 75 ;
1768 343 78 75 each
1863 343 39 75 of
1922 343 104 75 which
2045 343 26 75 is
2089 343 18 75 a
2124 343 150 75 common

1233 391 97 75 trunk
1341 391 35 75 to
1388 391 66 75 two
1472 391 94 75 other
1586 391 132 75 arteries
1735 391 41 75 of
1795 391 55 75 the
1866 391 84 75 fame
1966 391 106 75 name.
2120 391 88 75 This
2225 391 51 75 hi-,

1233 437 158 75 furcation
1408 437 59 75 lies
1485 437 41 75 on
1549 437 55 75 the
1621 437 140 75 anterior
1778 437 64 75 and
1857 437 59 75 left
1932 437 63 75 fide
2011 437 40 75 of
2070 437 72 75 that
2159 437 40 75 of
2219 437 56 75 the

1233 485 80 75 vena
1330 485 89 75 cava.

1280 532 76 75 The
1373 532 160 75 primitive
1551 532 72 75 iliac
1636 532 133 75 arteries
1783 532 173 75 divaricate
1969 532 168 75 gradually
2150 532 32 75 as
2196 532 80 75 they

1236 578 148 75 defeend,
1395 578 178 75 advancing
1586 578 167 75 obliquely
1764 578 125 75 toward
1901 578 55 75 the
1969 578 139 75 anterior
2117 578 64 75 and
2194 578 79 75 low-

1236 625 33 75 er
1285 625 72 75 part
1374 625 40 75 of
1432 625 56 75 the
1505 625 64 75 olfa
1585 625 102 75 ilium,
1713 625 139 75 without
1869 625 63 75 any
1949 625 214 75 confiderable
2179 625 95 75 rami-

1237 671 126 75 fication
1381 671 53 75 for
1451 671 97 75 about
1574 671 56 75 the
1646 671 135 75 breadth
1800 671 40 75 of
1858 671 92 75 three
1966 671 132 75 fingers,
2124 671 115 75 except
2257 671 18 75 a

1236 719 63 75 few
1315 719 79 75 very
1409 719 90 75 fmall
1517 719 132 75 arteries
1667 719 70 75 that
1753 719 42 75 go
1812 719 35 75 to
1863 719 56 75 the
1936 719 36 75 os
1992 719 137 75 facrum.
2176 719 102 75 They

1235 765 140 75 likewife
1387 765 73 75 give
1470 765 90 75 fmall
1570 765 132 75 arteries
1714 765 35 75 to
1763 765 54 75 the
1833 765 220 75 peritonxum,
2072 765 35 75 to
2120 765 54 75 the
2187 765 92 75 coats

1236 812 41 75 of
1296 812 56 75 the
1367 812 103 75 veins,
1495 812 64 75 and
1583 812 36 75 to
1636 812 56 75 the
1709 812 48 75 fat
1769 812 61 75 and
1848 812 137 75 ureters.

1283 859 76 75 The
1378 859 85 75 right
1491 859 75 75 iliac
1593 859 96 75 trunk
1718 859 96 75 paffes
1843 859 65 75 firff
1932 859 42 75 on
2002 859 58 75 the
2087 859 134 75 forefide
2239 859 43 75 of

1239 905 55 75 the
1311 905 104 75 origin
1441 905 40 75 of
1499 905 56 75 the
1580 905 61 75 left
1669 905 73 75 iliac
1766 905 85 75 vein,
1877 905 63 75 and
1956 905 75 75 runs
2048 905 95 75 down
2160 905 42 75 on
2219 905 60 75 the

1240 952 133 75 forefide
1399 952 39 75 of
1457 952 57 75 the
1537 952 89 75 right
1650 952 85 75 vein,
1762 952 110 75 almofl:
1897 952 35 75 to
1948 952 55 75 the
2019 952 90 75 place
2127 952 107 75 where
2248 952 28 75 it

1240 999 76 75 goes
1333 999 57 75 out
1406 999 41 75 of
1465 999 56 75 the
1538 999 170 75 abdomen,
1733 999 42 75 its
1792 999 109 75 courfe
1918 999 95 75 being
2029 999 91 75 there
2136 999 143 75 diredted

1241 1045 88 75 more
1345 1045 172 75 inwardly.
1565 1045 78 75 The
1666 1045 61 75 left
1750 1045 98 75 trunk
1864 1045 76 75 goes
1957 1045 96 75 down
2069 1045 140 75 likewife
2222 1045 55 75 be-

1241 1092 70 75 fore
1328 1092 55 75 the
1400 1092 61 75 left
1476 1092 85 75 vein,
1586 1092 59 75 but
1660 1092 58 75 lies
1744 1092 18 75 a
1776 1092 85 75 little
1879 1092 125 75 toward
2020 1092 54 75 the
2091 1092 98 75 infide
2205 1092 32 75 as
2251 1092 27 75 it

1240 1139 105 75 leaves
1358 1139 54 75 the
1428 1139 170 75 abdomen.

1289 1184 113 75 About
1427 1184 90 75 three
1541 1184 118 75 fingers
1687 1184 134 75 breadth
1846 1184 85 75 from
1958 1184 84 75 their
2056 1184 117 75 origin,
2198 1184 79 75 each

1242 1230 73 75 iliac
1332 1230 96 75 trunk
1445 1230 26 75 is
1489 1230 130 75 divided
1630 1230 69 75 into
1711 1230 66 75 two
1790 1230 172 75 fecondary
1974 1230 145 75 arteries,
2145 1230 62 75 one
2217 1230 59 75 ex-

1243 1277 115 75 ternal,
1384 1277 56 75 the
1456 1277 94 75 other
1566 1277 149 75 internal.
1764 1277 78 75 The
1865 1277 147 75 external
2035 1277 106 75 artery
2161 1277 57 75 has
2235 1277 42 75 no

1244 1324 170 75 particular
1431 1324 112 75 name;
1570 1324 55 75 the
1641 1324 135 75 internal
1793 1324 27 75 is
1837 1324 124 75 termed
1977 1324 228 75 hypogajlrica.

1290 1372 76 75 The
1383 1372 146 75 external
1545 1372 93 75 iliaca
1665 1372 41 75 on
1724 1372 77 75 each
1819 1372 62 75 fide
1894 1372 74 75 runs
1985 1372 94 75 down
2098 1372 40 75 on
2155 1372 55 75 the
2225 1372 52 75 ili-

1244 1418 37 75 ac
1295 1418 119 75 mufcle
1442 1418 34 75 to
1503 1418 56 75 the
1582 1418 207 75 ligamentum
1818 1418 151 75 Fallopii,
1995 1418 100 75 under
2118 1418 105 75 which
2251 1418 27 75 it

1245 1465 76 75 goes
1336 1465 56 75 out
1416 1465 40 75 of
1474 1465 55 75 the
1558 1465 170 75 abdomen.
1777 1465 38 75 In
1844 1465 63 75 this
1933 1465 121 75 courfe,
2079 1465 26 75 it
2127 1465 88 75 gives
2232 1465 53 75 off

1242 1512 79 75 only
1338 1512 19 75 a
1369 1512 67 75 few
1459 1512 90 75 finall
1574 1512 131 75 arteries
1725 1512 35 75 to
1785 1512 56 75 the
1858 1512 219 75 peritonxum,
2103 1512 61 75 and
2184 1512 95 75 other

1243 1559 88 75 parts
1348 1559 75 75 near
1439 1559 51 75 it;
1516 1559 59 75 but
1592 1559 33 75 as
1642 1559 25 75 it
1686 1559 100 75 paffes
1798 1559 59 75 out
1871 1559 41 75 of
1931 1559 55 75 tfie
2004 1559 157 75 abdomen
2178 1559 103 75 under

1244 1607 54 75 the
1310 1607 165 75 ligament,
1500 1607 26 75 it
1544 1607 151 75 detaches
1712 1607 65 75 two
1795 1607 213 75 confiderable
2023 1607 169 75 branches,
2218 1607 61 75 one

1243 1654 149 75 internal,
1417 1654 56 75 the
1489 1654 94 75 other
1599 1654 158 75 external.

1290 1701 78 75 The
1383 1701 135 75 internal
1535 1701 119 75 branch
1671 1701 29 75 is
1716 1701 112 75 named
1840 1701 130 75 arieria
1986 1701 204 75 epigajlrica,
2216 1701 66 75 and

1244 1747 76 75 goes
1338 1747 57 75 out
1408 1747 173 75 anteriorly
1591 1747 83 75 from
1686 1747 55 75 the
1753 1747 144 75 external
1907 1747 105 75 iliaca.
2053 1747 98 75 From
2164 1747 117 75 thence

1244 1792 25 75 it
1287 1792 74 75 runs
1378 1792 165 75 obliquely
1561 1792 129 75 upward
1707 1792 41 75 on
1765 1792 55 75 the
1839 1792 118 75 tendon
1975 1792 40 75 of
2034 1792 56 75 the
2105 1792 174 75 tranfverfe

1245 1840 118 75 mufcle
1380 1840 139 75 towards
1537 1840 54 75 the
1608 1840 154 75 poflerior
1778 1840 72 75 part
1865 1840 41 75 of
1925 1840 55 75 the
1996 1840 118 75 reftus.

1292 1886 202 75 Afterwards
1514 1886 55 75 the
1586 1886 164 75 epigaftric
1766 1886 108 75 artery
1890 1886 74 75 runs
1981 1886 42 75 up
2040 1886 95 75 along
2151 1886 54 75 the
2222 1886 57 75 po-

1245 1931 112 75 fterior
1373 1931 37 75 or
1420 1931 90 75 inner
1526 1931 64 75 fide
1615 1931 40 75 of
1674 1931 64 75 this
1756 1931 129 75 mufcle,
1910 1931 132 75 fending
2054 1931 224 75 ramifications

1246 1978 35 75 to
1304 1978 55 75 the
1387 1978 135 75 tendons
1551 1978 41 75 of
1609 1978 56 75 the
1692 1978 234 75 neighbouring
1953 1978 147 75 mufcles,
2125 1978 65 75 be.
2216 1978 64 75 and

1247 2023 77 75 then
1342 2023 80 75 lofes
1439 2023 89 75 itfelf
1539 2023 44 75 by
1608 2023 18 75 a
1650 2023 72 75 true
1747 2023 200 75 anaftomofis
1966 2023 41 75 of
2024 2023 118 75 feveral
2159 2023 118 75 ramifi-

1248 2071 136 75 cations,
1408 2071 81 75 with
1504 2071 55 75 the
1582 2071 186 75 mammaria
1787 2071 138 75 interna.

1295 2118 78 75 The
1389 2118 144 75 external
1550 2118 122 75 branch
1697 2118 40 75 of
1756 2118 61 75 the
1828 2118 94 75 outer
1936 2118 92 75 iliaca
2044 2118 77 75 goes
2138 2118 52 75 off
2199 2118 81 75 late-

1249 2164 83 75 rally
1348 2164 85 75 from
1458 2164 56 75 the
1531 2164 121 75 outfide
1668 2164 41 75 of
1728 2164 70 75 that
1816 2164 108 75 artery
1939 2164 102 75 under
2056 2164 55 75 the
2127 2164 153 75 ligamen-

1252 2211 68 75 tum
1337 2211 149 75 Fallopii,
1512 2211 63 75 and
1601 2211 85 75 from
1703 2211 114 75 thence
1834 2211 35 75 to
1892 2211 56 75 the
1964 2211 135 75 internal
2115 2211 119 75 labium
2245 2211 42 75 of

1251 2259 55 75 the
1322 2259 36 75 os
1375 2259 102 75 ilium,
1503 2259 106 75 where
1625 2259 26 75 it
1678 2259 121 75 divides
1823 2259 68 75 into
1914 2259 80 75 two,
2018 2259 62 75 and
2096 2259 26 75 is
2139 2259 145 75 ramified

1252 2304 42 75 on
1317 2304 62 75 tha
1403 2304 130 75 oblique
1561 2304 62 75 and
1649 2304 174 75 tranfverfe
1850 2304 134 75 mufcles
2001 2304 41 75 of
2053 2304 55 75 the
2125 2304 156 75 abdomen

1253 2351 266 75 communicating
1535 2351 77 75 with
1631 2351 55 75 the
1703 2351 115 75 arteria
1832 2351 165 75 lumbaris.

1300 2398 128 75 Befides
1444 2398 87 75 thefe
1558 2398 65 75 two
1647 2398 167 75 branches,
1838 2398 56 75 the
1911 2398 145 75 external
2084 2398 94 75 iliaca
2193 2398 88 75 gives

1254 2445 50 75 off
1316 2445 19 75 a
1350 2445 89 75 fmall
1457 2445 103 75 ramus
1577 2445 182 75 internally,
1784 2445 101 75 under
1908 2445 55 75 the
1985 2445 165 75 ligament,
2174 2445 107 75 which

1254 2491 75 75 runs
1341 2491 35 75 to
1393 2491 55 75 the
1464 2491 114 75 vagina
1593 2491 42 75 of
1652 2491 56 75 the
1717 2491 167 75 fpermatic
1901 2491 76 75 rope
1991 2491 10 75 ;
2029 2491 62 75 and
2102 2491 178 75 fometimes

1253 2537 136 75 another
1399 2537 87 75 fmall
1505 2537 78 75 twig
1602 2537 76 75 goes
1694 2537 84 75 from
1795 2537 56 75 the
1867 2537 119 75 outfide
2003 2537 35 75 to
2054 2537 55 75 the
2126 2537 35 75 os
2176 2537 106 75 ilium.

1300 2583 76 75 The
1392 2583 135 75 internal
1543 2583 93 75 iliaca
1651 2583 38 75 or
1704 2583 233 75 hypogaflrica,
1961 2583 117 75 having
2088 2583 58 75 run
2164 2583 17 75 a
2197 2583 85 75 little

1254 2631 88 75 more
1354 2631 76 75 than
1448 2631 18 75 a
1477 2631 128 75 finger’s
1618 2631 136 75 breadth
1767 2631 122 75 inward
1901 2631 62 75 and
1975 2631 181 75 backward,
2181 2631 100 75 bends

1252 2676 43 75 by
1312 2676 90 75 fmall
1418 2676 132 75 degrees
1567 2676 167 75 obliquely
1750 2676 153 75 forward,
1930 2676 61 75 and
2004 2676 123 75 toward
2139 2676 53 75 the
2208 2676 74 75 out-

1254 2723 61 75 fide
1325 2723 11 75 ;
1362 2723 62 75 and
1436 2723 187 75 afterwards
1636 2723 197 75 contrafling
1845 2723 31 75 in
1888 2723 41 75 its
1942 2723 199 75 dimenfions,
2166 2723 26 75 it
2204 2723 77 75 end$

1254 2770 32 75 in
1303 2770 55 75 the
1374 2770 161 75 umbilical
1558 2770 120 75 artery,
1703 2770 107 75 which
1835 2770 100 75 ought
1959 2770 35 75 to
2010 2770 39 75 be
2065 2770 118 75 looked
2198 2770 85 75 upon

1255 2817 33 75 as
1306 2817 19 75 a
1340 2817 71 75 true
1435 2817 218 75 continuation
1670 2817 40 75 of
1729 2817 55 75 the
1807 2817 98 75 trunk
1921 2817 41 75 of
1980 2817 55 75 the
2050 2817 231 75 hypogaftrica*.

1301 2863 84 75 This
1403 2863 116 75 arteria
1542 2863 188 75 umbilicalis
1759 2863 128 75 afeends
1915 2863 41 75 on
1991 2863 54 75 the
2076 2863 63 75 fide
2167 2863 41 75 of
2227 2863 56 75 the

1253 2909 147 75 bladder,
1424 2909 63 75 and
1502 2909 118 75 having
1636 2909 155 75 detached
1807 2909 90 75 fmall
1915 2909 79 75 rami
2009 2909 48 75 ;to
2080 2909 71 75 that
2180 2909 101 75 vifeus

1255 2956 62 75 and
1339 2956 36 75 to
1390 2956 55 75 the
1462 2956 230 75 neighbouring
1708 2956 87 75 parts
1823 2956 41 75 of
1885 2956 57 75 the
1969 2956 221 75 peritonxum,
2216 2956 64 75 be.

1254 3003 24 75 it
1295 3003 171 75 contrafls,
1490 3003 63 75 and
1567 3003 33 75 in
1618 3003 104 75 adults
1739 3003 27 75 is
1784 3003 89 75 quite
1902 3003 106 75 clofed
2035 3003 42 75 up
2102 3003 100 75 above
2226 3003 55 75 the

2163 3052 121 75 middle
