2397 3387
494 138 205 75 BIB

1076 138 17 75 (
1152 138 83 75 547
1295 138 17 75 )

1701 138 209 75 BIB

179 212 165 75 Prideaux
366 212 26 75 is
418 212 40 75 of
477 212 130 75 opinion
633 212 70 75 that
731 212 89 75 Ezra
845 212 92 75 made
960 212 159 75 additions
1135 212 33 75 in

130 259 124 75 feveral
268 259 86 75 parts
372 259 40 75 of
424 259 55 75 the
495 259 107 75 Bible,
629 259 107 75 where
753 259 60 75 any
830 259 92 75 thing
939 259 156 75 appeared
1112 259 53 75 ne-

131 306 118 75 ceflary
267 306 52 75 for
347 306 202 75 illuftrating,
582 306 198 75 conne&ing,
805 306 38 75 or
870 306 213 75 compleating
1111 306 55 75 the

130 353 110 75 work;
256 353 31 75 in
300 353 104 75 which
416 353 41 75 he
470 353 130 75 appears
609 353 34 75 to
652 353 80 75 have
743 353 80 75 been
835 353 116 75 affifted
965 353 42 75 by
1019 353 54 75 the
1082 353 86 75 fame

130 399 88 75 fpirit
234 399 32 75 in
284 399 104 75 which
405 399 78 75 they
495 399 85 75 were
597 399 64 75 firft
678 399 140 75 written.
843 399 130 75 Among
986 399 75 75 fuch
1074 399 91 75 addi-

130 446 155 75 tions~are
299 446 35 75 to
351 446 39 75 be
403 446 160 75 reckoned
579 446 55 75 the
645 446 57 75 laft
714 446 130 75 chapter
855 446 40 75 of
907 446 257 75 Deuteronomy,

130 493 139 75 wherein
285 493 111 75 Mofes
413 493 98 75 feems
526 493 34 75 to
573 493 72 75 give
658 493 38 75 an
710 493 134 75 account
864 493 39 75 of
915 493 48 75 his
981 493 73 75 own
1067 493 97 75 death

129 539 62 75 and
208 539 114 75 burial,
348 539 63 75 and
428 539 54 75 the
506 539 164 75 fucceffion
687 539 40 75 of
738 539 119 75 Jofhua
877 539 83 75 after
979 539 80 75 him.
1109 539 56 75 To

128 586 55 75 the
200 586 84 75 fame
301 586 89 75 caufe
413 586 60 75 our
494 586 130 75 learned
640 586 114 75 author
771 586 108 75 thinks
895 586 54 75 are
965 586 34 75 to
1017 586 38 75 be
1073 586 91 75 attri-

129 633 98 75 buted
244 633 95 75 many
355 633 93 75 other
467 633 243 75 interpolations
726 633 32 75 in
775 633 55 75 the
847 633 107 75 Bible,
971 633 106 75 which
1095 633 68 75 cre-

129 680 75 75 ated
220 680 183 75 difficulties
420 680 63 75 and
498 680 177 75 objections
692 680 36 75 to
752 680 54 75 the
827 680 210 75 authenticity
1055 680 41 75 of
1107 680 56 75 the

128 726 110 75 facred
256 726 84 75 text,
357 726 42 75 no
415 726 86 75 ways
519 726 35 75 to
570 726 39 75 be
624 726 110 75 folved
746 726 136 75 without
894 726 149 75 allowing
1061 726 102 75 them;

128 773 90 75 Ezra
235 773 144 75 changed
395 773 54 75 the
475 773 106 75 names
605 773 40 75 of
663 773 117 75 feveral
809 773 106 75 places
944 773 105 75 which
1078 773 85 75 were

127 820 112 75 grown
256 820 154 75 obfolete,
428 820 64 75 and
502 820 119 75 inffead
637 820 41 75 of
689 820 87 75 them
791 820 56 75 put
860 820 85 75 their
957 820 71 75 new
1040 820 120 75 names,

126 866 45 75 by
188 866 105 75 which
308 866 79 75 they
404 866 84 75 were
506 866 77 75 then
600 866 116 75 called,
734 866 32 75 in
783 866 56 75 the
856 866 85 75 text.
973 866 97 75 Thus
1093 866 25 75 it
1135 866 26 75 is

123 912 73 75 that
211 912 166 75 Abraham
394 912 27 75 is
438 912 67 75 faid
517 912 34 75 to
567 912 82 75 have
665 912 136 75 purfued
817 912 56 75 the
889 912 94 75 kings
1000 912 74 75 who
1091 912 70 75 car-

123 960 70 75 ried
219 960 69 75 Lot
312 960 90 75 away
427 960 136 75 captive,
589 960 34 75 as
653 960 48 75 far
729 960 32 75 as
791 960 266 75 Danwhereas
1087 960 73 75 that

123 1006 90 75 place
229 1006 31 75 in
278 1006 139 75 Mofes’s
433 1006 76 75 time
534 1006 63 75 was
619 1006 104 75 called
746 1006 94 75 Laiffi
854 1006 10 75 ;
889 1006 56 75 the
963 1006 90 75 name
1073 1006 88 75 Dan,

123 1052 97 75 being
236 1052 160 75 unknown
412 1052 50 75 till
479 1052 56 75 the
550 1052 152 75 Danites,
727 1052 77 75 long
820 1052 83 75 after
930 1052 56 75 the
1011 1052 97 75 death
1126 1052 41 75 of

123 1099 124 75 Moles,
273 1099 150 75 poffeffed
439 1099 188 75 themfelves
644 1099 40 75 of
695 1099 39 75 it.

170 1145 76 75 The
263 1145 114 75 Jewiffi
403 1145 102 75 canon
534 1145 41 75 of
596 1145 154 75 fcripture
776 1145 65 75 was
869 1145 76 75 then
973 1145 116 75 fettled
1116 1145 45 75 by

122 1192 102 75 Ezra,
251 1192 54 75 yet
322 1192 56 75 not
407 1192 34 75 fo
466 1192 57 75 but
548 1192 71 75 that
647 1192 119 75 feveral
793 1192 171 75 variations
982 1192 80 75 have
1080 1192 79 75 been

121 1239 93 75 made
230 1239 32 75 in
280 1239 37 75 it.
367 1239 158 75 Malachi,
552 1239 53 75 for
626 1239 149 75 inftance,
803 1239 96 75 could
915 1239 55 75 not
988 1239 40 75 be
1051 1239 58 75 put
1126 1239 32 75 in

121 1287 57 75 the
195 1287 95 75 Bible
315 1287 42 75 by
374 1287 80 75 him,
480 1287 81 75 fince
580 1287 71 75 that
669 1287 136 75 prophet
820 1287 27 75 is
866 1287 138 75 allowed
1021 1287 35 75 ro
1076 1287 83 75 have

119 1333 87 75 lived
223 1333 84 75 after
324 1333 90 75 Ezra
428 1333 10 75 ;
466 1333 58 75 nor
549 1333 96 75 could
669 1333 183 75 Nehemiah
880 1333 39 75 be
947 1333 105 75 there,
1077 1333 83 75 firice

121 1377 140 75 mention
274 1377 27 75 is
314 1377 105 75 made,
437 1377 31 75 in
486 1377 71 75 that
572 1377 100 75 book,
691 1377 40 75 of
742 1377 134 75 Jaddus,
904 1377 34 75 as
955 1377 201 75 high-pried,

122 1424 62 75 and
201 1424 41 75 of
254 1424 120 75 Darius
392 1424 241 75 CodomannuS,
652 1424 33 75 as
703 1424 76 75 kihg
796 1424 39 75 of
846 1424 117 75 Perfia,
981 1424 75 75 who
1074 1424 84 75 were

121 1471 33 75 at
170 1471 75 75 lead
263 1471 38 75 an
318 1471 148 75 hundred
489 1471 93 75 years
609 1471 82 75 later
719 1471 78 75 than
826 1471 103 75 Ezra.
979 1471 32 75 It
1027 1471 75 75 may
1119 1471 39 75 be

121 1518 117 75 added,
257 1518 69 75 that
343 1518 30 75 in
392 1518 55 75 the
463 1518 65 75 fird
544 1518 88 75 book
645 1518 40 75 of
692 1518 204 75 Chronicles,
914 1518 55 75 the
982 1518 177 75 genealogy

120 1565 43 75 of
173 1565 55 75 the
244 1565 71 75 fons
332 1565 41 75 of
385 1565 200 75 Zerubbabel
597 1565 31 75 is
637 1565 122 75 carried
771 1565 94 75 down
878 1565 53 75 for
946 1565 33 75 fo
992 1565 95 75 many
1103 1565 55 75 ge-

120 1611 161 75 nerations
299 1611 33 75 as
348 1611 80 75 mud
444 1611 183 75 necedarily
642 1611 93 75 bring
751 1611 25 75 it
794 1611 35 75 to
841 1611 55 75 the
914 1611 75 75 time
1007 1611 41 75 of
1055 1611 103 75 Alex-

120 1657 112 75 ander,
251 1657 61 75 and
329 1657 228 75 confequently
573 1657 64 75 this
653 1657 86 75 book
756 1657 96 75 could
867 1657 57 75 not
936 1657 39 75 be
984 1657 32 75 in
1033 1657 55 75 the
1105 1657 53 75 ca-

119 1703 63 75 non
199 1703 32 75 in
248 1703 117 75 Ezra’s
383 1703 92 75 days.
524 1703 32 75 It
581 1703 27 75 is
632 1703 165 75 probable,
823 1703 56 75 the
904 1703 66 75 two
995 1703 101 75 books
1122 1703 41 75 of

121 1750 203 75 Chronicles,
342 1750 103 75 Ezra,
462 1750 195 75 Nehcmiah,
675 1750 129 75 Edher,
823 1750 64 75 and
896 1750 157 75 Malachi,
1071 1750 86 75 were

120 1796 139 75 adopted
276 1796 68 75 into
360 1796 55 75 the
436 1796 94 75 Bible
538 1796 38 75 .in
595 1796 53 75 the
666 1796 77 75 time
755 1796 40 75 of
809 1796 110 75 Simon
933 1796 55 75 the
1001 1796 80 75 Jud,
1100 1796 57 75 the

119 1844 58 75 lad
194 1844 40 75 of
244 1844 56 75 the
314 1844 71 75 men
409 1844 40 75 of
461 1844 55 75 the
532 1844 89 75 great
638 1844 194 75 fynagogue.

167 1890 47 75 As
233 1890 54 75 the
304 1890 86 75 Jews
411 1890 84 75 were
512 1890 77 75 very
606 1890 169 75 backward
792 1890 32 75 in
843 1890 117 75 having
977 1890 61 75 any
1054 1890 98 75 inter-

120 1937 108 75 courfe
239 1937 79 75 with
331 1937 168 75 drangers,
509 1937 26 75 it
544 1937 63 75 was
620 1937 18 75 a
650 1937 77 75 long
738 1937 77 75 time
828 1937 109 75 before
950 1937 84 75 their
1046 1937 110 75 facred

118 1984 101 75 books
237 1984 87 75 came
349 1984 34 75 to
398 1984 41 75 be
455 1984 116 75 known
590 1984 61 75 and
668 1984 77 75 read
760 1984 32 75 in
809 1984 94 75 other
919 1984 139 75 nations.
1095 1984 43 75 Jo

117 2029 114 75 fephus
249 2029 135 75 afcribes
401 2029 54 75 the
472 2029 85 75 little
577 2029 70 75 that
663 2029 27 75 is
711 2029 65 75 faid
801 2029 40 75 of
860 2029 55 75 the
933 2029 88 75 Jews
1037 2029 42 75 by
1096 2029 56 75 pa-

119 2075 59 75 gan
196 2075 124 75 writers
337 2075 35 75 to
388 2075 78 75 this,
491 2075 70 75 that
574 2075 54 75 the
644 2075 97 75 latter
757 2075 63 75 had
837 2075 41 75 no
894 2075 209 75 opportunity
1119 2075 40 75 of

119 2120 95 75 being
242 2120 190 75 acquainted
456 2120 79 75 with
564 2120 83 75 their
673 2120 181 75 hidorians,
879 2120 52 75 for
959 2120 84 75 want
1071 2120 42 75 of
1134 2120 20 75 a

118 2168 184 75 tranflation
319 2168 40 75 of
378 2168 83 75 their
484 2168 100 75 books
602 2168 69 75 into
686 2168 55 75 the
758 2168 112 75 Greek
885 2168 168 75 language.
1103 2168 48 75 A-

118 2215 107 75 rideas
242 2215 115 75 indeed
373 2215 162 75 pretends,
561 2215 71 75 that
655 2215 91 75 there
762 2215 65 75 was
844 2215 39 75 ah
900 2215 164 75 imperfeCI
1082 2215 71 75 ver-

118 2261 63 75 don
199 2261 41 75 of
250 2261 55 75 the
319 2261 169 75 fcriptures
504 2261 110 75 before
631 2261 55 75 the
703 2261 77 75 time
803 2261 40 75 of
863 2261 186 75 Demetrius
1066 2261 86 75 Pha-

116 2307 126 75 Jereus;
261 2307 62 75 and
335 2307 71 75 that
418 2307 231 75 Theopompus
666 2307 165 75 intending
843 2307 37 75 to
890 2307 96 75 infert
1003 2307 19 75 a
1033 2307 71 75 part
1115 2307 42 75 of

118 2354 89 75 them
232 2354 33 75 in
290 2354 48 75 his
361 2354 116 75 verfes,
502 2354 64 75 was
585 2354 154 75 deprived
755 2354 40 75 of
815 2354 48 75 bis
880 2354 268 75 underdanding/,

117 2401 58 75 but
192 2401 41 75 of
244 2401 65 75 this
326 2401 92 75 there
433 2401 27 75 is
478 2401 42 75 no
536 2401 120 75 proof..

164 2446 76 75 The
254 2446 98 75 Jews,
378 2446 85 75 upon
476 2446 84 75 their
576 2446 108 75 return
701 2446 84 75 from
798 2446 54 75 the
865 2446 194 75 Babyloniffi
1077 2446 77 75 cap-

118 2492 108 75 tivity,
251 2492 118 75 having
385 2492 139 75 brought
537 2492 78 75 with
633 2492 87 75 them
737 2492 84 75 their
837 2492 158 75 Chaldaic
1011 2492 37 75 or
1057 2492 94 75 Affy-

118 2540 68 75 rian
198 2540 168 75 language,
379 2540 105 75 which
496 2540 82 75 from
597 2540 70 75 that
684 2540 76 75 time
773 2540 129 75 became
914 2540 84 75 their
1009 2540 142 75 mother-

117 2586 130 75 tongue,
272 2586 80 75 gave
369 2586 87 75 birth
474 2586 34 75 to
525 2586 55 75 the
597 2586 145 75 Chaldee
758 2586 212 75 trandutions,
987 2586 39 75 or
1042 2586 122 75 rather,

114 2632 206 75 paraphrafes
334 2632 40 75 of
385 2632 54 75 the
454 2632 228 75 Bible,.called
696 2632 157 75 Targum.
880 2632 61 75 See
958 2632 190 75 Targum.

165 2679 103 75 Greek
285 2679 135 75 Bible.
454 2679 32 75 It
503 2679 27 75 is
548 2679 18 75 a
577 2679 117 75 mattey
705 2679 40 75 of
757 2679 122 75 difpute
891 2679 116 75 among
1019 2679 133 75 authors

115 2725 145 75 whether
273 2725 91 75 there
380 2725 65 75 was
463 2725 16 75 a
495 2725 113 75 Greek
624 2725 120 75 verfion
761 2725 39 75 of
811 2725 55 75 the
884 2725 67 75 Old
962 2725 206 75 Tedament:

115 2772 89 75 more
221 2772 125 75 ancient
362 2772 78 75 than
457 2772 55 75 the
530 2772 201 75 Septuagint.
782 2772 61 75 See
861 2772 270 75 Septuagint.

164 2819 120 75 Before
300 2819 60 75 our
378 2819 162 75 Saviour’s
558 2819 90 75 time,
674 2819 90 75 there
782 2819 65 75 was
863 2819 42 75 no
921 2819 100 75 other
1032 2819 116 75 Greek

115 2865 121 75 verfion
254 2865 39 75 of
305 2865 56 75 the
381 2865 68 75 Old
466 2865 198 75 Tedament,
688 2865 119 75 befides
836 2865 70 75 that
934 2865 105 75 which
1065 2865 84 75 went

115 2911 102 75 under
233 2911 55 75 the
308 2911 90 75 name
416 2911 40 75 of
475 2911 55 75 the
548 2911 209 75 Septuagirit:
786 2911 66 75 But
880 2911 84 75 after
990 2911 55 75 the
1070 2911 78 75 eda-

116 2958 166 75 bliffiment
299 2958 40 75 of
358 2958 221 75 Chridianity,
595 2958 96 75 Lome
716 2958 132 75 authors
873 2958 181 75 undertook
1078 2958 72 75 new

113 3005 213 75 trandations,
351 3005 102 75 under
471 3005 161 75 pretence,
638 3005 41 75 of
697 3005 129 75 making
843 3005 89 75 them
957 3005 91 75 more
1072 3005 77 75 con-

1217 210 157 75 formable
1393 210 33 75 to
1444 210 54 75 the
1517 210 142 75 Hebrew
1676 210 83 75 text.
1809 210 76 75 The
1902 210 64 75 fird
1983 210 73 75 who
2074 210 185 75 performed

1215 256 63 75 thi
1295 256 105 75 defign
1421 256 63 75 was
1502 256 54 75 the
1569 256 115 75 Jewifh
1701 256 158 75 profelyte
1870 256 135 75 Aquila,
2023 256 40 75 of
2071 256 52 75 the
2138 256 25 75 c:
2171 256 5 75 -
2176 256 3 75 .
2221 256 41 75 of

1217 304 127 75 Synope
1355 304 174 75 inPontus,
1539 304 126 75 dilcipie
1677 304 34 75 to
1720 304 107 75 Rabbi
1833 304 125 75 Akiba,
1968 304 74 75 who
2051 304 51 75 pie
2120 304 20 75 it
2158 304 7 75 ;
2165 304 9 75 •
2196 304 59 75 ex-

1216 355 127 75 ecution
1356 355 54 75 the
1422 355 128 75 twelfth
1561 355 74 75 year
1643 355 40 75 of
1687 355 57 75 the
1751 355 147 75 emperor
1909 355 138 75 Adrian,
2076 355 24 75 -.
2114 355 139 75 D.[28.

1218 396 38 75 St
1269 396 198 75 Epiphanius
1486 396 161 75 pretends,
1672 396 70 75 that
1766 396 95 75 being
1880 396 299 75 excommunicated
2204 396 48 75 af-

1216 446 49 75 ter
1281 446 49 75 his
1347 446 196 75 converfion,
1569 446 51 75 for
1632 446 159 75 addiAing
1807 446 132 75 himfelf
1955 446 35 75 to
2002 446 135 75 judicial
2154 446 107 75 adro-

1215 489 89 75 logy,
1319 489 40 75 he
1374 489 45 75 fet
1437 489 98 75 about
1552 489 63 75 this
1633 489 120 75 verfion
1771 489 56 75 out
1844 489 40 75 of
1898 489 115 75 hatred
2030 489 34 75 to
2081 489 55 75 the
2153 489 97 75 Chri-

1215 537 105 75 dians,
1347 537 61 75 and
1426 537 77 75 with
1522 537 17 75 a
1556 537 124 75 wicked
1697 537 105 75 defign
1826 537 41 75 of
1879 537 185 75 corrupting
2081 537 55 75 the
2153 537 98 75 pada-

1214 584 55 75 ges
1290 584 40 75 of
1341 584 55 75 the
1413 584 151 75 prophets
1582 584 135 75 relating
1741 584 36 75 to
1801 584 91 75 Jefus
1911 584 120 75 Chrid.
2083 584 38 75 St
2139 584 111 75 Jerom

1214 631 82 75 fays,
1319 631 51 75 his
1388 631 120 75 verfion
1536 631 27 75 is
1589 631 92 75 made
1707 631 90 75 word
1820 631 52 75 for
1889 631 102 75 word,
2017 631 64 75 and
2097 631 76 75 with
2193 631 57 75 too

1212 678 184 75 fcrupulous
1417 678 20 75 a
1452 678 118 75 nicety.

1260 725 77 75 The
1353 725 117 75 fecond
1486 725 113 75 Greek
1615 725 119 75 verfion
1748 725 83 75 after
1848 725 55 75 the
1921 725 190 75 Septuagint
2135 725 25 75 is
2179 725 71 75 that

1213 771 40 75 of
1265 771 225 75 Symmachus,
1519 771 17 75 a
1561 771 180 75 Samaritan
1767 771 43 75 by
1835 771 100 75 birth,
1961 771 74 75 who
2051 771 64 75 fird
2133 771 118 75 turned

1214 817 82 75 Jew,
1323 817 77 75 then
1418 817 174 75 Chridian,
1617 817 62 75 and
1705 817 33 75 at
1759 817 55 75 lad
1831 817 165 75 Ebionite.
2043 817 58 75 He
2118 817 131 75 compo-

1213 864 54 75 fed
1283 864 37 75 it,
1346 864 172 75 according
1542 864 33 75 to
1593 864 211 75 Epiphanius,
1829 864 32 75 in
1879 864 55 75 the
1950 864 89 75 reign
2056 864 40 75 of
2108 864 55 75 the
2181 864 67 75 em-

1212 910 95 75 peror
1324 910 149 75 Severus.
1524 910 62 75 His
1603 910 120 75 verfion
1736 910 65 75 was
1814 910 88 75 more
1921 910 68 75 free
2002 910 76 75 than
2092 910 54 75 the
2161 910 83 75 red;

1213 957 51 75 for
1280 957 40 75 he
1338 957 125 75 applied
1482 957 130 75 himfelf
1623 957 115 75 chiefly
1755 957 35 75 to
1807 957 55 75 the
1878 957 98 75 fenfe,
1994 957 136 75 without
2147 957 101 75 tranf-

1211 1004 100 75 lating
1327 1004 90 75 word
1433 1004 51 75 for
1504 1004 111 75 word;
1634 1004 177 75 wherefore
1827 1004 51 75 his
1895 1004 119 75 verfion
2033 1004 106 75 comes
2156 1004 92 75 near-

1212 1050 34 75 er
1265 1050 52 75 the
1331 1050 190 75 Septuagint
1537 1050 77 75 than
1633 1050 69 75 that
1720 1050 40 75 of
1773 1050 132 75 Aquila.
1938 1050 78 75 The
2029 1050 88 75 third
2133 1050 114 75 Greek

1210 1098 120 75 verfion
1349 1098 25 75 is
1391 1098 72 75 that
1479 1098 34 75 of
1528 1098 211 75 Theodotion
1757 1098 39 75 of
1807 1098 158 75 Ephefus.
2015 1098 31 75 It
2068 1098 26 75 is
2117 1098 64 75 faid
2204 1098 45 75 he

1211 1144 64 75 was
1296 1144 18 75 a
1333 1144 130 75 difciple
1489 1144 40 75 of
1547 1144 163 75 Marcion,
1736 1144 62 75 and
1822 1144 83 75 that,
1933 1144 117 75 having
2073 1144 64 75 had
2160 1144 91 75 fome

1211 1193 172 75 difference
1401 1193 77 75 with
1497 1193 90 75 thofe
1612 1193 38 75 of
1667 1193 49 75 his
1738 1193 73 75 feft,
1837 1193 41 75 he
1903 1193 115 75 turned
2036 1193 84 75 Jew.
2169 1193 77 75 The

1210 1238 121 75 verfion
1348 1238 40 75 of
1399 1238 63 75 this
1481 1238 115 75 author
1614 1238 64 75 was
1696 1238 54 75 the
1767 1238 66 75 bed
1850 1238 39 75 of
1901 1238 55 75 the
1983 1238 104 75 three,
2114 1238 136 75 becaufe

1209 1284 40 75 he
1265 1284 77 75 kept
1359 1284 17 75 a
1388 1284 65 75 jud
1470 1284 139 75 medium
1626 1284 144 75 between
1792 1284 123 75 Aquila
1931 1284 62 75 and
2019 1284 242 75 Symmachus#,

1210 1330 56 75 not
1289 1330 159 75 confining
1464 1330 132 75 himfelf
1608 1330 33 75 fo
1658 1330 145 75 fervilely
1822 1330 33 75 to
1872 1330 55 75 the
1944 1330 96 75 letter
2058 1330 33 75 as
2108 1330 55 75 the
2179 1330 67 75 firft

1210 1378 67 75 did,
1303 1378 59 75 nor
1379 1378 183 75 wandering
1578 1378 34 75 fo
1625 1378 50 75 far
1691 1378 82 75 from
1787 1378 25 75 it
1829 1378 33 75 as
1880 1378 56 75 the
1953 1378 115 75 fecond
2080 1378 68 75 did.

1255 1425 112 75 There
1380 1425 95 75 were,
1493 1425 120 75 befides
1626 1425 100 75 thefe,
1744 1425 90 75 three
1851 1425 95 75 other
1962 1425 113 75 Greek
2092 1425 170 75 verfions,.

1209 1471 105 75 whofe
1331 1471 131 75 authors
1480 1471 53 75 are
1549 1471 173 75 unknown.

1256 1518 116 75 Syriac
1396 1518 138 75 Bible.
1580 1518 77 75 The
1687 1518 130 75 Syrians
1843 1518 81 75 have
1940 1518 31 75 in
1989 1518 84 75 their
2090 1518 155 75 language

1208 1563 18 75 a
1242 1563 123 75 verfion
1380 1563 39 75 of
1437 1563 55 75 the
1512 1563 69 75 Old
1595 1563 200 75 Tedament,
1822 1563 106 75 which
1957 1563 78 75 they
2051 1563 134 75 pretend
2209 1563 37 75 to

1209 1611 38 75 be
1260 1611 40 75 of
1306 1611 90 75 great
1413 1611 171 75 antiquity.
1634 1611 33 75 A
1684 1611 90 75 great
1791 1611 71 75 part
1880 1611 40 75 of
1927 1611 55 75 it,.
1992 1611 78 75 they
2086 1611 65 75 fay,
2178 1611 66 75 was

1208 1658 92 75 made
1316 1658 31 75 in
1367 1658 182 75 Solomon’s
1566 1658 91 75 time,
1682 1658 61 75 and
1760 1658 55 75 the
1831 1658 60 75 red
1907 1658 32 75 in
1953 1658 55 75 the
2024 1658 78 75 time
2121 1658 40 75 of
2172 1658 73 75 Ab-

1208 1705 93 75 garus
1319 1705 76 75 king
1412 1705 39 75 of
1467 1705 128 75 Edeffa.
1642 1705 101 75 1’hey
1759 1705 111 75 relate,
1895 1705 70 75 that
1987 1705 115 75 Hiram
2119 1705 76 75 king
2208 1705 41 75 of

1207 1752 91 75 Tyre
1322 1752 121 75 defired
1463 1752 154 75 Solomon
1639 1752 35 75 to
1698 1752 232 75 communieate
1959 1752 55 75 the
2039 1752 53 75 ufe
2120 1752 40 75 of
2179 1752 63 75 let-

1207 1798 65 75 ters
1289 1798 63 75 and
1368 1798 128 75 writing
1508 1798 38 75 to
1560 1798 55 75 the
1633 1798 145 75 Syrians,
1803 1798 63 75 and
1882 1798 37 75 to
1934 1798 54 75 get
2004 1798 170 75 tranflated
2191 1798 53 75 for

1204 1845 87 75 them
1308 1845 56 75 the
1379 1845 109 75 facred
1506 1845 101 75 books
1624 1845 40 75 of
1676 1845 54 75 the
1749 1845 157 75 Hebrews
1922 1845 10 75 ;
1958 1845 107 75 which
2084 1845 156 75 Solomon

1207 1892 158 75 complied
1391 1892 90 75 with,
1507 1892 63 75 and
1594 1892 67 75 fent
1690 1892 87 75 them
1802 1892 55 75 the
1873 1892 212 75 Pentateuch,
2110 1892 131 75 Jofhua,

1205 1938 135 75 Judges,
1366 1938 106 75 Ruth,
1499 1938 141 75 Samuel,
1665 1938 136 75 Pfalms,
1826 1938 173 75 Proverbs,
2024 1938 234 75 Ecclefiades,.

1207 1986 184 75 Solomon’s
1408 1986 100 75 Song,
1534 1986 63 75 and
1613 1986 77 75 Job,
1716 1986 106 75 which
1848 1986 85 75 were
1960 1986 55 75 the
2036 1986 77 75 only
2136 1986 104 75 books

1205 2032 75 75 then
1299 2032 112 75 extant
1423 2032 10 75 ;
1461 2032 56 75 the
1534 2032 173 75 remaining
1723 2032 101 75 books
1838 2032 39 75 of
1884 2032 167 75 fcripture,
2068 2032 78 75 they
2163 2032 75 75 add,

1205 2078 83 75 were
1308 2078 170 75 trandated
1494 2078 68 75 into
1576 2078 45 75 Sy
1626 2078 64 75 riac
1706 2078 91 75 after
1805 2078 56 75 the
1885 2078 96 75 death
1998 2078 39 75 of
2049 2078 121 75 Chrid,
2197 2078 44 75 by

1204 2124 55 75 tire
1276 2124 72 75 care
1364 2124 40 75 of
1416 2124 151 75 Abgarus
1584 2124 78 75 king
1677 2124 40 75 of
1727 2124 130 75 Edeffa.
1905 2124 66 75 But
1983 2124 65 75 this
2065 2124 135 75 account
2213 2124 26 75 is

1205 2172 117 75 looked
1338 2172 85 75 upon
1444 2172 32 75 as
1494 2172 160 75 fabulous.
1704 2172 32 75 It
1752 2172 27 75 is
1795 2172 84 75 true,
1906 2172 54 75 the
1984 2172 113 75 Syriac
2117 2172 121 75 verfion

1204 2218 104 75 which
1320 2218 49 75 we
1385 2218 81 75 have
1483 2218 72 75 now
1572 2218 79 75 mud
1667 2218 40 75 be
1724 2218 79 75 very
1818 2218 137 75 ancient,
1981 2218 80 75 fince
2072 2218 25 75 it
2110 2218 26 75 is
2148 2218 92 75 often
2256 2192 5 104 ■

1205 2264 85 75 cited
1302 2264 43 75 by
1361 2264 56 75 the
1434 2264 135 75 fathers.
1619 2264 53 75 Dr
1689 2264 162 75 Prideaux
1867 2264 26 75 is
1910 2264 40 75 of
1958 2264 142 75 opinion,
2125 2264 26 75 it
2171 2264 66 75 was

1203 2311 93 75 made
1312 2311 113 75 within
1442 2311 56 75 the
1514 2311 64 75 fird
1595 2311 156 75 century;
1778 2311 71 75 that
1872 2311 55 75 the
1944 2311 116 75 author
2077 2311 40 75 of
2129 2311 24 75 it
2171 2311 65 75 was

1202 2358 84 75 fome
1305 2358 160 75 Chridian
1482 2358 39 75 of
1533 2358 61 75 th&
1605 2358 114 75 Jewifh
1736 2358 110 75 nation
1862 2358 10 75 ;
1898 2358 62 75 and
1989 2358 71 75 that
2086 2358 26 75 it
2137 2358 27 75 is
2181 2358 57 75 the

1203 2403 63 75 bed
1283 2403 183 75 tranflation
1489 2403 39 75 of
1546 2403 54 75 the
1625 2403 69 75 Old
1709 2403 201 75 Tedament.
1955 2403 86 75 This
2069 2403 121 75 verfion
2210 2403 26 75 is

1202 2450 56 75 not
1278 2450 117 75 always
1420 2450 166 75 agreeable
1603 2450 35 75 to
1657 2450 55 75 the
1728 2450 157 75 original;
1913 2450 57 75 but
1982 2450 32 75 in
2027 2450 85 75 fome
2129 2450 105 75 places

1200 2496 27 75 is
1243 2496 88 75 more
1356 2496 217 75 conformable
1599 2496 33 75 to
1656 2496 55 75 the
1737 2496 179 75 Samaritan
1934 2496 211 75 Pentateuch,
2172 2496 63 75 and

1200 2543 30 75 in
1247 2543 84 75 fome
1345 2543 34 75 to
1396 2543 54 75 the
1466 2543 119 75 verfion
1598 2543 42 75 of
1653 2543 54 75 the
1720 2543 202 75 Septuagint.
1971 2543 38 75 In
2027 2543 55 75 the
2099 2543 134 75 Pfalms,
2251 2543 6 75 .

1200 2591 56 75 the
1278 2591 168 75 tranflator
1456 2591 61 75 has
1541 2591 94 75 taken
1653 2591 54 75 the
1723 2591 119 75 liberty
1868 2591 35 75 to
1923 2591 90 75 leave
2031 2591 57 75 out
2107 2591 54 75 the
2178 2591 55 75 an-

1201 2636 82 75 cient
1312 2636 87 75 titles
1429 2636 62 75 and
1516 2636 201 75 infcriptions
1743 2636 40 75 of
1804 2636 80 75 each
1910 2636 121 75 pfalm,-
2055 2636 118 75 indead
2198 2636 41 75 of

1200 2682 104 75 which
1321 2682 40 75 he
1377 2682 86 75 gives
1477 2682 38 75 an
1533 2682 132 75 abdrad
1682 2682 40 75 of
1736 2682 56 75 the
1807 2682 147 75 contents
1965 2682 43 75 of
2012 2682 85 75 .each
2117 2682 113 75 pfalm,

1377 2733 132 75 Bible.
1569 2733 85 75 It.is
1683 2733 225 75 pad'difpute,
1950 2733 69 75 that
2049 2733 54 75 the
2132 2733 99 75 Latin

1201 2777 155 75 churches
1370 2777 76 75 had,
1471 2777 86 75 even*
1567 2777 30 75 in
1616 2777 54 75 the
1687 2777 65 75 fird
1766 2777 89 75 ages,
1880 2777 19 75 a
1922 2777 182 75 tranflation
2122 2777 38 75 of
2177 2777 55 75 the

1199 2823 95 75 Bible
1315 2823 32 75 in
1374 2823 84 75 their
1485 2823 169 75 language,
1686 2823 106 75 which
1818 2823 94 75 being
1942 2823 56 75 the
2023 2823 116 75 vulgar
2162 2823 69 75 lan-

1198 2870 114 75 guage,
1338 2870 61 75 and
1416 2870 226 75 confequemly
1659 2870 191 75 underdood
1869 2870 42 75 by
1929 2870 100 75 every
2041 2870 73 75 one,
2140 2870 92 75 occa-

1199 2917 103 75 fioned
1320 2917 18 75 a
1353 2917 65 75 vad
1434 2917 134 75 number
1583 2917 41 75 of
1635 2917 101 75 Latin
1753 2917 148 75 verfions.
1937 2917 128 75 Among
2078 2917 40 75 all
2132 2917 99 75 thefe,

1199 2964 90 75 there
1305 2964 65 75 was
1392 2964 64 75 one
1472 2964 106 75 which
1607 2964 64 75 was
1688 2964 163 75 generally
1867 2964 158 75 received,
2051 2964 62 75 and
2129 2964 105 75 called

1197 3010 43 75 by
1258 3010 38 75 St
1308 3010 112 75 Jerom
1430 3010 58 75 the
1503 3010 124 75 vulgar,
1645 3010 37 75 or
1698 3010 149 75 common
1864 3010 194 75 tranflation,
2110 3010 38 75 St
2162 3010 71 75 Au-

2079 3067 10 75 ,
2177 3067 61 75 din
2253 3067 5 75 •
