2493 3387
719 141 261 75 AST
1055 141 37 75 R
1172 141 41 75 O

144 207 154 75 panfuvt.
347 207 78 75 And
441 207 33 75 as
492 207 64 75 this
575 207 44 75 36
635 207 131 75 degrees
782 207 28 75 is
824 207 57 75 not
895 207 84 75 gone
996 207 137 75 through
1152 207 32 75 in

148 255 61 75 lefs
237 255 77 75 than
333 255 41 75 77
393 255 140 75 periods,
558 255 104 75 which
691 255 90 75 takes
809 255 42 75 up
879 255 86 75 1388
998 255 105 75 years,
1128 255 56 75 the

147 301 176 75 remaining
349 301 70 75 324
441 301 132 75 degrees
602 301 116 75 cannot
746 301 39 75 be
810 301 34 75 fo
871 301 82 75 gone
982 301 139 75 through
1151 301 32 75 in

147 348 62 75 lefs
225 348 77 75 than
324 348 110 75 12492
453 348 103 75 years.
607 348 77 75 For,
710 348 34 75 as
774 348 43 75 36
844 348 27 75 is
899 348 35 75 to
965 348 102 75 1388,
1096 348 35 75 fo
1156 348 27 75 is

148 397 69 75 324
235 397 34 75 to
292 397 123 75 12492.

193 441 56 75 To
276 441 153 75 illuftrate
453 441 64 75 this
546 441 18 75 a
588 441 84 75 little
700 441 136 75 farther,
861 441 48 75 we
936 441 76 75 fliall
1034 441 148 75 examine

134 488 98 75 Tome
248 488 40 75 of
302 488 56 75 the
375 488 78 75 mofl:
471 488 196 75 remarkable
678 488 239 75 circumftances
933 488 40 75 of
984 488 54 75 the
1056 488 125 75 returns

146 534 42 75 of
204 534 56 75 the
284 534 114 75 eclipfe
421 534 105 75 which
549 534 166 75 happened
739 534 79 75 July
845 534 77 75 14th
953 534 100 75 1748,
1083 534 98 75 about

146 581 100 75 noon.
294 581 87 75 This
398 581 128 75 eclipfe,
552 581 83 75 after
651 581 171 75 traverfing
838 581 55 75 the
910 581 91 75 voids
1029 581 40 75 of
1091 581 90 75 fpace

144 628 85 75 from
247 628 55 75 the
323 628 154 75 creation,
504 628 33 75 at
553 628 57 75 laft
626 628 100 75 began
743 628 35 75 to
802 628 89 75 enter
915 628 56 75 the
987 628 107 75 Terra
1110 628 69 75 Au-

144 674 102 75 ftralis
283 674 168 75 Incognita
493 674 97 75 about
627 674 44 75 88
700 674 92 75 years
820 674 82 75 after
929 674 56 75 the
1017 674 162 75 conqueft,

145 720 109 75 which
271 720 64 75 was
353 720 56 75 the
426 720 56 75 laft
498 720 40 75 of
548 720 78 75 king
643 720 170 75 Stephen’s
825 720 88 75 reign
928 720 11 75 ;
965 720 97 75 every
1078 720 101 75 Chal-

144 767 81 75 dean
243 767 112 75 period
370 767 26 75 it
411 767 58 75 has
487 767 89 75 crept
593 767 89 75 more
701 767 178 75 northerly,
898 767 57 75 but
972 767 63 75 was
1053 767 58 75 dill
1130 767 48 75 in-

143 814 109 75 vifible
267 814 33 75 in
316 814 124 75 Britain
464 814 111 75 before
603 814 56 75 the
683 814 78 75 year
789 814 85 75 1622
888 814 10 75 ;
925 814 106 75 when,
1056 814 42 75 on
1123 814 56 75 the

145 861 83 75 30th
246 861 40 75 of
297 861 107 75 April,
428 861 26 75 it
470 861 101 75 began
588 861 35 75 to
639 861 98 75 touch
754 861 56 75 the
823 861 92 75 fouth
933 861 86 75 parts
1037 861 40 75 of
1088 861 92 75 Eng-

141 907 77 75 land
235 907 97 75 about
350 907 17 75 2
386 907 31 75 in
440 907 55 75 the
513 907 167 75 afternoon
696 907 10 75 ;
733 907 41 75 its
792 907 124 75 central
925 907 193 75 appearance
1135 907 42 75 ri-

142 953 66 75 ling
219 953 31 75 in
272 953 55 75 the
344 953 171 75 American
531 953 93 75 fouth
642 953 78 75 feas,
748 953 63 75 and
824 953 171 75 traverfing
1011 953 84 75 Peru
1114 953 62 75 and

141 1000 57 75 the
214 1000 178 75 Amazon’s
409 1000 150 75 Country,
584 1000 140 75 through
751 1000 56 75 the
831 1000 147 75 Atlantic
994 1000 97 75 ocean
1110 1000 68 75 into

140 1046 129 75 Africa,
295 1046 62 75 and
379 1046 118 75 fetting
523 1046 31 75 in
571 1046 56 75 the
643 1046 191 75 ^Ethiopian
852 1046 175 75 continent,
1054 1046 56 75 not
1128 1046 52 75 far

140 1093 85 75 from
243 1093 56 75 the
315 1093 174 75 beginning
509 1093 40 75 of
568 1093 54 75 the
639 1093 74 75 Red
730 1093 63 75 fea.

191 1139 48 75 Its
257 1139 78 75 next
352 1139 107 75 vifible
476 1139 109 75 period
604 1139 64 75 was
686 1139 83 75 after
785 1139 91 75 three
893 1139 167 75 Chaldean
1085 1139 93 75 revo-

140 1186 121 75 lutions
277 1186 33 75 in
328 1186 101 75 1676,
455 1186 40 75 on
514 1186 55 75 the
585 1186 66 75 firft
665 1186 41 75 of
712 1186 96 75 June,
827 1186 94 75 riling
937 1186 119 75 central
1073 1186 32 75 in
1123 1186 56 75 the

140 1233 149 75 Atlantic
304 1233 112 75 ocean,
441 1233 115 75 palling
571 1233 36 75 us
633 1233 96 75 about
748 1233 20 75 9
785 1233 31 75 in
841 1233 56 75 the
914 1233 159 75 morning,
1099 1233 79 75 with

141 1279 75 75 four
232 1279 98 75 digits
348 1279 136 75 eclipfed
500 1279 41 75 on
558 1279 56 75 the
630 1279 102 75 under
747 1279 91 75 limb,
864 1279 62 75 and
942 1279 116 75 fetting
1074 1279 32 75 in
1124 1279 54 75 the

140 1325 76 75 gulf
227 1325 41 75 of
279 1325 220 75 Cochinchina
515 1325 32 75 in
571 1325 55 75 the
644 1325 75 75 Eaft
739 1325 122 75 Indies.

188 1371 33 75 It
243 1371 95 75 being
354 1371 74 75 now
452 1371 76 75 near
544 1371 56 75 the
616 1371 134 75 folftice,
775 1371 66 75 this
856 1371 119 75 eclipfe,
986 1371 64 75 was
1068 1371 109 75 vilible

141 1418 56 75 the
224 1418 78 75 very
325 1418 80 75 next
433 1418 108 75 return
558 1418 32 75 in
611 1418 103 75 1694,
738 1418 32 75 in
798 1400 15 49 t
813 1418 9 75 ‘
822 1400 32 49 ie
879 1418 158 75 evening;
1064 1418 61 75 and
1143 1418 32 75 in

141 1464 67 75 two
224 1464 127 75 periods
375 1464 101 75 more,
503 1464 103 75 which
625 1464 63 75 was
713 1464 32 75 in
776 1464 101 75 1730,
902 1464 41 75 on
972 1464 56 75 the
1054 1464 58 75 4th
1140 1464 41 75 of

140 1510 92 75 July,
257 1510 65 75 was
338 1510 71 75 feen
427 1510 96 75 about
539 1510 73 75 half
623 1510 139 75 eclipfed
774 1510 63 75 jult
854 1510 83 75 after
952 1510 145 75 fun-rife,
1116 1510 62 75 and

140 1558 151 75 obferved
305 1558 83 75 both
405 1558 33 75 at
452 1558 225 75 Wirtemberg
693 1558 32 75 in
742 1558 181 75 Germany,
948 1558 63 75 and
1026 1558 102 75 Pekin
1144 1558 33 75 in

141 1604 118 75 China,
283 1604 78 75 foon
378 1604 83 75 after
472 1604 104 75 which
593 1604 26 75 it
636 1604 85 75 went
738 1604 76 75 off..

187 1650 160 75 Eighteen
360 1650 92 75 years
469 1650 88 75 more
574 1650 145 75 afforded
737 1650 36 75 us
792 1650 57 75 the
868 1650 113 75 eclipfe
998 1650 106 75 which
1121 1650 56 75 fell

138 1697 41 75 on
192 1697 56 75 the
269 1697 79 75 14th
361 1697 39 75 of
409 1697 77 75 July
507 1697 100 75 1748.

186 1743 76 75 The
279 1743 79 75 next
375 1743 107 75 vifible
489 1743 119 75 return
624 1743 167 75 happened
811 1743 41 75 on
876 1743 80 75 July
971 1743 79 75 25th
1074 1743 101 75 1766,

137 1790 34 75 in
186 1790 56 75 the
259 1790 145 75 evening,
431 1790 99 75 about
545 1790 74 75 four
635 1790 273 75 digits-eclipfqd;
935 1790 62 75 and
1010 1790 84 75 after
1110 1790 66 75 two

138 1837 128 75 periods
283 1837 101 75 more,
403 1837 66 75 will
481 1837 123 75 happen
618 1837 41 75 on
672 1837 127 75 Auguft
821 1837 77 75 16th
920 1837 101 75 1802,
1039 1837 90 75 early
1144 1837 32 75 in

136 1883 57 75 the
205 1883 158 75 morning,
378 1883 95 75 about
486 1883 61 75 five
558 1883 111 75 digits,
682 1883 56 75 the
754 1883 109 75 centre
880 1883 128 75 coming
1024 1883 84 75 from
1117 1883 59 75 the

135 1930 96 75 north
245 1930 112 75 frozen
375 1930 174 75 continent,
568 1930 43 75 by
623 1930 55 75 the
695 1930 91 75 capes
803 1930 41 75 of
858 1930 159 75 Norway,
1034 1930 140 75 through

134 1976 145 75 Tartary
309 1976 106 75 China
431 1976 62 75 and
501 1976 114 75 Japan,
634 1976 34 75 to
682 1976 55 75 the
753 1976 152 75 Ladrone
922 1976 127 75 ifldncTs,
1068 1976 106 75 where

135 2022 25 75 it
177 2022 76 75 goes
270 2022 58 75 off.

184 2068 117 75 Again,
325 2068 31 75 in
375 2068 101 75 1820,
496 2068 124 75 Au.guff
641 2068 96 75 26thi
762 2068 144 75 between
924 2068 140 75 one-and
1090 2068 80 75 two,

135 2114 91 75 there
243 2114 65 75 will
329 2114 41 75 be
385 2114 137 75 another
544 2114 95 75 great
650 2114 113 75 eclipfe
781 2114 32 75 at
830 2114 152 75 London,
1009 2114 98 75 about
1130 2114 42 75 10

136 2161 115 75 digits;
279 2161 69 75 but,
373 2161 180 75 happening
570 2161 33 75 fo
621 2161 75 75 near
718 2161 56 75 the
799 2161 155 75 equinox,
981 2161 55 75 the
1064 2161 107 75 centre

135 2206 65 75 will
218 2206 89 75 leave
334 2206 100 75 every
447 2206 72 75 part
542 2206 39 75 of
600 2206 124 75 Britain
754 2206 44 75 to,
813 2206 55 75 the
890 2206 86 75 welt,
1003 2206 60 75 and
1081 2206 92 75 enter

138 2254 168 75 Germany
323 2254 31 75 at
371 2254 140 75 Emden,
536 2254 115 75 palling
667 2254 44 75 by
728 2254 134 75 Venice,
888 2254 135 75 Naples,
1056 2254 117 75 Grand

134 2301 112 75 Cairo,
272 2301 63 75 and
350 2301 46 75 let
411 2301 35 75 in
461 2301 62 75 the,
532 2301 76 75 gulf
618 2301 40 75 of
669 2301 131 75 Baffora
816 2301 76 75 near
908 2301 70 75 that
995 2301 78 75 city.

182 2346 29 75 It
230 2346 64 75 will
316 2346 39 75 be
372 2346 44 75 no
432 2346 88 75 more
537 2346 108 75 vifible
670 2346 50 75 till
742 2346 100 75 1874,
868 2346 92 75 when
987 2346 60 75 five
1071 2346 97 75 digits

134 2392 64 75 will
216 2392 40 75 be
281 2392 155 75 obfeured
464 2392 75 75 (the
561 2392 108 75 centre
693 2392 95 75 being
810 2392 74 75 now
908 2392 98 75 about
1028 2392 35 75 to
1079 2392 90 75 leave

133 2439 56 75 the
206 2439 106 75 earth)
331 2439 41 75 on
391 2439 188 75 September
598 2439 94 75 28th.
726 2439 38 75 In
782 2439 100 75 1892,
901 2439 56 75 the
975 2439 54 75 fun
1047 2439 66 75 will
1125 2439 44 75 go

133 2485 94 75 down
246 2485 136 75 eclipfed
398 2485 32 75 in
447 2485 160 75 London;
634 2485 62 75 and
704 2485 113 75 "again,
824 2485 49 75 An
899 2485 102 75 1928,
1027 2485 55 75 the
1099 2485 69 75 paf-

133 2532 73 75 fage
222 2532 41 75 of
281 2532 57 75 the
354 2532 107 75 centre
473 2532 66 75 will
556 2532 42 75 b$
607 2532 32 75 in
651 2532 55 75 the
725 2532 183 75 expanfum,
934 2532 123 75 though
1076 2532 91 75 there

133 2578 67 75 will
223 2578 39 75 be
280 2578 65 75 two
369 2578 97 75 digits
483 2578 188 75 eclipfed-at
686 2578 154 75 London,
863 2578 144 75 October
1023 2578 55 75 the
1098 2578 70 75 31ft

132 2624 41 75 of
191 2624 72 75 that
281 2624 86 75 year,
393 2624 79 75 and’
483 2624 98 75 about
603 2624 56 75 the
681 2624 78 75 year
783 2624 91 75 2090
899 2624 55 75 the
978 2624 107 75 whole
1108 2624 56 75 pe-

132 2671 134 75 numbra
290 2671 65 75 will
380 2671 40 75 be
444 2671 86 75 wore
554 2671 67 75 off;
648 2671 131 75 whence
805 2671 41 75 no
870 2671 89 75 more
980 2671 125 75 returns
1130 2671 40 75 of

133 2717 64 75 this
214 2717 113 75 ecliple
344 2717 58 75 can
419 2717 133 75 happen,
560 2717 49 75 till
627 2717 82 75 after
724 2717 18 75 a
758 2717 179 75 revolution
950 2717 41 75 of
1012 2717 153 75 io.ihou-

134 2763 76 75 fand
226 2763 105 75 years.

1291 137 44 75 N
1412 137 43 75 O
1529 137 50 75 M
1654 137 51 75 Y.

2181 137 85 75 4)79

1281 203 97 75 From
1395 203 88 75 thefe
1499 203 142 75 remarks
1666 203 41 75 on
1732 203 56 75 the
1811 203 101 75 entire
1937 203 179 75 revolution
2139 203 43 75 of
2201 203 64 75 this

1233 249 124 75 eclipfe,
1385 249 48 75 we
1449 249 73 75 may
1538 249 125 75 gather,
1689 249 71 75 that
1776 249 19 75 a
1818 249 156 75 thoufand
1992 249 102 75 years,
2122 249 87 75 more
2226 249 39 75 Or

1232 296 72 75 lefs,
1331 296 68 75 (for
1414 296 91 75 there
1521 296 54 75 are
1591 296 86 75 fome
1693 296 228 75 irregularities
1938 296 70 75 that
2033 296 72 75 may
2123 296 141 75 protradfc

1232 342 37 75 or
1285 342 151 75 lengthen
1456 342 65 75 this
1538 342 111 75 period
1666 342 66 75 too
1755 342 122 75 years),
1903 342 156 75 complete
2084 342 54 75 the
2156 342 108 75 whole

1231 389 170 75 terredrial
1419 389 198 75 phenomena
1632 389 41 75 of
1692 389 62 75 any
1767 389 95 75 fingle
1878 389 113 75 ecliple
2004 389 8 75 :
2039 389 64 75 and
2118 389 81 75 iince
2217 389 46 75 20

1231 435 126 75 periods
1375 435 40 75 of
1436 435 43 75 54
1496 435 91 75 years
1611 435 90 75 each,
1728 435 62 75 and
1814 435 98 75 about
1938 435 41 75 33
1999 435 92 75 days,
2117 435 145 75 compre-

1230 482 83 75 hend
1331 482 55 75 the
1408 482 101 75 entire
1526 482 112 75 extent
1655 482 41 75 of
1714 482 85 75 their
1817 482 192 75 revolution,
2034 482 26 75 it
2076 482 26 75 is
2120 482 142 75 evident,

1230 529 70 75 that
1315 529 54 75 the
1386 529 93 75 times
1496 529 41 75 of
1545 529 55 75 the
1614 529 125 75 returns
1751 529 67 75 will
1832 529 66 75 pafs
1911 529 138 75 through
2072 529 17 75 a
2101 529 113 75 circuit
2227 529 42 75 of

1229 576 60 75 one
1305 576 76 75 year
1396 576 63 75 and
1475 576 53 75 ten
1554 576 142 75 months,
1720 576 98 75 every
1840 576 167 75 Chaldean
2031 576 112 75 period
2166 576 95 75 being

1228 622 53 75 ten
1299 622 37 75 or
1351 622 110 75 eleven
1478 622 78 75 days
1574 622 92 75 later,
1692 622 63 75 and
1771 622 40 75 of
1822 622 56 75 the
1890 622 135 75 equable
2037 622 224 75 appearances,

1228 669 97 75 about
1345 669 41 75 32
1406 669 37 75 or
1462 669 40 75 33
1533 669 91 75 days.
1674 669 109 75 Thus,
1809 669 124 75 though
1958 669 64 75 this
2047 669 112 75 eclipfe
2183 669 77 75 hap-

1228 716 76 75 pens
1322 716 96 75 about
1435 716 55 75 the
1507 716 120 75 middle
1643 716 40 75 of
1701 716 90 75 July,
1816 716 43 75 no
1875 716 94 75 other
1994 716 188 75 fubfequent
2207 716 53 75 ec-

1227 763 76 75 lipfe
1319 763 41 75 of
1370 763 65 75 this
1452 763 113 75 period
1581 763 66 75 will
1664 763 109 75 return
1786 763 50 75 till
1850 763 55 75 the
1923 763 119 75 middle
2054 763 41 75 of
2106 763 54 75 the
2176 763 86 75 fame

1227 809 109 75 month
1355 809 91 75 again
1462 809 10 75 ;
1499 809 57 75 but
1572 809 86 75 wear
1674 809 177 75 conftantly
1867 809 77 75 each
1962 809 112 75 period
2096 809 40 75 10
2161 809 36 75 or
2220 809 38 75 11

1226 856 78 75 days
1321 856 154 75 forward,
1501 856 61 75 and
1579 856 33 75 at
1628 856 58 75 laft
1703 856 114 75 appear
1839 856 33 75 in
1898 856 123 75 winter,
2049 856 56 75 but
2129 856 77 75 then
2235 856 28 75 it

1227 903 110 75 begins
1359 903 35 75 to
1411 903 88 75 ceafe
1521 903 85 75 from
1624 903 144 75 affedting
1784 903 50 75 us.

1274 949 149 75 Another
1459 949 179 75 conclufion
1671 949 84 75 from
1793 949 65 75 this
1892 949 178 75 revolution
2112 949 74 75 may
2221 949 45 75 be

1227 996 121 75 drawn,
1374 996 69 75 that
1460 996 93 75 there
1570 996 65 75 will
1668 996 121 75 feldom
1817 996 39 75 be
1880 996 62 75 any
1967 996 89 75 more
2084 996 76 75 than
2196 996 67 75 two

1228 1042 89 75 great
1334 1042 129 75 echpfes
1489 1042 40 75 of
1551 1042 55 75 the
1631 1042 55 75 fun
1704 1042 31 75 in
1753 1042 54 75 the
1824 1042 133 75 interval
1983 1042 40 75 of
2045 1042 64 75 this
2134 1042 128 75 period,

1228 1089 61 75 and
1312 1089 87 75 thefe
1426 1089 112 75 follow
1565 1089 180 75 fometimes
1773 1089 81 75 next
1876 1089 121 75 return,
2023 1089 62 75 and
2113 1089 90 75 often
2228 1089 34 75 at

1227 1136 126 75 greater
1363 1136 167 75 diftances.
1579 1136 92 75 That
1688 1136 41 75 of
1744 1136 85 75 1715
1848 1136 151 75 returned
2016 1136 90 75 again
2123 1136 31 75 in
2174 1136 85 75 1733

1228 1182 77 75 very
1320 1182 115 75 great;
1461 1182 59 75 but
1536 1182 67 75 this
1618 1182 123 75 prefent
1761 1182 115 75 eclipfe
1894 1182 64 75 will
1975 1182 56 75 not
2049 1182 38 75 be
2104 1182 89 75 great
2210 1182 51 75 till

1228 1229 54 75 the
1299 1229 114 75 arrival
1435 1229 41 75 of
1493 1229 100 75 1820,
1619 1229 105 75 which
1741 1229 27 75 is
1786 1229 17 75 a
1821 1229 180 75 revolution
2018 1229 40 75 of
2070 1229 72 75 four
2160 1229 99 75 Chal-

1227 1276 79 75 dean
1326 1276 153 75 periods.;
1505 1276 34 75 fo
1555 1276 70 75 that
1642 1276 55 75 the
1719 1276 227 75 irregularities
1971 1276 41 75 of
2031 1276 85 75 their
2132 1276 129 75 circuits

1227 1322 80 75 muft
1324 1322 142 75 undergo
1484 1322 70 75 new
1579 1322 152 75 computa
1744 1322 69 75 ions
1830 1322 38 75 to
1883 1322 93 75 aflign
1993 1322 87 75 them
2098 1322 138 75 exa&ly.

1272 1369 72 75 Nor
1356 1369 43 75 do
1413 1369 184 75 all.eclipfes
1611 1369 90 75 come
1714 1369 33 75 in
1761 1369 33 75 at
1812 1369 54 75 the
1882 1369 93 75 fourh
1989 1369 72 75 pole
2074 1369 8 75 :
2101 1369 91 75 That
2205 1369 56 75 de-

1225 1415 98 75 pends
1336 1415 179 75 altogether
1532 1415 41 75 on
1590 1415 56 75 the
1662 1415 132 75 pofition
1807 1415 41 75 of
1854 1415 55 75 the
1922 1415 91 75 lunar
2024 1415 112 75 nodes,
2155 1415 105 75 which

1226 1462 66 75 will
1310 1462 92 75 bring
1419 1462 31 75 in
1468 1462 32 75 as
1519 1462 94 75 many
1632 1462 83 75 from
1731 1462 56 75 the
1803 1462 170 75 expanfum
1988 1462 61 75 one
2066 1462 72 75 way
2154 1462 32 75 as
2206 1462 55 75 the

1225 1509 95 75 other
1334 1509 10 75 ;
1371 1509 61 75 and
1458 1509 75 75 fuch
1563 1509 129 75 eclipfes
1717 1509 67 75 will
1814 1509 83 75 wear
1927 1509 88 75 more
2038 1509 164 75 foutherly
2218 1509 45 75 by

1225 1556 145 75 degrees,
1396 1556 151 75 contrary
1563 1556 36 75 to
1615 1556 86 75 what
1718 1556 139 75 happens
1874 1556 32 75 in
1924 1556 54 75 the
1996 1556 126 75 prefent
2138 1556 82 75 cafe.

1271 1602 77 75 The
1363 1602 127 75 eclipfe,
1516 1602 51 75 for
1583 1602 159 75 example,
1768 1602 40 75 of
1820 1602 87 75 1736
1924 1602 31 75 in
1973 1602 198 75 September,
2196 1602 65 75 had

1225 1648 40 75 its
1282 1648 108 75 centre
1417 1648 33 75 in
1474 1648 54 75 the
1552 1648 182 75 expanfum,
1761 1648 62 75 and
1840 1648 45 75 let
1903 1648 97 75 about
2018 1648 53 75 the
2088 1648 120 75 middle
2225 1648 41 75 of

1225 1695 40 75 its
1283 1695 161 75 obfeurity
1456 1695 32 75 in
1500 1695 147 75 Britain;
1666 1695 26 75 it
1709 1695 65 75 will
1793 1695 83 75 wear
1892 1695 30 75 in
1941 1695 33 75 at
1991 1695 54 75 the
2062 1695 94 75 north
2174 1695 86 75 pole,

1226 1742 62 75 and
1304 1742 103 75 in.the
1434 1742 75 75 year
1534 1742 103 75 2600,
1668 1742 37 75 or
1727 1742 220 75 thereabouts,
1971 1742 43 75 go
2036 1742 52 75 off
2109 1742 68 75 into
2205 1742 56 75 the

1226 1789 229 75 expa?fum-on
1472 1789 56 75 the
1544 1789 93 75 fouth
1654 1789 73 75 fide,
1738 1789 41 75 of
1790 1789 54 75 the
1863 1789 104 75 earth.

1272 1836 76 75 The
1365 1836 130 75 eclipfes
1513 1836 162 75 therefore
1690 1836 105 75 which
1812 1836 165 75 happened
1994 1836 97 75 about
2108 1836 55 75 the
2188 1836 70 75 cre-

1226 1882 86 75 ation
1329 1882 53 75 are
1398 1882 85 75 little
1500 1882 89 75 more
1605 1882 81 75 than,
1698 1882 74 75 half
1783 1882 71 75 way
1871 1882 54 75 yet
1952 1882 40 75 of
2015 1882 84 75 their
2125 1882 134 75 etherial

1225 1930 138 75 circuit;
1393 1930 62 75 and
1482 1930 68 75 will
1566 1930 39 75 be
1623 1930 92 75 4000
1732 1930 91 75 years
1853 1930 110 75 before
1991 1930 85 75 they,
2097 1930 89 75 enter
2203 1930 57 75 the

1225 1976 89 75 earth
1342 1976 62 75 any
1431 1976 104 75 more.
1588 1976 90 75 This
1697 1976 103 75 grand
1815 1976 179 75 revolution
2009 1976 105 75 feems.
2126 1976 35 75 to
2176 1976 83 75 have

1223 2023 78 75 been
1319 2023 129 75 intirely
1468 2023 158 75 unknown
1644 2023 35 75 to
1696 2023 55 75 the
1773 2023 173 75 ancients.-

1270 2068 30 75 It
1317 2068 26 75 is
1362 2068 216 75 particularly^
1586 2068 36 75 to
1636 2068 39 75 be
1692 2068 112 75 noted,
1827 2068 74 75 that
1914 2068 251 75 eclipfes.which
2177 2068 81 75 have

1222 2115 168 75 happened
1399 2115 93 75 many
1508 2115 158 75 centuries
1684 2115 73 75 ago,
1782 2115 65 75 will
1873 2115 61 75 not
1946 2115 46 75 be.
2001 2115 101 75 found
2127 2115 43 75 by
2198 2115 59 75 our

1222 2162 123 75 prefent
1362 2162 102 75 tables
1488 2162 36 75 to
1540 2162 95 75 agree
1647 2162 127 75 exadtly
1791 2162 85 75 with,
1886 2162 124 75 ancient
2027 2162 228 75 obfervations,

1222 2208 43 75 by
1282 2208 107 75 reafon
1407 2208 41 75 of
1460 2208 60 75 (he
1531 2208 89 75 great
1638 2208 170 75 anomalies
1836 2208 42 75 in.
1897 2208 55 75 the
1978 2208 93 75 lunar
2093 2208 137 75 motions
2242 2208 11 75 ;

1220 2255 105 75 which
1343 2255 132 75 appears
1492 2255 37 75 an
1547 2255 224 75 inconteftable
1786 2255 253 75 demonftration.
2050 2255 43 75 of
2104 2255 55 75 the
2176 2255 80 75 non^

1221 2301 138 75 eternity
1376 2301 40 75 of
1428 2301 54 75 the
1503 2301 155 75 univerfe.
1707 2301 66 75 For
1788 2301 26 75 it
1832 2301 98 75 feems
1946 2301 182 75 confirmed,
2136 2301 41 75 by
2195 2301 57 75 un-

1218 2348 144 75 deniable
1379 2348 123 75 proofs,
1528 2348 71 75 that
1612 2348 55 75 the
1683 2348 95 75 moon
1797 2348 73 75 now
1886 2348 121 75 finilhes
2023 2348 61 75 her
2098 2348 111 75 period
2222 2348 32 75 in

1216 2395 60 75 lefs
1293 2395 78 75 time
1388 2395 76 75 than
1481 2395 167 75 formerly,
1674 2395 63 75 and
1765 2395 253 75 will'continue,
2047 2395 46 75 by
2108 2395 54 75 the
2179 2395 72 75 cen-

1218 2440 127 75 tripetal
1360 2440 77 75 law,
1464 2440 35 75 to
1524 2440 157 75 approach
1701 2440 110 75 nearer
1836 2440 63 75 and
1929 2440 112 75 nearer
2062 2440 57 75 the
2146 2440 105 75 earth,

1216 2487 61 75 and
1294 2487 34 75 to
1345 2487 41 75 go
1404 2487 111 75 fooner
1531 2487 63 75 and
1608 2487 116 75 fboner
1737 2487 103 75 round
1857 2487 45 75 it:
1931 2487 74 75 Nor
2021 2487 66 75 will
2104 2487 55 75 the
2177 2487 74 75 cen-

1217 2534 131 75 trifugal
1372 2534 109 75 power
1501 2534 39 75 be
1564 2534 153 75 fufficient
1746 2534 34 75 to
1810 2534 199 75 compenfate
2028 2534 54 75 the
2098 2534 152 75 different

1216 2580 205 75 gravitations
1439 2580 40 75 of
1490 2580 75 75 fuch
1583 2580 39 75 an
1639 2580 186 75 affemblage
1842 2580 40 75 of
1899 2580 111 75 bodies
2030 2580 33 75 as
2076 2580 174 75 conftitute

1213 2626 55 75 the
1280 2626 83 75 folar
1377 2626 122 75 fyftem,
1518 2626 104 75 which
1636 2626 109 75 would
1757 2626 89 75 come
1859 2626 34 75 to
1907 2626 69 75 ruin
1990 2626 39 75 of
2040 2626 97 75 itfelf,
2153 2626 95 75 with-

1213 2672 56 75 out
1285 2672 85 75 fome
1386 2672 71 75 new
1476 2672 180 75 regulation
1673 2672 63 75 and
1752 2672 190 75 adjuftment
1958 2672 41 75 of
2013 2672 83 75 their
2113 2672 134 75 original

1213 2720 139 75 motions
1370 2720 57 75 *..

2178 2784 67 75 We

180 2907 20 75 *
226 2907 105 75 There
345 2907 59 75 are
420 2907 66 75 two
508 2907 132 75 ancient
657 2907 127 75 ecllpfes
800 2907 43 75 of
849 2907 54 75 the
926 2907 103 75 moon,
1053 2907 153 75 recorded
1219 2907 34 75 by
1272 2907 144 75 Ptolemy
1429 2907 96 75 from
1543 2907 220 75 Hipparchus,
1787 2907 110 75 which
1924 2907 110 75 afford
2046 2907 45 75 an
2108 2907 135 75 undent-

133 2953 70 75 able
222 2953 103 75 proof
341 2953 46 75 of
398 2953 53 75 the
469 2953 100 75 moon'
569 2953 16 75 s
604 2953 229 75 acceleration.
884 2953 67 75 The
957 2953 78 75 firft
1050 2953 43 75 of
1105 2953 84 75 thefe
1203 2953 73 75 was
1297 2953 150 75 obferved
1461 2953 38 75 at
1516 2953 154 75 Babylon,
1696 2953 134 75 Decern,
1851 2953 17 75 it
1875 2953 54 75 2d,
1954 2953 36 75 in
2015 2953 54 75 the
2083 2953 84 75 year
2193 2953 50 75 be-

125 3002 77 75 fore
218 3002 106 75 Chrift
343 3002 89 75 383;
459 3002 94 75 when
570 3002 159 75 tie,moon
752 3002 99 75 began
871 3002 34 75 to
925 3002 36 75 be
980 3002 145 75 eclipfed,
1142 3002 94 75 about
1253 3002 80 75 half
1343 3002 45 75 an
1403 3002 80 75 hour
1498 3002 107 75 before
1630 3002 53 75 the
1699 3002 69 75 fun
1795 3002 77 75 rofe,
1897 3002 70 75 and
1979 3002 54 75 the
2046 3002 112 75 eclipfe
2172 3002 73 75 was

2190 3073 57 75 not
