2428 3377
119 149 101 75 Part
239 149 76 75 VI.

164 221 77 75 The
269 221 97 75 fieftiy
381 221 37 75 or
442 221 157 75 mufcular
625 221 95 75 fibres
747 221 41 75 of
806 221 106 75 which
929 221 56 75 the
1011 221 92 75 heart
1121 221 27 75 is

119 269 95 75 made
237 269 56 75 up,
319 269 54 75 are
389 269 145 75 difpofed
560 269 32 75 in
614 269 19 75 a
647 269 79 75 very
745 269 136 75 Angular
896 269 142 75 manner,
1063 269 90 75 efpe-

119 317 97 75 cially
232 317 89 75 thofe
338 317 40 75 of
382 317 54 75 the
449 317 86 75 right
551 317 37 75 or
604 317 139 75 anterior
758 317 166 75 ventricle,
938 317 94 75 being
1048 317 103 75 either

119 360 77 75 bent
212 360 68 75 into
297 360 111 75 arches
425 360 38 75 or
475 360 110 75 folded
602 360 69 75 into
688 360 122 75 angles.

166 407 79 75 The
261 407 95 75 fibres
370 407 105 75 which
492 407 53 75 are
557 407 110 75 folded
677 407 69 75 into
762 407 108 75 angles
887 407 54 75 are
953 407 112 75 longer
1081 407 77 75 than

122 452 90 75 thofe
223 452 105 75 which
339 452 54 75 are
404 452 76 75 only
489 452 76 75 bent
574 452 68 75 itato
655 452 125 75 arches.
803 452 78 75 The
891 452 119 75 middle
1019 452 40 75 of
1071 452 88 75 theie

122 499 125 75 arches,
268 499 64 75 and
348 499 56 75 the
425 499 108 75 angles
553 499 40 75 of
616 499 57 75 the
692 499 99 75 folds,
816 499 54 75 are
887 499 117 75 turned
1019 499 139 75 towards

123 546 55 75 the
194 546 84 75 apex
296 546 41 75 of
357 546 56 75 the
429 546 105 75 heart,
560 546 61 75 and
644 546 56 75 the
716 546 200 75 extremities
932 546 40 75 of
993 546 55 75 the
1065 546 94 75 fibres

122 590 141 75 towards
279 590 55 75 the
350 590 92 75 bafis.
477 590 110 75 Thefe
603 590 94 75 fibres
715 590 96 75 differ
827 590 57 75 not
901 590 76 75 only
989 590 31 75 in
1032 590 126 75 length,

123 638 59 75 but
198 638 32 75 in
248 638 84 75 their
340 638 185 75 dire&ions,
543 638 104 75 which
665 638 53 75 are
734 638 79 75 very
828 638 132 75 oblique
976 638 32 75 in
1020 638 55 75 all,
1102 638 58 75 but

126 683 97 75 much
250 683 91 75 more
357 683 34 75 fo
415 683 32 75 in
471 683 56 75 the
547 683 76 75 long
647 683 37 75 or
700 683 113 75 folded
839 683 94 75 fibres
950 683 76 75 than
1043 683 33 75 in
1104 683 56 75 the

123 730 89 75 (hort
228 730 89 75 ones,
347 730 106 75 which
471 730 53 75 are
540 730 111 75 fimply
667 730 90 75 bent.

171 776 91 75 Each
279 776 154 75 ventricle
459 776 27 75 is
499 776 168 75 compofed
682 776 40 75 of
732 776 42 75 its
784 776 114 75 proper
913 776 124 75 diflinft
1049 776 111 75 fibres,

124 822 58 75 but
210 822 56 75 the
293 822 61 75 left
380 822 153 75 ventricle
559 822 57 75 has
640 822 95 75 many
762 822 89 75 more
875 822 78 75 than
977 822 55 75 the
1056 822 100 75 right.

125 867 126 75 Where
267 867 55 75 the
334 867 66 75 two
415 867 168 75 ventricles
601 867 53 75 are
667 867 124 75 joined,
810 867 78 75 they
904 867 85 75 form
1006 867 19 75 a
1036 867 123 75 feptum

125 914 107 75 which
249 914 131 75 belongs
397 914 129 75 equally
543 914 35 75 to
595 914 92 75 both.

171 962 77 75 The
264 962 93 75 fibres
375 962 105 75 which
492 962 146 75 compofe
649 962 56 75 the
721 962 91 75 inner
828 962 37 75 or
881 962 138 75 concave
1035 962 124 75 furface

126 1008 40 75 of
178 1008 55 75 the
254 1008 183 75 ventricles,
461 1008 44 75 do
521 1008 56 75 not
598 1008 42 75 all
661 1008 96 75 reach
773 1008 35 75 to
825 1008 56 75 the
897 1008 79 75 bafis
989 1008 10 75 ;
1026 1008 85 75 fome
1123 1008 42 75 of

128 1054 88 75 them
241 1054 136 75 running
399 1054 70 75 into
497 1054 56 75 the
581 1054 120 75 cavity,
733 1054 64 75 and
821 1054 91 75 there
940 1054 139 75 forming
1103 1054 56 75 the

127 1100 96 75 flefhy
249 1100 166 75 columnse,
440 1100 38 75 to
499 1100 106 75 which
629 1100 55 75 the
711 1100 87 75 loofe
819 1100 133 75 floating
974 1100 127 75 portion
1124 1100 41 75 of

128 1147 55 75 the
199 1147 182 75 tricufpidal
399 1147 104 75 valves
521 1147 26 75 is
564 1147 139 75 faftened
719 1147 44 75 by
778 1147 171 75 tendinous
966 1147 106 75 ropes.

176 1193 76 75 The
263 1193 107 75 valves
387 1193 32 75 at
436 1193 55 75 the
507 1193 124 75 orifices
647 1193 41 75 of
706 1193 55 75 the
777 1193 172 75 ventricles
965 1193 55 75 are
1036 1193 41 75 of
1094 1193 66 75 two

131 1239 108 75 kinds.
272 1239 73 75 One
357 1239 79 75 kind
445 1239 109 75 allows
569 1239 54 75 the
633 1239 96 75 blood
746 1239 35 75 to
797 1239 91 75 enter
904 1239 56 75 the
976 1239 105 75 heart,
1100 1239 62 75 and

131 1287 129 75 hinders
277 1287 26 75 it
315 1287 84 75 from
416 1287 97 75 going
529 1287 59 75 out
614 1287 55 75 the
685 1287 83 75 fame
780 1287 72 75 way
867 1287 10 75 ;
900 1287 56 75 the
973 1287 92 75 other
1084 1287 78 75 kind

131 1332 111 75 allows
258 1332 56 75 the
330 1332 98 75 blood
451 1332 35 75 to
503 1332 43 75 go
569 1332 57 75 out
653 1332 40 75 of
705 1332 55 75 the
780 1332 105 75 heart,
912 1332 56 75 but
983 1332 131 75 hinders
1137 1332 26 75 it

133 1379 83 75 from
233 1379 177 75 returning.
457 1379 78 75 The
551 1379 109 75 valves
686 1379 40 75 of
745 1379 56 75 the
818 1379 63 75 firft
898 1379 77 75 kind
991 1379 170 75 terminate

132 1424 56 75 *he
205 1424 159 75 auriculae,
390 1424 60 75 and
468 1424 90 75 thofe
575 1424 38 75 of
626 1424 55 75 the
698 1424 115 75 fecond
828 1424 42 75 lie
886 1424 32 75 in
935 1424 55 75 the
1009 1424 154 75 openings

135 1468 38 75 pf
178 1468 54 75 the
240 1468 89 75 great
342 1468 144 75 arteries.
510 1468 77 75 The
596 1468 62 75 firll
668 1468 52 75 are
730 1468 124 75 termed
870 1468 292 75 femulanarorfig-

135 1514 117 75 moidal
259 1514 119 75 valves,
385 1514 55 75 the
449 1514 109 75 others
566 1514 220 75 triglochines,
795 1514 197 75 tricufpidal,
999 1514 38 75 or
1045 1514 122 75 mitral,

137 1561 4 75 i
179 1561 77 75 The
271 1561 184 75 tricufpidal
481 1561 108 75 valves
606 1561 39 75 of
667 1561 56 75 the
739 1561 86 75 right
839 1561 153 75 ventricle
1008 1561 53 75 are
1078 1561 89 75 fixed

136 1609 35 75 to
197 1609 41 75 its
266 1609 157 75 auricular
450 1609 121 75 orifice,
597 1609 62 75 and
682 1609 115 75 turned
824 1609 121 75 inward
968 1609 125 75 toward
1110 1609 56 75 the

136 1654 105 75 cavity
258 1654 40 75 of
315 1654 56 75 the
398 1654 164 75 ventricle.
610 1654 100 75 They
726 1654 53 75 are
795 1654 90 75 three
902 1654 174 75 triangular
1091 1654 74 75 pro-

136 1701 157 75 rfudions,
317 1701 78 75 very
410 1701 125 75 fmooth
553 1701 62 75 and
632 1701 141 75 polifhed
788 1701 42 75 on
850 1701 69 75 that
935 1701 63 75 fide
1015 1701 105 75 which
1137 1701 28 75 is

137 1748 116 75 turned
269 1748 140 75 towards
426 1748 54 75 the
498 1748 138 75 auricle;
663 1748 62 75 and
737 1748 42 75 on
796 1748 55 75 the
865 1748 65 75 fide
946 1748 81 75 next
1045 1748 56 75 the
1112 1748 53 75 ca-

136 1795 70 75 vity
222 1795 40 75 of
274 1795 55 75 the
346 1795 167 75 ventricle,
538 1795 78 75 they
630 1795 82 75 have
728 1795 118 75 feveral
866 1795 220 75 membranous
1104 1795 62 75 and

139 1840 173 75 tendinous
328 1840 201 75 expanfions,
549 1840 62 75 and
628 1840 82 75 their
727 1840 95 75 edges
841 1840 52 75 are
911 1840 138 75 notched
1065 1840 37 75 or
1117 1840 48 75 in-

137 1887 144 75 dented.,
316 1887 79 75 The
415 1887 107 75 valves
545 1887 40 75 of
603 1887 56 75 the
682 1887 157 75 auricular
856 1887 108 75 orifice
983 1887 40 75 of
1035 1887 55 75 the
1106 1887 60 75 left

136 1935 153 75 ventricle
305 1935 65 75 ,are
386 1935 40 75 of
448 1935 54 75 the
527 1935 84 75 fame
627 1935 91 75 ftiape
745 1935 64 75 and
825 1935 163 75 ftrudture,
1013 1935 58 75 but
1088 1935 78 75 they

138 1979 54 75 are
219 1979 77 75 only
324 1979 65 75 two
412 1979 33 75 in
461 1979 133 75 number
609 1979 10 75 ;
646 1979 63 75 and
736 1979 84 75 from
843 1979 86 75 fome
946 1979 88 75 fmall
1052 1979 113 75 refem-

139 2026 109 75 blance
265 2026 35 75 to
316 2026 19 75 a
351 2026 105 75 mitre,
480 2026 79 75 they
574 2026 80 75 have
666 2026 79 75 been
762 2026 113 75 named
893 2026 154 75 mitrales.

184 2072 77 75 The
276 2072 168 75 femilunar
461 2072 106 75 valves
584 2072 52 75 are
652 2072 47 75 fix
716 2072 32 75 in
764 2072 146 75 number,
934 2072 91 75 three
1034 2072 133 75 belong-

138 2120 54 75 ing
209 2120 35 75 to
259 2120 78 75 each
353 2120 165 75 ventricle,
542 2120 133 75 fituated
692 2120 31 75 at
740 2120 55 75 the
808 2120 127 75 mouths
959 2120 39 75 of
1010 2120 55 75 the
1078 2120 89 75 great

138 2164 152 75 arteries;
317 2164 62 75 and
395 2164 76 75 they
494 2164 73 75 may
583 2164 40 75 be
650 2164 150 75 properly
826 2164 124 75 enough
968 2164 114 75 named
1099 2164 68 75 val-

140 2211 80 75 vuke
233 2211 176 75 arteriales.

185 2257 78 75 The
278 2257 89 75 great
380 2257 106 75 artery
502 2257 70 75 that
584 2257 76 75 goes
678 2257 56 75 out
751 2257 85 75 from
852 2257 55 75 the
923 2257 62 75 left
1000 2257 166 75 ventricle,

140 2304 28 75 is
191 2304 124 75 termed
331 2304 101 75 aorta.
481 2304 48 75 As
546 2304 25 75 it
588 2304 74 75 goes
679 2304 68 75 out,
764 2304 27 75 it
807 2304 89 75 turns
909 2304 17 75 a
939 2304 83 75 little
1044 2304 124 75 toward

140 2350 61 75 th
221 2350 85 75 right
330 2350 99 75 band,
454 2350 63 75 and
539 2350 77 75 then
638 2350 101 75 bends
763 2350 166 75 obliquely
945 2350 172 75 backward
1134 2350 37 75 to

141 2395 84 75 form
242 2395 87 75 what
344 2395 27 75 is
388 2395 104 75 called
506 2395 90 75 aorta
611 2395 204 75 defcendens.

189 2442 74 75 The
279 2442 98 75 trunk
388 2442 40 75 of
439 2442 54 75 the
506 2442 107 75 artery
628 2442 105 75 which
750 2442 76 75 goes
842 2442 57 75 out
916 2442 84 75 from
1016 2442 55 75 the
1083 2442 87 75 right

141 2487 153 75 ventricle
310 2487 26 75 is
361 2487 102 75 called
490 2487 117 75 arteria
629 2487 217 75 pulmonaris.,
883 2487 85 75 This
994 2487 107 75 trunk,
1134 2487 33 75 as

141 2533 25 75 it
175 2533 26 75 is
214 2533 159 75 naturally
395 2533 134 75 fituated
540 2533 31 75 in
589 2533 54 75 the
659 2533 132 75 thorax,
818 2533 74 75 runs
909 2533 65 75 firll
1001 2533 40 75 of
1060 2533 42 75 all
1119 2533 48 75 di-

142 2580 99 75 rectly
257 2580 132 75 upward
412 2580 51 75 for
476 2580 19 75 a
507 2580 88 75 final!
608 2580 101 75 fpace,
733 2580 78 75 then
826 2580 123 75 divides
961 2580 146 75 laterally
1118 2580 50 75 in-

142 2627 36 75 to
194 2627 65 75 two
276 2627 151 75 principal
445 2627 168 75 branches,
637 2627 60 75 one
710 2627 50 75 for
769 2627 78 75 each
863 2627 96 75 lung;
979 2627 70 75 that
1062 2627 107 75 which

143 2672 76 75 goes
241 2672 36 75 to
303 2672 56 75 the
382 2672 87 75 right
492 2672 77 75 lung
590 2672 95 75 being
707 2672 56 75 the
778 2672 135 75 longelt,
936 2672 53 75 for
1015 2672 20 75 a
1058 2672 113 75 reafon

144 2719 69 75 that
230 2719 76 75 (hall
323 2719 40 75 be
375 2719 92 75 given
479 2719 174 75 hereafter.

190 2765 76 75 The
283 2765 132 75 auricles
433 2765 52 75 are
501 2765 154 75 mufcular
681 2765 77 75 bags
775 2765 133 75 fituated
920 2765 32 75 at
969 2765 56 75 the
1041 2765 78 75 bafis
1136 2765 40 75 of

144 2811 54 75 the
211 2811 103 75 heart,
338 2811 61 75 one
411 2811 140 75 towards
568 2811 55 75 the
635 2811 85 75 right
741 2811 165 75 ventricle,
932 2811 55 75 the
1010 2811 93 75 other
1120 2811 50 75 to-

142 2857 105 75 wards
270 2857 56 75 the
341 2857 73 75 left,
441 2857 62 75 and
523 2857 111 75 joined
651 2857 148 75 together
815 2857 44 75 by
875 2857 39 75 an
930 2857 91 75 inner
1036 2857 134 75 feptum,

144 2903 63 75 and
233 2903 146 75 external
406 2903 266 75 communicating
699 2903 108 75 fibres,
831 2903 95 75 much
946 2903 31 75 in
1006 2903 57 75 the
1086 2903 84 75 fame

144 2948 129 75 manner
288 2948 79 75 with
379 2948 56 75 the
452 2948 188 75 ventricles;
666 2948 60 75 one
734 2948 44 75 of
785 2948 85 75 them
884 2948 92 75 being
989 2948 113 75 named
1114 2948 56 75 the

144 2997 87 75 right
250 2997 132 75 auricle,
407 2997 53 75 the
480 2997 93 75 other
589 2997 55 75 the
652 2997 77 75 left.
776 2997 99 75 They
892 2997 28 75 ar
927 2997 18 75 e
961 2997 77 75 very
1050 2997 136 75 uaeveft.

2156 145 80 75 279

1205 216 42 75 on
1263 216 55 75 the
1329 216 111 75 infide,
1464 216 59 75 but
1538 216 163 75 finoother
1712 216 42 75 on
1772 216 55 75 the
1843 216 134 75 outfide,
1995 216 63 75 and
2070 216 167 75 terminate

1205 262 31 75 in
1261 262 19 75 a
1305 262 136 75 narrow,
1476 262 68 75 flat,
1570 262 151 75 indented
1740 262 92 75 edge,
1858 262 215 75 reprefenting
2090 262 18 75 a
2130 262 109 75 cocks

1206 308 105 75 comb,
1337 308 38 75 or
1391 308 31 75 in
1439 308 85 75 fome
1541 308 140 75 meafure
1692 308 55 75 the
1762 308 55 75 ear
1833 308 41 75 of
1885 308 19 75 a
1919 308 77 75 dog.
2044 308 100 75 They
2156 308 83 75 open

1205 355 69 75 into
1290 355 86 75 thefe
1383 355 127 75 orifices
1519 355 40 75 of
1570 355 80 75 each
1659 355 167 75 ventricle,
1840 355 105 75 which
1955 355 53 75 are
2028 355 115 75 named
2152 355 86 75 auri-

1206 402 87 75 cular
1310 402 123 75 orifices
1446 402 9 75 ;
1482 402 63 75 and
1560 402 78 75 they
1653 402 54 75 are
1734 402 168 75 tendinous
1926 402 34 75 at
1984 402 85 75 their
2085 402 153 75 opening,

1206 447 31 75 in
1257 447 55 75 the
1329 447 84 75 fame
1428 447 131 75 manner
1570 447 33 75 as
1621 447 57 75 the
1694 447 182 75 ventricles.

1255 494 77 75 The
1356 494 86 75 right
1463 494 116 75 auricle
1596 494 26 75 is
1649 494 106 75 larger
1770 494 78 75 than
1865 494 55 75 the
1939 494 72 75 left,
2037 494 62 75 and
2115 494 26 75 it
2154 494 87 75 joins

1208 539 56 75 the
1279 539 87 75 right
1390 539 153 75 ventricle
1560 539 44 75 by
1626 539 20 75 a
1661 539 148 75 common
1825 539 168 75 tendinous
2010 539 149 75 opening.
2209 539 33 75 It

1208 586 55 75 has
1282 586 65 75 two
1366 586 94 75 other
1476 586 154 75 openings
1648 586 111 75 united
1776 586 68 75 into
1861 586 73 75 one,
1961 586 60 75 and
2045 586 126 75 formed
2198 586 45 75 bv

1208 633 65 75 two
1294 633 89 75 large
1406 633 87 75 veins
1514 633 106 75 which
1636 633 85 75 meet
1736 633 63 75 and
1816 633 169 75 terminate
2001 633 104 75 there,
2131 633 112 75 almoll

1206 679 32 75 in
1255 679 18 75 a
1288 679 100 75 direft
1403 679 76 75 line,
1505 679 103 75 called
1631 679 81 75 vena
1736 679 77 75 cava
1836 679 141 75 fuperior
2003 679 62 75 and
2090 679 148 75 inferior.

1206 726 77 75 The
1300 726 140 75 notched
1463 726 80 75 edge
1560 726 40 75 of
1611 726 64 75 this
1692 726 118 75 auricle
1825 726 184 75 terminates
2027 726 169 75 obliquely
2208 726 34 75 in

1207 772 19 75 a
1237 772 78 75 kind
1326 772 41 75 of
1373 772 111 75 obtufe
1501 772 102 75 point,
1630 772 102 75 which
1751 772 24 75 is
1789 772 18 75 a
1819 772 90 75 fmall
1922 772 170 75 particular
2105 772 137 75 produc-

1209 819 67 75 tion
1294 819 40 75 of
1353 819 55 75 the
1424 819 92 75 great
1532 819 74 75 bag,
1631 819 63 75 and
1715 819 27 75 is
1760 819 114 75 turned
1900 819 123 75 towaid
2048 819 55 75 the
2121 819 123 75 middle

1207 865 39 75 of
1255 865 55 75 the
1326 865 80 75 bafis
1422 865 40 75 of
1474 865 54 75 the
1544 865 105 75 heart.

1255 912 74 75 The
1345 912 61 75 left
1422 912 118 75 auricle
1552 912 26 75 is
1594 912 19 75 a
1629 912 76 75 kind
1722 912 41 75 of
1774 912 158 75 mufcular
1944 912 62 75 bag
2022 912 38 75 or
2075 912 167 75 refervoir,

1207 957 40 75 of
1266 957 19 75 a
1300 957 108 75 pretty
1420 957 214 75 confiderable
1652 957 172 75 tbicknefs,
1849 957 61 75 and
1927 957 174 75 unequally
2116 957 126 75 fquare,

1207 1004 69 75 into
1292 1004 106 75 which
1415 1004 55 75 the
1488 1004 72 75 four
1577 1004 87 75 veins
1680 1004 96 75 open,
1801 1004 103 75 called
1921 1004 87 75 venue
2018 1004 224 75 pulntonares,

1208 1051 62 75 and
1286 1051 105 75 which
1408 1051 57 75 has
1490 1051 18 75 a
1526 1051 123 75 diftind
1666 1051 160 75 appendix
1842 1051 171 75 belonging
2029 1051 36 75 to
2080 1051 38 75 it,
2143 1051 65 75 like
2225 1051 20 75 a

1208 1097 88 75 third
1308 1097 90 75 fmall
1416 1097 130 75 auricle.
1594 1097 87 75 This
1694 1097 61 75 bag
1771 1097 26 75 is
1814 1097 79 75 very
1905 1097 77 75 even
1995 1097 42 75 on
2053 1097 80 75 both
2149 1097 94 75 fides.

1255 1144 76 75 The
1346 1144 92 75 heart
1461 1144 58 75 lies
1537 1144 111 75 almoft
1664 1144 207 75 tranfverfely
1895 1144 41 75 on
1961 1144 57 75 the
2043 1144 199 75 diaphragm,

1208 1190 54 75 the
1279 1190 135 75 greatell
1431 1190 71 75 part
1519 1190 40 75 of
1577 1190 26 75 it
1619 1190 94 75 being
1724 1190 32 75 in
1774 1190 54 75 the
1845 1190 61 75 left
1923 1190 108 75 cavity
2048 1190 38 75 of
2100 1190 53 75 die
2169 1190 75 75 tho-

1208 1236 72 75 rax,
1306 1236 62 75 and
1387 1236 55 75 the
1463 1236 84 75 apex
1569 1236 96 75 being
1681 1236 114 75 turned
1813 1236 124 75 toward
1954 1236 55 75 the
2026 1236 86 75 bony
2135 1236 112 75 extre-

1210 1283 80 75 mity
1306 1283 39 75 of
1358 1283 54 75 the
1424 1283 84 75 fixth
1521 1283 72 75 true
1610 1283 62 75 rib.
1721 1283 76 75 The
1813 1283 78 75 bafis
1908 1283 27 75 is
1951 1283 125 75 toward
2089 1283 55 75 the
2157 1283 89 75 right

1210 1328 128 75 cavity;
1364 1328 61 75 and
1450 1328 79 75 both
1554 1328 148 75 auricles,
1732 1328 170 75 efpecially
1924 1328 56 75 the
1997 1328 99 75 right,
2121 1328 60 75 reft
2202 1328 55 75 cm

1211 1376 55 75 the
1284 1376 202 75 diaphragm.

1255 1422 76 75 The
1345 1422 102 75 origin
1464 1422 37 75 or
1512 1422 79 75 bafis
1607 1422 41 75 of
1666 1422 55 75 the
1737 1422 187 75 pulmonary
1937 1422 108 75 artery
2062 1422 40 75 is,
2126 1422 33 75 in
2175 1422 66 75 this

1212 1468 123 75 natural
1358 1468 160 75 fituation,
1543 1468 55 75 the
1615 1468 129 75 .higheft
1767 1468 71 75 part
1862 1468 39 75 of
1920 1468 55 75 the
2002 1468 93 75 heart
2122 1468 40 75 on
2188 1468 57 75 the

1211 1515 135 75 forefide
1359 1515 10 75 ;
1396 1515 62 75 and
1475 1515 55 75 the
1546 1515 96 75 trunk
1659 1515 40 75 of
1717 1515 64 75 this
1799 1515 106 75 artery
1920 1515 59 75 lies
1995 1515 32 75 in
2045 1515 18 75 a
2079 1515 166 75 perpendi-

1213 1560 87 75 cular
1317 1560 104 75 plane,
1445 1560 106 75 which
1568 1560 74 75 may
1658 1560 38 75 be
1710 1560 172 75 conceived
1893 1560 35 75 to
1944 1560 66 75 pals
2026 1560 146 75 between
2189 1560 57 75 the

1213 1607 136 75 fternum
1373 1607 60 75 and
1460 1607 86 75 fpina
1569 1607 95 75 dorfi.
1710 1607 184 75 Therefore
1918 1607 84 75 fome
2027 1607 71 75 part
2123 1607 40 75 of
2187 1607 60 75 the

1212 1653 77 75 bafis
1306 1653 39 75 of
1364 1653 56 75 the
1436 1653 94 75 heart
1545 1653 26 75 is
1594 1653 32 75 in
1643 1653 54 75 the
1722 1653 86 75 right
1834 1653 104 75 cavity
1964 1653 39 75 of
2021 1653 55 75 the
2099 1653 143 75 thorax;

1212 1703 63 75 and
1291 1703 55 75 the
1362 1703 74 75 reft,
1461 1703 42 75 all
1520 1703 55 75 the
1598 1703 71 75 way
1686 1703 35 75 to
1746 1703 55 75 the
1818 1703 94 75 apex,
1938 1703 27 75 is
1987 1703 33 75 in
2043 1703 56 75 the
2115 1703 60 75 left
2192 1703 54 75 ca-

1212 1747 68 75 vity
1291 1747 11 75 ;
1329 1747 62 75 and
1407 1747 25 75 it
1455 1747 27 75 is
1507 1747 52 75 for
1583 1747 65 75 this
1666 1747 117 75 reafon
1807 1747 71 75 that
1902 1747 55 75 the
1981 1747 220 75 mediaftinum
2217 1747 28 75 is

1212 1794 116 75 turned
1344 1794 125 75 toward
1483 1794 71 75 that
1570 1794 77 75 fide.

1259 1839 185 75 According
1461 1839 35 75 to
1512 1839 68 75 this
1593 1839 72 75 true
1682 1839 126 75 natural
1833 1839 147 75 fitnation
2004 1839 41 75 of
2064 1839 54 75 the
2141 1839 102 75 heart,

1213 1886 55 75 the
1289 1886 85 75 parts
1394 1886 182 75 commonly
1592 1886 66 75 find
1674 1886 36 75 to
1726 1886 39 75 be
1782 1886 42 75 on
1848 1886 55 75 the
1927 1886 87 75 right
2037 1886 63 75 fide
2124 1886 54 75 are
2194 1886 51 75 ra-

1213 1932 72 75 ther
1304 1932 150 75 anterior,
1480 1932 62 75 and
1567 1932 89 75 ^hqfe
1674 1932 43 75 on
1732 1932 54 75 the
1808 1932 60 75 left
1895 1932 63 75 fide
1982 1932 174 75 pofterior;
2183 1932 64 75 and

1214 1979 69 75 that
1297 1979 62 75 fide
1371 1979 39 75 of
1429 1979 55 75 the
1495 1979 93 75 heart
1605 1979 105 75 which
1723 1979 27 75 is
1766 1979 138 75 thought
1918 1979 35 75 to
1969 1979 38 75 be
2026 1979 55 75 the
2097 1979 147 75 forefide,

1213 2025 26 75 is
1256 2025 159 75 naturally
1435 2025 54 75 the
1505 2025 101 75 upper
1622 2025 78 75 fide,
1723 2025 63 75 and
1802 2025 54 75 the
1873 2025 145 75 backfide
2036 2025 209 75 confequent-

1214 2072 33 75 ly
1263 2072 55 75 the
1334 2072 103 75 lower
1445 2072 77 75 fide.

1260 2119 75 75 The
1352 2119 99 75 lower
1467 2119 64 75 fide
1552 2119 28 75 is
1596 2119 77 75 very
1690 2119 67 75 flat,
1782 2119 89 75 lying
1894 2119 121 75 wholly
2032 2119 41 75 on
2097 2119 55 75 the
2176 2119 68 75 dia-

1214 2166 131 75 phragm
1356 2166 10 75 ;
1392 2166 57 75 but
1465 2166 55 75 the
1537 2166 98 75 upper
1652 2166 62 75 fide
1728 2166 27 75 is
1769 2166 19 75 a
1803 2166 84 75 little
1902 2166 124 75 convex
2047 2166 139 75 through
2203 2166 41 75 its

1214 2211 105 75 whole
1331 2211 124 75 length,
1479 2211 32 75 in
1525 2211 54 75 the
1592 2211 153 75 direftion
1762 2211 39 75 of
1821 2211 54 75 the
1890 2211 124 75 feptum
2029 2211 142 75 between
2189 2211 56 75 the

1212 2257 184 75 ventricles.

1261 2304 75 75 The
1352 2304 106 75 heart,
1482 2304 81 75 with
1581 2304 42 75 all
1639 2304 57 75 the
1713 2304 85 75 parts
1814 2304 174 75 belonging,
2002 2304 36 75 to
2053 2304 39 75 it,
2116 2304 28 75 is
2169 2304 77 75 con-

1217 2350 107 75 tained
1351 2350 32 75 in
1412 2350 18 75 a
1457 2350 221 75 membranous
1708 2350 137 75 capfula,
1881 2350 104 75 called
2007 2350 236 75 pericardium,

1217 2396 106 75 which
1345 2396 26 75 is
1390 2396 32 75 in
1441 2396 85 75 fome
1544 2396 141 75 meaiure
1701 2396 39 75 of
1760 2396 16 75 a
1789 2396 120 75 conical
1927 2396 112 75 figure,
2065 2396 63 75 and
2150 2396 96 75 much

1217 2442 111 75 bigger
1344 2442 77 75 than
1438 2442 55 75 the
1505 2442 104 75 heart.
1659 2442 32 75 It
1708 2442 25 75 is
1752 2442 56 75 not
1825 2442 86 75 fixed
1928 2442 34 75 to
1978 2442 55 75 the
2050 2442 77 75 bafis
2140 2442 39 75 of
2190 2442 57 75 the

1216 2488 104 75 heart,
1345 2488 58 75 but
1419 2488 102 75 round
1539 2488 54 75 the
1608 2488 88 75 large
1713 2488 209 75 veins.above,
1940 2488 55 75 the
2017 2488 148 75 aurichsj
2188 2488 58 75 be-

1218 2535 68 75 fore
1299 2535 79 75 they
1389 2535 76 75 fend
1481 2535 51 75 off
1551 2535 53 75 the
1617 2535 238 75 ramifications,
1880 2535 63 75 and
1965 2535 104 75 round
2085 2535 56 75 the
2156 2535 90 75 laige

1217 2581 144 75 arteriesj
1385 2581 113 75 before
1516 2581 82 75 their
1613 2581 161 75 divifions.

2178 2581 8 75 >

1263 2627 75 75 The
1365 2627 209 75 pericardium
1603 2627 27 75 is
1655 2627 96 75 made-
1770 2627 43 75 up
1840 2627 40 75 of
1902 2627 91 75 three
2019 2627 135 75 laminae,
2191 2627 56 75 the

1219 2674 119 75 middle
1351 2674 63 75 and
1429 2674 89 75 chief
1537 2674 40 75 of
1596 2674 108 75 which
1717 2674 27 75 is
1761 2674 170 75 compofed
1945 2674 40 75 of
2004 2674 77 75 very
2097 2674 62 75 fine
2175 2674 71 75 ten-

1218 2720 113 75 dinous
1348 2720 168 75 filaments,
1541 2720 118 75 clofely
1676 2720 195 75 interwoven
1890 2720 62 75 and
1969 2720 136 75 crofting,
2116 2720 80 75 each
2210 2720 37 75 o-

1218 2767 72 75 ther
1305 2767 32 75 in
1354 2767 149 75 different
1526 2767 181 75 diretticns.
1753 2767 77 75 The
1853 2767 133 75 internal
2008 2767 119 75 lamina
2146 2767 100 75 feems

1220 2812 34 75 to
1271 2812 39 75 be
1327 2812 17 75 a
1361 2812 215 75 continuation
1593 2812 39 75 of
1651 2812 54 75 the
1723 2812 90 75 outer
1831 2812 72 75 coat
1924 2812 39 75 of
1983 2812 55 75 the
2060 2812 105 75 heart,
2190 2812 55 75 au-

1220 2860 105 75 ricleSi
1351 2860 62 75 and
1437 2860 89 75 great
1548 2860 122 75 veffels.
1718 2860 77 75 The
1812 2860 112 75 trunks
1940 2860 40 75 of
1999 2860 55 75 the
2071 2860 90 75 aorta
2183 2860 64 75 and

1221 2906 185 75 pulmonary
1423 2906 104 75 artery
1544 2906 80 75 have
1648 2906 60 75 cne
1725 2906 145 75 common
1894 2906 71 75 coat
1983 2906 104 75 which
2103 2906 143 75 contains

1223 2952 84 75 them
1325 2952 79 75 both
1424 2952 32 75 as
1474 2952 30 75 in
1523 2952 17 75 a
1556 2952 120 75 fhoath,
1701 2952 61 75 and
1779 2952 26 75 is
1822 2952 86 75 lined
1930 2952 41 75 on
1988 2952 55 75 the
2058 2952 94 75 infide
2169 2952 43 75 by
2228 2952 20 75 a

1222 3002 129 75 cellular
1367 3002 173 75 fubftacce,
1557 3002 113 75 chiefly
1687 3002 33 75 in
1731 3002 69 75 that
1811 3002 90 75 fpace
1914 3002 106 75 which
2030 3002 57 75 lies
2103 3002 145 75 between

2137 3049 123 75 where.

691 148 42 75 A
848 148 45 75 N
1008 148 43 75 A
1166 148 41 75 T
1322 148 42 75 O
1480 148 50 75 M
1644 148 49 75 Y.
