2483 3387
1311 174 34 75 E
1417 174 39 75 T
1532 167 18 75 I
1630 167 35 75 C
1745 167 51 75 K.

616 173 41 75 A
732 173 39 75 R
849 173 18 75 I
943 173 40 75 T
1060 173 44 75 If
1180 173 52 75 M

175 251 102 75 them"
287 251 70 75 into
382 251 239 75 parcels,'then
645 251 63 75 caft
744 251 45 75 up
807 251 78 75 each
902 251 105 75 parcel
1024 251 188 75 feparately,

178 299 64 75 and
257 299 189 75 afterwards
465 299 63 75 add
543 299 56 75 the
613 299 87 75 fums
728 299 40 75 of
787 299 56 75 the
870 299 118 75 federal
1005 299 123 75 parcels
1143 299 70 75 into

180 346 62 75 one
257 346 95 75 total.

275 449 33 75 2.
350 449 455 75 AVOIRDUPOIS
841 449 275 75 WEIGHT.

525 530 36 75 T
600 530 35 75 A
673 530 32 75 B
747 530 32 75 L
819 530 45 75 E.

2214 176 20 75 1
2234 158 35 49 6
2269 176 27 75 9

572 828 142 75 Marked
736 828 88 75 thus.

252 891 41 75 r.
369 891 37 75 C.

648 891 45 75 lb.

840 891 53 75 oz.

1049 891 54 75 dr.

267 941 12 75 l
307 941 37 75 —
368 941 45 75 20
439 941 37 75 “
500 941 45 75 8o
569 941 37 75 —
628 941 94 75 2240
744 941 38 75 =
807 941 115 75 35840
945 941 37 75 =
1008 941 139 75 573440

397 980 13 75 1
522 980 22 75 4
566 980 38 75 =
654 980 62 75 112
742 980 39 75 =
831 980 86 75 1792
943 980 37 75 =
1026 980 117 75 28673

228 1035 55 75 By
304 1035 221 75 Avoirdupois
546 1035 120 75 weight
693 1035 56 75 are
773 1035 147 75 weighed
945 1035 122 75 butter,
1092 1035 122 75 cheefe,

181 1079 94 75 rofin,
308 1079 88 75 wax,
427 1079 102 75 pitch,
559 1079 63 75 tar,
647 1079 122 75 tallow,
795 1079 86 75 foap,
907 1079 71 75 fait,
1002 1079 109 75 hemp,
1135 1079 78 75 flax,

182 1126 88 75 beef,
292 1126 101 75 brafs,
417 1126 84 75 iron,
518 1126 96 75 iteel,
639 1126 60 75 tin,
727 1126 132 75 copper,
889 1126 87 75 lead,
1007 1126 110 75 allum,
1152 1126 62 75 and

184 1172 43 75 all
244 1172 135 75 grocery
394 1172 114 75 wares.

232 1219 101 75 Note,
363 1219 122 75 ipvC.
503 1219 42 75 of
554 1219 73 75 lead
643 1219 91 75 m^ke
755 1219 19 75 a
790 1219 129 75 fodder.

230 1265 39 75 In
297 1265 118 75 adding
442 1265 57 75 the
525 1265 168 75 following
720 1265 160 75 example,
920 1265 96 75 begin
1048 1265 80 75 with
1159 1265 58 75 the

185 1311 130 75 ounces,
340 1311 64 75 and
419 1311 67 75 fay,
514 1311 41 75 15
574 1311 64 75 and
659 1311 41 75 10
721 1311 92 75 make
839 1311 64 75 25;
929 1311 108 75 which
1063 1311 96 75 being
1183 1311 33 75 a-

181 1359 85 75 bove
286 1359 55 75 16,
365 1359 72 75 dot,
462 1359 66 75 and
547 1359 94 75 carry
659 1359 90 75 away
773 1359 56 75 the
855 1359 109 75 excefs
990 1359 35 75 9,
1049 1359 120 75 faying,
1196 1359 23 75 9

187 1405 37 75 cf
236 1405 110 75 excefs
362 1405 62 75 and
440 1405 24 75 6
484 1405 92 75 make
603 1405 54 75 15,
679 1405 66 75 and
762 1405 20 75 8
801 1405 91 75 make
910 1405 41 75 23
966 1405 10 75 ;
1002 1405 107 75 where
1126 1405 93 75 again

186 1450 70 75 dot,
281 1450 64 75 and
371 1450 94 75 carry
489 1450 91 75 away
605 1450 57 75 the
689 1450 111 75 excefs
834 1450 31 75 7,
889 1450 121 75 faying,
1037 1450 20 75 7
1075 1450 62 75 and
1155 1450 18 75 2
1191 1450 29 75 is

189 1497 33 75 9,
249 1497 64 75 and
332 1497 13 75 1
366 1497 113 75 tenon
502 1497 56 75 the
570 1497 65 75 left
649 1497 41 75 is,
699 1497 61 75 19;
786 1497 109 75 where
910 1497 71 75 dot,
1007 1497 63 75 and
1080 1497 140 75 proceed

186 1543 79 75 with
282 1543 55 75 the
353 1543 109 75 excefs
481 1543 33 75 3,
532 1543 121 75 faying,
674 1543 17 75 3
711 1543 63 75 and
790 1543 21 75 4
824 1543 27 75 is
866 1543 33 75 7,
917 1543 62 75 and
988 1543 25 75 .i
1034 1543 55 75 ten
1105 1543 114 75 orvthe

187 1589 60 75 left
262 1589 28 75 is
311 1589 61 75 17;
398 1589 109 75 where
522 1589 72 75 dot,
618 1589 63 75 and
697 1589 94 75 carry
802 1589 55 75 the
873 1589 110 75 excefs
1005 1589 33 75 1,
1057 1589 122 75 faying,
1201 1589 14 75 1

189 1636 60 75 and
268 1636 17 75 5
305 1636 26 75 is
349 1636 34 75 6,
409 1636 64 75 and
501 1636 13 75 1
535 1636 54 75 ten
612 1636 43 75 on
678 1636 56 75 the
756 1636 61 75 left
840 1636 28 75 is
893 1636 40 75 16
953 1636 11 75 ;
997 1636 108 75 where
1129 1636 92 75 again

189 1681 69 75 dot,
292 1681 64 75 and
379 1681 91 75 there
493 1681 94 75 being
611 1681 44 75 no
673 1681 122 75 excefs,
828 1681 66 75 you
919 1681 81 75 have
1022 1681 140 75 nothing
1185 1681 36 75 to

183 1729 50 75 iet
249 1729 109 75 dewn.
465 1777 80 75 <I0)
572 1777 84 75 (20)
680 1777 56 75 (4)
763 1777 79 75 (28)
869 1777 80 75 (16)

486 1823 41 75 r.
584 1823 39 75 c.
680 1823 49 75 &
776 1823 46 75 ib.
887 1823 52 75 oz.

492 1880 42 75 74

487 1926 44 75 85

486 1965 47 75 68

489 2015 42 75 52
489 2055 43 75 50

488 2102 44 75 48

487 2156 44 75 97

779 1872 58 75 27.

778 1920 58 75 24.

781 1965 45 75 20

783 2011 54 75 19.

784 2057 52 75 18.

783 2104 40 75 16

805 2158 17 75 3

473 2242 67 75 478
595 2242 38 75 15
702 2242 18 75 3
789 2242 45 75 20

235 2299 144 75 Proceed
403 2299 74 75 now
504 2299 36 75 to
567 2299 63 75 add
655 2299 58 75 the
736 2299 123 75 pounds
874 2299 11 75 ;
919 2299 110 75 faying
1055 2299 18 75 5
1098 2299 124 75 carried

189 2346 84 75 from
297 2346 56 75 the
380 2346 129 75 ounces,
535 2346 69 75 viz.
629 2346 63 75 one
714 2346 53 75 for
794 2346 97 75 evefy
916 2346 70 75 dot,
1012 2346 63 75 and
1093 2346 17 75 3
1129 2346 93 75 make

189 2393 35 75 8,
249 2393 64 75 and
329 2393 22 75 6
374 2393 94 75 make
488 2393 55 75 14,
571 2393 63 75 and
656 2393 12 75 1
689 2393 54 75 ten
766 2393 43 75 on
833 2393 55 75 the
904 2393 61 75 left
981 2393 27 75 is
1032 2393 57 75 24,
1119 2393 65 75 and
1199 2393 19 75 8

189 2437 93 75 make
302 2437 41 75 32
357 2437 10 75 ;
394 2437 106 75 which
517 2437 95 75 being
628 2437 101 75 above
750 2437 57 75 28,
833 2437 71 75 dot,
933 2437 61 75 and
1013 2437 42 75 go
1072 2437 54 75 on,
1151 2437 69 75 fay-

188 2486 68 75 ing,
282 2486 21 75 4
319 2486 41 75 of
370 2486 110 75 excefs
497 2486 61 75 and
577 2486 12 75 1
609 2486 54 75 ten
676 2486 41 75 on
734 2486 56 75 the
806 2486 61 75 left
883 2486 27 75 is
932 2486 53 75 14,
1003 2486 63 75 and
1084 2486 20 75 9
1121 2486 26 75 is
1162 2486 57 75 23,

188 2530 62 75 and
272 2530 12 75 1
312 2530 55 75 ten
384 2530 42 75 on
450 2530 55 75 the
528 2530 60 75 left
603 2530 111 75 1333;
748 2530 108 75 where
882 2530 91 75 again
993 2530 71 75 dot,
1089 2530 63 75 and
1178 2530 43 75 go

190 2576 54 75 on,
261 2576 120 75 faying,
404 2576 16 75 ;
435 2576 41 75 of
485 2576 110 75 excefs
612 2576 63 75 and
688 2576 45 75 20
750 2576 27 75 is
791 2576 56 75 25,
866 2576 63 75 and
942 2576 21 75 4
972 2576 30 75 is
1017 2576 44 75 29
1076 2576 11 75 ;
1112 2576 108 75 where

190 2622 70 75 dot,
278 2622 62 75 and
363 2622 150 75 proceed,
528 2622 134 75 "faying,
691 2622 14 75 1
725 2622 41 75 of
776 2622 109 75 excels
903 2622 62 75 and
983 2622 19 75 2
1019 2622 71 75 tens
1107 2622 40 75 on
1164 2622 57 75 thb

187 2669 62 75 left
276 2669 93 75 make
387 2669 57 75 21,
470 2669 63 75 and
551 2669 19 75 7
586 2669 94 75 make
702 2669 42 75 28
758 2669 11 75 ;
804 2669 109 75 where
940 2669 72 75 dot,
1036 2669 63 75 and
1124 2669 56 75 the
1198 2669 21 75 2

189 2715 83 75 tens,
298 2715 38 75 or
354 2715 56 75 20,
436 2715 41 75 on
494 2715 56 75 the
567 2715 73 75 left,
666 2715 45 75 fet
727 2715 120 75 below.

237 2762 67 75 We
323 2762 112 75 Ihould
450 2762 75 75 now
545 2762 139 75 proceed
698 2762 36 75 to
749 2762 64 75 add
830 2762 54 75 the
900 2762 147 75 quarters
1061 2762 11 75 ;
1097 2762 123 75 faying,

192 2808 21 75 4
230 2808 125 75 carried
366 2808 90 75 from
483 2808 56 75 the
564 2808 125 75 pounds
706 2808 63 75 and
788 2808 14 75 1
822 2808 93 75 make
934 2808 32 75 5,
992 2808 87 75 fcc.;
1105 2808 58 75 but
1187 2808 34 75 as

190 2853 65 75 you
271 2853 93 75 carry
379 2853 77 75 here
480 2853 8 75 1
512 2853 51 75 for
580 2853 96 75 every
699 2853 87 75 four,
811 2853 56 75 the
883 2853 146 75 quarters
1047 2853 53 75 are
1116 2853 106 75 added

191 2898 125 75 exactly
334 2898 34 75 as
389 2898 55 75 the
463 2898 159 75 farthings
641 2898 31 75 in
691 2898 143 75 addition
862 2898 42 75 of
925 2898 127 75 money.
1102 2898 38 75 In
1164 2898 56 75 the

190 2947 162 75 hundreds
369 2947 63 75 you
449 2947 93 75 carry
557 2947 34 75 at
609 2947 44 75 20
665 2947 10 75 ;
701 2947 119 75 which,
844 2947 174 75 therefore,
1044 2947 54 75 are
1114 2947 106 75 added

181 2992 43 75 .as
241 2992 151 75 (hillings.
443 2992 77 75 The
535 2992 74 75 tuns
626 2992 53 75 are
695 2992 160 75 integers;
881 2992 62 75 and
967 2992 104 75 added
1086 2992 133 75 accord-

188 3043 102 75 ingly.

240 3087 96 75 Vox,.
360 3087 32 75 I.
440 3087 71 75 No.
541 3087 54 75 16.

1116 3087 17 75 3

1536 294 66 75 III.
1653 294 116 75 Proof
1784 294 44 75 of
1844 294 172 75 Addition.

1308 382 208 75 Addition
1536 382 74 75 may
1629 382 40 75 be
1687 382 120 75 proved
1825 382 117 75 feveral
1960 382 99 75 ways,

1312 429 33 75 1.
1368 429 192 75 Merchants
1587 429 64 75 and
1677 429 74 75 men
1775 429 41 75 of
1835 429 136 75 bufmsfs
1996 429 124 75 ufually
2136 429 63 75 add
2217 429 79 75 each

1261 476 129 75 column
1405 476 65 75 firft
1486 476 161 75 upwards,
1673 476 61 75 and
1763 476 77 75 then
1868 476 215 75 downwards,
2110 476 75 75 and,
2212 476 86 75 upon

1261 522 121 75 finding
1397 522 55 75 the
1469 522 67 75 fum
1552 522 36 75 to
1604 522 40 75 be
1663 522 57 75 the
1737 522 84 75 fame
1838 522 79 75 both
1935 522 86 75 ways
2021 554 22 49 r
2053 522 78 75 they
2143 522 157 75 conclude

1262 569 57 75 the
1334 569 91 75 work
1439 569 38 75 to
1497 569 40 75 be
1555 569 107 75 right:
1691 569 63 75 and
1766 569 64 75 this
1848 569 26 75 is
1888 569 42 75 all
1948 569 55 75 the
2019 569 100 75 proof
2127 569 70 75 that
2214 569 86 75 their

1262 616 90 75 time,
1377 616 37 75 or
1430 616 56 75 the
1502 616 101 75 hurry
1619 616 41 75 of
1672 616 151 75 bufinefs,
1849 616 68 75 will
1931 616 103 75 admit
2052 616 47 75 of.

1312 664 33 75 2.
1371 664 32 75 It
1418 664 28 75 is
1470 664 20 75 a
1511 664 149 75 common
1688 664 137 75 practice
1841 664 31 75 in
1887 664 141 75 fchools,
2058 664 34 75 to
2120 664 98 75 prove
2244 664 56 75 the

1264 709 91 75 work
1371 709 44 75 by
1432 709 19 75 a
1466 709 117 75 fecond
1603 709 156 75 fumming
1774 709 139 75 without
1936 709 56 75 the
2009 709 137 75 top-line
2158 709 11 75 ;
2194 709 64 75 and
2272 709 34 75 if

1263 755 74 75 thus
1353 755 69 75 fum
1437 755 106 75 added
1559 755 35 75 to
1610 755 56 75 the
1684 755 136 75 top-line
1843 755 109 75 makes
1968 755 56 75 the
2042 755 64 75 firft
2124 755 92 75 total,
2243 755 57 75 the

1264 801 90 75 work
1378 801 27 75 is
1430 801 156 75 fuppofed
1610 801 36 75 to
1673 801 40 75 be
1736 801 107 75 right;
1869 801 35 75 as
1928 801 33 75 in
1987 801 55 75 the
2057 801 167 75 following
2239 801 61 75 ex-

1265 849 114 75 ample.

1814 907 40 75 L.
1925 907 30 75 s.
2026 907 35 75 d.

1594 955 160 75 Top-line
1803 955 67 75 748
1924 955 39 75 15
2019 955 66 75 10I

1802 1048 70 75 674
1923 1048 40 75 13
2018 1048 68 75 ni

1800 1103 67 75 835
1922 1103 40 75 17
2036 1103 48 75 Pi

1823 1140 46 75 90
1921 1140 40 75 18
2029 1140 26 75 "8

1595 1232 103 75 Total
1778 1232 93 75 2350
1941 1232 22 75 6
2037 1232 48 75 3-y

1265 1326 103 75 Total
1385 1326 138 75 without
1532 1326 58 75 the
1603 1326 138 75 top-line
1784 1326 85 75 1601
1925 1326 43 75 10
2039 1326 48 75 4^

1599 1419 107 75 Proof
1780 1419 92 75 2350
1944 1419 21 75 6
2039 1419 48 75 3t

1434 1512 100 75 Note,
1557 1512 87 75 This
1660 1512 92 75 mark
1768 1512 38 75 +
1822 1512 134 75 fignifies
1971 1512 110 75 added
2092 1512 43 75 to.

1318 1559 32 75 3.
1376 1559 161 75 Addition
1554 1559 27 75 is
1599 1559 65 75 alfo
1680 1559 122 75 proved
1817 1559 45 75 by
1879 1559 117 75 calling
2012 1559 59 75 out
2087 1559 55 75 the
2159 1559 71 75 9’s;
2248 1559 51 75 for

1269 1606 30 75 if
1306 1606 55 75 the
1372 1606 111 75 excefs
1501 1606 101 75 above
1619 1606 54 75 the
1693 1606 49 75 9’s
1759 1606 32 75 in
1809 1606 54 75 the
1876 1606 81 75 total
1974 1606 40 75 be

1269 1652 56 75 the
1346 1652 83 75 fame
1447 1652 34 75 as
1498 1652 56 75 the
1571 1652 108 75 excefs
1695 1652 34 75 in
1746 1652 55 75 the
1825 1652 107 75 items,
1960 1652 57 75 the
2089 1652 67 75 347
2251 1652 17 75 j

1269 1699 93 75 work
1376 1699 76 75 may
1462 1699 41 75 be
1519 1699 165 75 prefumed
1699 1699 100 75 right.
1846 1699 110 75 Thus,
1981 1699 35 75 to
2087 1699 70 75 684
2213 1699 81 75 ~%J'

1270 1744 98 75 prove
1390 1744 55 75 the
1462 1744 148 75 example
1627 1744 32 75 in
1685 1744 56 75 the
1758 1744 135 75 margin,
1921 1744 94 75 begin
2062 1744 32 75 —

1270 1790 78 75 with
1364 1790 56 75 the
1436 1790 107 75 items,
1567 1790 63 75 and
1649 1790 67 75 fay,
1743 1790 183 75 3-J-4=:7,
1952 1790 62 75 and
2065 1790 86 75 1031
2238 1790 20 75 5

1273 1839 67 75 7+
1349 1839 61 75 7=
1422 1839 41 75 14
1471 1839 36 75 =
1517 1839 166 75 1+4=5
1698 1839 11 75 ;
1734 1839 80 75 with
1831 1839 64 75 this
1915 1839 17 75 5
1945 1839 70 75 pafs

1270 1885 36 75 to
1320 1885 57 75 the
1393 1885 80 75 next
1489 1885 90 75 item,
1605 1885 63 75 and
1689 1885 66 75 fay,
1785 1885 17 75 5
1812 1885 39 75 +
1861 1885 114 75 6=11
1987 1885 37 75 =
2037 1885 11 75 1
2061 1885 39 75 +
2113 1885 101 75 1=2,
2240 1885 64 75 and

1272 1932 18 75 2
1299 1932 38 75 +
1346 1932 208 75 8=10=1,
1581 1932 182 75 and~i+4
1772 1932 37 75 =
1818 1932 41 75 5;
1886 1932 105 75 which
2018 1932 17 75 5
2052 1932 97 75 being
2165 1932 55 75 the
2243 1932 58 75 ex-

1270 1978 65 75 cefs
1359 1978 42 75 of
1419 1978 56 75 the
1499 1978 107 75 items,
1639 1978 90 75 place
1758 1978 31 75 at
1811 1978 55 75 the
1894 1978 56 75 top
1975 1978 40 75 of
2032 1978 55 75 the
2110 1978 97 75 crofs,
2238 1978 64 75 and

1266 2024 139 75 proceed
1421 2024 35 75 to
1468 2024 63 75 caft
1543 2024 55 75 the
1612 2024 49 75 o’s
1673 2024 57 75 out
1743 2024 41 75 of
1796 2024 54 75 the
1863 2024 93 75 total,
1973 2024 121 75 faying,
2117 2024 65 75 1+
2191 2024 109 75 3=4,

1271 2070 64 75 and
1356 2070 21 75 4
1387 2070 38 75 +
1437 2070 63 75 1=
1511 2070 41 75 5;
1577 2070 106 75 which
1704 2070 32 75 5,
1759 2070 97 75 being
1875 2070 55 75 the
1947 2070 109 75 excefs
2077 2070 40 75 of
2134 2070 54 75 the
2205 2070 95 75 total,

1271 2117 89 75 place
1377 2117 32 75 at
1433 2117 56 75 the
1515 2117 73 75 foot
1616 2117 40 75 of
1677 2117 56 75 the
1757 2117 107 75 crofs;
1891 2117 63 75 and
1980 2117 132 75 becaufe
2137 2117 27 75 it
2191 2117 28 75 is
2245 2117 57 75 the

1271 2163 83 75 fame
1370 2163 79 75 with
1467 2163 54 75 the
1540 2163 100 75 figure
1664 2163 34 75 at
1722 2163 55 75 the
1793 2163 70 75 top,
1888 2163 64 75 you
1967 2163 156 75 conclude
2138 2163 56 75 the
2210 2163 92 75 work

1270 2210 36 75 to
1326 2210 40 75 be
1389 2210 100 75 right.

2098 2210 13 75 ,

1317 2255 38 75 If
1364 2255 56 75 the
1434 2255 95 75 items
1546 2255 53 75 are
1612 2255 40 75 of
1661 2255 150 75 different
1826 2255 276 75 denominations;
2121 2255 33 75 as
2162 2255 138 75 pounds,

1270 2302 152 75 Ihillings,
1440 2302 110 75 pence,
1650 2302 11 75 ;
1688 2302 63 75 you
1777 2302 79 75 muft
1887 2302 92 75 begin
1994 2302 81 75 with
2101 2302 55 75 the
2177 2302 124 75 higheft

1270 2347 258 75 denomination;
1556 2347 73 75 and,
1656 2347 83 75 after
1755 2347 190 75 calling.out
1961 2347 54 75 the
2034 2347 63 75 9’$,
2113 2347 115 75 reduce
2244 2347 57 75 the

1270 2395 108 75 excefs
1395 2395 35 75 to
1447 2395 56 75 the
1522 2395 79 75 next
1617 2395 132 75 inferior
1761 2395 240 75 denomination
2013 2395 10 75 ;
2053 2395 65 75 and
2127 2395 77 75 then
2221 2395 79 75 call-

1270 2442 54 75 ing
1339 2442 58 75 out
1412 2442 55 75 the
1486 2442 62 75 9’s,
1577 2442 116 75 reduce
1715 2442 54 75 the
1794 2442 109 75 excefs
1931 2442 35 75 to
1995 2442 54 75 the
2072 2442 80 75 next
2167 2442 134 75 inferior

1270 2488 235 75 denomination
1517 2488 10 75 ;
1555 2488 136 75 proceed
1706 2488 31 75 in
1760 2488 65 75 like
1839 2488 132 75 manner
1986 2488 78 75 with
2082 2488 76 75 this,
2177 2488 61 75 and
2255 2488 45 75 all

1270 2534 55 75 the
1344 2534 99 75 other
1453 2534 99 75 lower
1567 2534 264 75 denominations,
1855 2534 124 75 placing
1995 2534 55 75 the
2065 2534 59 75 hit
2139 2534 109 75 excefs
2265 2534 34 75 at

1271 2580 54 75 the
1341 2580 57 75 top
1415 2580 40 75 of
1466 2580 54 75 the
1538 2580 105 75 crofs;
1670 2580 88 75 then,
1784 2580 32 75 in
1834 2580 55 75 the
1904 2580 84 75 fame
2005 2580 142 75 manner,
2166 2580 62 75 caft
2240 2580 58 75 the

1271 2627 48 75 9’s
1336 2627 56 75 out
1404 2627 41 75 of
1454 2627 55 75 the
1524 2627 95 75 total,
1642 2627 126 75 placing
1784 2627 56 75 the
1855 2627 108 75 excefs
1981 2627 104 75 aythe
2104 2627 72 75 foot
2186 2627 41 75 of
2241 2627 58 75 the

1270 2672 84 75 crofs
1366 2672 10 75 ;
1403 2672 61 75 and
1479 2672 32 75 if
1521 2672 54 75 the
1590 2672 101 75 figure
1708 2672 33 75 at
1756 2672 57 75 rhe
1826 2672 73 75 foot
1915 2672 63 75 and
1994 2672 56 75 top
2069 2672 40 75 be
2126 2672 55 75 the
2197 2672 98 75 fame,

1271 2719 55 75 the
1342 2719 92 75 work
1449 2719 74 75 may
1538 2719 39 75 be
1594 2719 164 75 prefumed
1775 2719 98 75 right.

1318 2766 36 75 If
1376 2766 63 75 any
1465 2766 177 75 operation,
1671 2766 146 75 whether
1839 2766 33 75 in
1897 2766 156 75 addition,
2089 2766 206 75 fubtradion,

1270 2813 257 75 multiplication,
1556 2813 37 75 or
1608 2813 144 75 divifion,
1776 2813 40 75 be
1833 2813 98 75 right,
1960 2813 65 75 this
2042 2813 78 75 kind
2144 2813 40 75 of
2202 2813 100 75 proof

1269 2858 66 75 will
1358 2858 118 75 always
1493 2858 85 75 Ihow
1600 2858 26 75 it
1652 2858 36 75 to
1711 2858 39 75 be
1771 2858 56 75 fo;
1857 2858 58 75 but
1944 2858 30 75 if
1996 2858 39 75 an
2063 2858 164 75 operation
2255 2858 41 75 be

1269 2905 122 75 wrong,
1416 2905 43 75 by
1479 2905 18 75 a
1524 2905 100 75 figure
1651 2905 37 75 or
1712 2905 119 75 figures
1858 2905 95 75 being
1978 2905 183 75 mifplaced,
2190 2905 37 75 or
2249 2905 47 75 by

1267 2953 210 75 mifcounting
1495 2953 33 75 9,
1553 2953 37 75 or
1607 2953 62 75 any
1683 2953 65 75 juft
1763 2953 134 75 number
1916 2953 41 75 of
1977 2953 62 75 9’s,
2063 2953 65 75 this
2155 2953 80 75 kind
2258 2953 41 75 of

1267 3000 100 75 proof
1384 3000 66 75 will
1471 3000 58 75 not
1544 3000 145 75 difoover
1702 3000 59 75 the
1775 3000 143 75 miftake.

1722 3106 17 75 5
1765 3106 34 75 A

1116 3103 17 75 3

2154 3101 139 75 Chap,
