2397 3387
488 186 34 75 B
585 186 33 75 L
676 186 42 75 A

1066 186 17 75 (
1143 186 83 75 559
1284 186 18 75 )

1651 186 35 75 B
1747 186 33 75 L
1838 186 43 75 A

212 260 111 75 There
336 260 26 75 is
376 260 64 75 alfo
457 260 18 75 a
491 260 94 75 black
598 260 90 75 made
706 260 77 75 with
800 260 63 75 gall
882 260 85 75 nuts,
987 260 163 75 copperas,

165 308 37 75 or
218 308 122 75 vitriol,
364 308 76 75 fuch
466 308 33 75 as
528 308 146 75 common
703 308 68 75 ink.
821 308 78 75 And
915 308 18 75 a
948 308 57 75 bla'
1005 308 146 75 ck^made

165 353 78 75 with
261 353 89 75 filver
366 353 62 75 and
444 353 83 75 lead,
546 353 106 75 which
668 353 102 75 ferves
784 353 34 75 to
833 353 46 75 fill
892 353 40 75 up
950 353 54 75 the
1022 353 129 75 cavities

165 400 38 75 of
214 400 150 75 ingraved
382 400 118 75 things.

118 446 162 75 Curriers
306 446 149 75 Black,
482 446 18 75 a
527 446 94 75 black
649 446 91 75 made
769 446 77 75 with
876 446 167 75 gall-nuts,
1077 446 74 75 four

161 493 91 75 beer,
278 493 64 75 and
369 493 56 75 old
449 493 83 75 iron,
558 493 123 75 termed
701 493 55 75 the
773 493 63 75 firft
853 493 94 75 black
1007 493 78 75 The
1102 493 46 75 fe-

160 540 85 75 cond
262 540 106 75 black,
393 540 106 75 which
516 540 87 75 gives
628 540 55 75 the
712 540 83 75 glofs
820 540 34 75 to
879 540 54 75 the
961 540 140 75 leather,,
1122 540 26 75 is

162 585 169 75 compofed
350 585 40 75 of
401 585 167 75 gall-nufs,
594 585 165 75 coppefasj
787 585 61 75 and
864 585 213 75 gum-arabic.

113 633 247 75 Bl4Ck-£««/£,
379 633 31 75 in
422 633 197 75 geopraphy,
637 633 19 75 a
673 633 85 75 town
772 633 40 75 of
823 633 141 75 Ireland,
990 633 97 75 about
1100 633 47 75 fe-

160 679 59 75 ven
237 679 91 75 miles
345 679 99 75 fouth.
455 679 39 75 of
505 679 159 75 Armagh,
688 679 33 75 in
750 679 43 75 6°
815 679 54 75 yc/
894 679 60 75 W.
973 679 89 75 long,
1087 679 64 75 and

165 725 65 75 54°
254 725 51 75 iV
321 725 48 75 N.
388 725 58 75 lat.

114 772 257 75 Black-berry,
397 772 30 75 in
446 772 130 75 botany.
629 772 60 75 See
706 772 146 75 Robots.

114 819 222 75 Black-^^
355 819 42 75 of
403 819 52 75 the
471 819 185 75 exchequer.
707 819 61 75 See
785 819 262 75 Exchequer.

111 865 266 75 ’R-LA.ziiL-bourn,
404 865 18 75 a
438 865 228 75 market-town
683 865 39 75 of
733 865 207 75 Lancaihire,
966 865 97 75 about
1075 865 73 75 nine

158 911 89 75 miles
263 911 62 75 eaft
342 911 40 75 of
393 911 132 75 Preiloh'
525 911 11 75 ,
563 911 31 75 in
604 911 128 75 '2°''2c/
750 911 63 75 W.
827 911 88 75 long,
942 911 61 75 and
1019 911 60 75 53°
1094 911 57 75 40'

159 959 46 75 N.
222 959 57 75 lat.

108 1005 224 75 Black-*7?/),
357 1005 33 75 in
418 1005 220 75 ornithology,
670 1005 55 75 the
751 1005 132 75 Englifh
911 1005 92 75 name
1030 1005 41 75 of
1093 1005 56 75 the

154 1051 177 75 mufctcapa
347 1051 190 75 utricapilla.
588 1051 62 75 See
667 1051 249 75 MusciCAPA.

108 1100 255 75 Black-m^/?.
413 1100 74 75 See'
487 1100 152 75 FALCo.

109 1144 261 75 "BzA.ZK-foreJl,
396 1144 18 75 a
436 1144 69 75 part
524 1144 40 75 of
577 1144 138 75 Swabia,
742 1144 131 75 divided
889 1144 85 75 from
992 1144 154 75 Switzer-

156 1191 75 75 land
246 1191 43 75 by
301 1191 55 75 the
373 1191 222 75 river'Rhine.

108 1237 257 75 fthkCK-game.
416 1237 61 75 See
494 1237 181 75 Tetrao.

108 1284 7 75 '
115 1284 239 75 Hi.kCK.-tnail,
382 1284 17 75 a
418 1284 68 75 hnk
505 1284 39 75 of
562 1284 87 75 mail,
674 1284 38 75 or
737 1284 88 75 fmall
854 1284 104 75 pieces
986 1284 42 75 of
1050 1284 95 75 metal

155 1330 36 75 or
208 1330 128 75 money.
385 1330 38 75 In
436 1330 55 75 the
504 1330 143 75 counties
660 1330 39 75 pf
711 1330 313 75 Northumberland,
1043 1330 101 75 Cum-

153 1378 144 75 berland,
316 1378 273 75 Weftmoreland,
608 1378 189 75 tmdfeveral
817 1378 85 75 parts
922 1378 39 75 of
975 1378 167 75 Scotland,

153 1423 24 75 it
196 1423 63 75 was
284 1423 155 75 formerly
466 1423 96 75 taken
587 1423 52 75 for
663 1423 18 75 a
706 1423 120 75 certain
856 1423 69 75 rent
953 1423 41 75 of
1015 1423 129 75 money,

153 1470 90 75 corn,
268 1470 111 75 cattle,
397 1470 36 75 or
450 1470 94 75 other
561 1470 242 75 confideration,
830 1470 73 75 paid
916 1470 43 75 by
973 1470 79 75 poor
1070 1470 74 75 peo-

154 1517 51 75 ple
225 1517 76 75 near
321 1517 54 75 the
392 1517 145 75 borders,
563 1517 35 75 to
622 1517 126 75 perfons
774 1517 40 75 of
830 1517 75 75 note
932 1517 63 75 and
1024 1517 118 75 power,

153 1564 95 75 allied
266 1564 75 75 with
360 1564 84 75 fome
462 1564 256 75 mofs-troopers,
744 1564 37 75 or
806 1564 117 75 known
940 1564 145 75 robbers,
1110 1564 36 75 in

153 1608 93 75 order
263 1608 35 75 to
322 1608 123 75 proteA
462 1608 87 75 them
567 1608 84 75 from
668 1608 129 75 pillage.

104 1657 374 75 Black-See
495 1657 151 75 Order.

105 1700 223 75 Black-*-^.
378 1700 61 75 See
456 1700 101 75 Rod.

103 1749 217 75 BLACK-yi?tf,
346 1749 54 75 the
417 1749 84 75 fame
518 1749 78 75 with
615 1749 54 75 the
687 1749 132 75 Euxine
835 1749 64 75 fea,
925 1749 90 75 lying
1043 1749 97 75 north

153 1795 197 75 ofNatolia,
376 1795 143 75 between
541 1795 67 75 29°
627 1795 63 75 and
718 1795 45 75 44
763 1777 21 49 0
812 1795 44 75 E.
872 1795 90 75 long,
988 1795 61 75 and
1077 1795 64 75 42°

152 1841 61 75 and
231 1841 67 75 46°
316 1841 48 75 N.
383 1841 56 75 lat.

104 1888 214 75 Black-//v.
370 1888 61 75 See
448 1888 92 75 Tin.

103 1935 271 75 BLACK-w^/er,
400 1935 55 75 the
483 1935 91 75 name
590 1935 42 75 of
653 1935 66 75 two
737 1935 97 75 rivers
852 1935 31 75 in
900 1935 151 75 Ireland;
1078 1935 62 75 one

148 1982 40 75 of
201 1982 104 75 which
324 1982 74 75 runs
420 1982 139 75 through
579 1982 55 75 the
651 1982 142 75 counties
810 1982 40 75 of
866 1982 89 75 Cork
975 1982 60 75 and
1054 1982 84 75 Wa-

148 2029 135 75 terford,
309 2029 62 75 and
388 2029 73 75 falls
477 2029 32 75 in
527 2029 148 75 Youghal
693 2029 83 75 bay;
804 2029 61 75 and
882 2029 54 75 the
953 2029 108 75 other,
1090 2029 56 75 af-

147 2074 49 75 ter
213 2074 155 75 watering
383 2074 55 75 the
456 2074 118 75 county
598 2074 40 75 of
654 2074 158 75 Armagh,
836 2074 76 75 falls
932 2074 69 75 into
1018 2074 124 75 Lough.

148 2120 130 75 Neagh.

101 2165 204 75 BLACKS,
330 2165 32 75 in
380 2165 198 75 phyfiology.
630 2165 61 75 See
707 2165 209 75 Negroes.

101 2213 252 75 BLADDER,
379 2213 34 75 in
430 2213 163 75 anatomy.
644 2213 110 75 Seep.
775 2213 81 75 260.
882 2213 64 75 col.
967 2213 36 75 2.

101 2259 58 75 ^A
176 2259 210 75 -Bladder,
412 2259 31 75 in
461 2259 200 75 phyfiology.
713 2259 61 75 See
791 2259 91 75 Air.

101 2306 294 75 ^//-Bladders.
446 2306 60 75 See
523 2306 88 75 Oil.

99 2352 208 75 BLA1RIA,
333 2352 32 75 in
383 2352 132 75 botany,
540 2352 19 75 a
574 2352 98 75 genus
687 2352 41 75 of
739 2352 57 75 the
820 2352 174 75 tetrandria
1022 2352 112 75 mono-

146 2398 94 75 gynia
256 2398 92 75 clafs.
396 2398 77 75 The
491 2398 84 75 calix
592 2398 26 75 is
634 2398 131 75 divided
781 2398 68 75 into
867 2398 73 75 four
963 2398 171 75 fegments,

146 2445 33 75 as
205 2445 64 75 alfo
286 2445 56 75 the
358 2445 143 75 corolla;
527 2445 55 75 the
606 2445 129 75 (lamina
762 2445 53 75 are
839 2445 139 75 inferred
995 2445 67 75 into
1079 2445 55 75 the

145 2492 197 75 receptacle;
369 2492 62 75 and
456 2492 54 75 the
530 2492 125 75 capfule
672 2492 57 75 has
746 2492 73 75 four
836 2492 90 75 cells,
952 2492 184 75 containing

145 2537 96 75 many
256 2537 101 75 feeds.
407 2537 112 75 There
543 2537 26 75 is
594 2537 57 75 but
667 2537 61 75 one
745 2537 130 75 fpecies,
901 2537 68 75 viz.
998 2537 54 75 the
1070 2537 62 75 cri-

146 2585 120 75 coides,
293 2585 18 75 a
331 2585 104 75 native
453 2585 40 75 of
508 2585 54 75 the
582 2585 76 75 cape
678 2585 39 75 of
728 2585 101 75 Good
845 2585 109 75 Hope.

97 2632 62 75 BL
180 2632 6 75 ‘
198 2632 142 75 FART,
375 2632 30 75 in
435 2632 190 75 cornmerce,
663 2632 17 75 a
705 2632 89 75 fmall
824 2632 87 75 coin,
945 2632 128 75 current
1101 2632 33 75 at

144 2678 140 75 Cologn,
311 2678 105 75 worth
434 2678 179 75 fomething
629 2678 88 75 more
735 2678 76 75 than
829 2678 18 75 a
863 2678 143 75 farthing
1022 2678 40 75 of
1074 2678 60 75 our

143 2725 128 75 money.

96 2772 165 75 BLAIN,
288 2772 116 75 among
420 2772 143 75 farriers,
590 2772 17 75 a
624 2772 175 75 diflemper
809 2772 140 75 incident
966 2772 36 75 to
1017 2772 113 75 beads,

143 2818 92 75 being
253 2818 17 75 a
287 2818 120 75 certain
428 2818 134 75 bladder
588 2818 146 75 growing
761 2818 41 75 on
830 2818 54 75 the
912 2818 72 75 root
1012 2818 41 75 of
1075 2818 55 75 the

142 2863 131 75 tongue,
299 2863 118 75 againft
433 2863 56 75 the
512 2863 186 75 wind-pipe,
725 2863 103 75 which
845 2863 103 75 dwells
966 2863 35 75 to
1019 2863 75 75 fuch
1112 2863 19 75 a

142 2911 87 75 pitch
254 2911 33 75 as
306 2911 33 75 to
362 2911 68 75 flop
447 2911 53 75 the
516 2911 125 75 breath.
691 2911 32 75 It
740 2911 106 75 comes
869 2911 43 75 by
929 2911 90 75 great
1038 2911 90 75 chaf-

141 2957 65 75 fing
223 2957 62 75 and
305 2957 129 75 heating
451 2957 39 75 of
500 2957 56 75 the
573 2957 151 75 ilomach.
751 2957 62 75 and
840 2957 26 75 is
894 2957 168 75 perceived
1086 2957 43 75 by

142 3003 54 75 the
221 3003 111 75 bead’s
355 3003 119 75 gaping
498 3003 61 75 and
587 3003 133 75 holding
748 3003 56 75 out
832 3003 49 75 his
910 3003 131 75 tongue,
1066 3003 63 75 and

141 3052 143 75 foaming
300 3052 33 75 at
350 3052 55 75 the
421 3052 125 75 mouth.
580 3052 56 75 To
649 3052 75 75 cure
741 3052 38 75 it,
798 3052 63 75 cad
872 3052 55 75 the
939 3052 98 75 bead,
1054 3052 74 75 take

1249 257 88 75 forth
1355 257 50 75 his
1422 257 131 75 tongue,
1579 257 62 75 and
1658 257 88 75 then,
1771 257 119 75 flitting
1914 257 54 75 the
1984 257 146 75 bladder,
2155 257 83 75 wadi

1248 303 27 75 it
1290 303 110 75 gently
1410 303 84 75 with
1511 303 132 75 vinegar
1658 303 62 75 and
1743 303 18 75 a
1780 303 84 75 little
1880 303 71 75 fait.

1202 350 149 75 BLAIR
1369 350 42 75 of
1419 350 111 75 Athol,
1557 350 18 75 a
1591 350 88 75 fmall
1705 350 58 75 tow
1772 350 19 75 n
1814 350 41 75 of
1879 350 101 75 Athol
2005 350 30 75 in
2066 350 169 75 Scotland,

1248 397 133 75 fituated
1397 397 98 75 about
1517 397 227 75 twenty-eight
1760 397 90 75 miles
1866 397 96 75 north
1976 397 40 75 of
2027 397 114 75 Perth.

1201 444 214 75 BLAIRIA,
1441 444 31 75 in
1490 444 131 75 botany.
1672 444 62 75 See
1751 444 199 75 Verbena.

1201 490 211 75 BLAKEA,
1430 490 31 75 in
1484 490 132 75 botany,
1641 490 18 75 a
1676 490 97 75 genus
1791 490 40 75 of
1854 490 55 75 the
1937 490 213 75 dodecandria
2167 490 69 75 mo-

1247 537 137 75 nogynia
1401 537 91 75 clafs.
1541 537 77 75 The
1646 537 86 75 calix
1757 537 57 75 has
1831 537 61 75 five
1908 537 106 75 leaves
2027 537 10 75 ;
2063 537 55 75 the
2135 537 102 75 petals

1248 584 52 75 are
1322 584 68 75 fix;
1417 584 55 75 the
1496 584 139 75 antherae
1653 584 53 75 are
1730 584 171 75 connected
1919 584 10 75 ;
1954 584 70 75 and-
2033 584 55 75 the
2112 584 125 75 capfule

1248 630 55 75 has
1321 630 47 75 fix
1385 630 89 75 cells.
1524 630 111 75 There
1652 630 26 75 is
1696 630 76 75 only
1789 630 60 75 one
1866 630 130 75 fpecies,
2014 630 69 75 viz.
2110 630 55 75 the
2178 630 58 75 tri-

1248 676 119 75 neivia,
1393 676 19 75 a
1428 676 106 75 native
1552 676 40 75 of
1603 676 156 75 Jamaica.

1200 723 260 75 BLAMONT,
1486 723 19 75 a
1529 723 85 75 town
1645 723 40 75 of
1706 723 155 75 Lorrain,
1887 723 98 75 about
2008 723 229 75 twenty-eight

1247 770 91 75 miles
1363 770 174 75 fouth-ead
1562 770 39 75 of
1621 770 130 75 Nancy,
1787 770 34 75 in
1846 770 44 75 E.
1912 770 89 75 long.
2027 770 39 75 6°
2174 770 63 75 and

1246 818 46 75 N.
1311 818 59 75 lat.
1388 818 61 75 48°
1471 818 40 75 3S
1511 800 14 49 /
1525 818 12 75 .

1199 864 178 75 BLANC.
1428 864 61 75 See
1506 864 148 75 Blank.

1200 911 311 75 BLANCH-/’£>/<A'
1511 911 49 75 «£,
1584 911 31 75 in
1635 911 94 75 Scots
1746 911 73 75 law,
1845 911 19 75 a
1880 911 111 75 tenure
2007 911 43 75 by
2062 911 104 75 which
2179 911 61 75 the

1247 957 93 75 vaflal
1362 957 25 75 is
1411 957 76 75 only
1510 957 108 75 bound
1643 957 35 75 to
1702 957 60 75 pay
1780 957 39 75 an
1836 957 124 75 elufory
1978 957 110 75 yearly
2105 957 79 75 duty
2202 957 35 75 to

1248 1003 47 75 his
1313 1003 140 75 fuperior
1470 1003 119 75 merely
1607 1003 33 75 as
1657 1003 38 75 an
1714 1003 293 75 acknowledgment
2021 1003 40 75 of
2071 1003 49 75 his
2135 1003 99 75 right.

1249 1050 60 75 See
1328 1050 124 75 Scots
1473 1050 105 75 Law,
1605 1050 53 75 tit.
1686 1050 65 75 The
1766 1050 133 75 Jcveral
1915 1050 92 75 kinds
2026 1050 43 75 of
2075 1050 158 75 holdings.

1199 1097 312 75 Carte-YszAtiOiE.
1565 1097 61 75 See
1643 1097 149 75 Carte.

1198 1144 306 75 BLANCHING,
1529 1144 32 75 in
1591 1144 16 75 a
1633 1144 127 75 general
1785 1144 97 75 fenfe,
1909 1144 131 75 denotes
2059 1144 54 75 the
2131 1144 48 75 art
2197 1144 40 75 of

1245 1189 166 75 bleaching
1428 1189 37 75 or
1489 1189 186 75 whitening.

1197 1237 233 75 Blanching
1450 1237 40 75 of
1501 1237 118 75 copper
1639 1237 25 75 is
1693 1237 84 75 done
1801 1237 127 75 various
1954 1237 100 75 ways,
2080 1237 33 75 fo
2137 1237 34 75 as
2197 1237 41 75 to.

1244 1284 92 75 make
1353 1284 24 75 it
1394 1284 151 75 refemble
1563 1284 103 75 filver.
1716 1284 37 75 If
1771 1284 26 75 it
1818 1284 38 75 be
1873 1284 83 75 done
1973 1284 52 75 for
2050 1284 74 75 fale,
2150 1284 25 75 it
2204 1284 28 75 is

1244 1330 107 75 felony
1369 1330 44 75 by
1430 1330 20 75 8
1475 1330 62 75 and
1555 1330 20 75 9
1593 1330 148 75 William
1758 1330 64 75 III.
1853 1330 92 75 chap.
1970 1330 93 75 xxvi.

1196 1377 249 75 Blanching,
1471 1377 34 75 in
1533 1377 143 75 coinage,
1703 1377 54 75 the
1786 1377 164 75 operation
1978 1377 182 75 performed
2189 1377 43 75 on

1242 1423 54 75 the
1320 1423 164 75 planchets
1502 1423 37 75 or
1556 1423 104 75 pieces
1677 1423 40 75 of
1736 1423 102 75 filver,
1864 1423 34 75 to
1915 1423 71 75 give
2005 1423 86 75 them
2108 1423 53 75 the
2180 1423 51 75 re-

1242 1472 111 75 quifite
1370 1472 94 75 ludre
1481 1472 61 75 and
1560 1472 181 75 brightnefs
1803 1472 98 75 They
1918 1472 65 75 alfo
1999 1472 114 75 blanch
2128 1472 106 75 pieces

1242 1518 40 75 of
1300 1518 98 75 plate,
1423 1518 94 75 when
1535 1518 77 75 they
1629 1518 106 75 would
1751 1518 89 75 have:
1849 1518 85 75 them
1953 1518 149 75 continue
2120 1518 110 75 white,

1242 1563 37 75 or
1291 1563 80 75 have
1388 1563 77 75 only
1481 1563 85 75 fome
1585 1563 85 75 parts
1688 1563 40 75 of
1738 1563 87 75 them
1843 1563 193 75 burniflied..

1292 1609 188 75 Blanching,
1507 1609 33 75 as
1569 1609 25 75 it
1618 1609 27 75 is
1675 1609 72 75 now
1765 1609 164 75 pracflifed,
1955 1609 26 75 is
2002 1609 164 75 peformed
2185 1609 44 75 by

1240 1656 130 75 heating
1386 1656 55 75 the
1459 1656 108 75 pieces
1579 1656 41 75 on
1638 1656 19 75 a
1672 1656 79 75 kind
1768 1656 42 75 of
1828 1656 70 75 peel
1915 1656 79 75 with
2011 1656 18 75 a
2046 1656 93 75 wood
2160 1656 69 75 fire,

1240 1704 30 75 in
1288 1704 55 75 the
1360 1704 134 75 manner
1507 1704 41 75 of
1567 1704 18 75 a
1602 1704 263 75 reverberatory;
1892 1704 34 75 fo
1954 1704 70 75 that
2053 1704 56 75 the
2136 1704 94 75 flame

1240 1750 96 75 pafies
1362 1750 76 75 over
1462 1750 55 75 the
1545 1750 83 75 peel.
1686 1750 77 75 The
1786 1750 103 75 pieces
1918 1750 95 75 being
2039 1750 190 75 diffidently

1240 1796 117 75 heated
1373 1796 63 75 and
1453 1796 111 75 cooled
1583 1796 104 75 again,
1714 1796 52 75 are
1785 1796 55 75 put
1856 1796 198 75 fucceflively
2066 1796 35 75 to
2113 1796 66 75 boil
2196 1796 33 75 in

1241 1843 65 75 two
1323 1843 89 75 pans,
1439 1843 105 75 which
1562 1843 54 75 are
1643 1843 41 75 of
1706 1843 139 75 copper:
1884 1843 38 75 In
1955 1843 87 75 thefe
2068 1843 78 75 they
2171 1843 58 75 put

1237 1889 112 75 water,
1367 1889 146 75 common
1530 1889 72 75 fait,
1620 1889 61 75 and
1699 1889 100 75 tartar
1816 1889 40 75 of
1867 1889 211 75 Montpelier.
2115 1889 125 75 When,

1239 1937 77 75 they
1332 1937 82 75 have
1434 1937 79 75 been
1532 1937 71 75 well
1620 1937 133 75 drained
1773 1937 40 75 of
1824 1937 65 75 this
1914 1937 101 75 water
2031 1937 30 75 in
2076 1937 18 75 a
2111 1937 117 75 copper

1236 1983 92 75 fieve,
1355 1983 77 75 they
1460 1983 107 75 throw
1591 1983 76 75 fand
1693 1983 62 75 and
1781 1983 83 75 freffi
1894 1983 99 75 water
2019 1983 78 75 over
2113 1983 111 75 them;
2236 1983 5 75 .

1236 2030 60 75 and
1317 2030 93 75 when
1428 2030 73 75 dry,
1527 2030 80 75 they
1622 2030 53 75 are
1691 2030 74 75 well
1785 2030 124 75 rubbed
1925 2030 78 75 with
2022 2030 124 75 towels.

1189 2077 248 75 Blanching,
1464 2077 115 75 among
1606 2077 184 75 gardeners,
1816 2077 38 75 an
1882 2077 166 75 operation
2076 2077 151 75 whereby

1236 2122 118 75 certain
1382 2122 120 75 fallets,
1527 2122 103 75 roots,
1657 2122 65 75 6c.
1747 2122 54 75 are
1829 2122 155 75 rendered
2008 2122 115 75 whiter
2147 2122 83 75 than,

1234 2169 78 75 they
1331 2169 107 75 would
1455 2169 167 75 otherwife
1642 2169 52 75 be.

1286 2215 27 75 It
1331 2215 26 75 is
1373 2215 65 75 this
1451 2215 8 75 :
1490 2215 95 75 After
1608 2215 136 75 pruning
1761 2215 56 75 off
1832 2215 55 75 the
1915 2215 71 75 tops
2003 2215 61 75 and
2083 2215 87 75 roots
2187 2215 42 75 of

1236 2262 55 75 the
1309 2262 155 75 plants-to
1481 2262 40 75 be
1537 2262 169 75 blanched,
1723 2262 77 75 they
1817 2262 88 75 plant
1921 2262 88 75 them
2026 2262 31 75 in
2075 2262 148 75 trenches

1235 2308 96 75 about
1348 2308 53 75 ten
1421 2308 109 75 inches
1560 2308 93 75 wide,
1679 2308 63 75 and
1770 2308 34 75 as
1829 2308 95 75 many
1950 2308 92 75 deep,
2069 2308 89 75 more
2186 2308 37 75 or

1233 2355 69 75 lefs.
1331 2355 33 75 as
1381 2355 26 75 is
1428 2355 123 75 judged
1567 2355 158 75 neceflary
1737 2355 10 75 ;
1775 2355 34 75 as
1826 2355 78 75 they
1920 2355 91 75 grow
2027 2355 54 75 up,
2106 2355 76 75 care
2195 2355 27 75 is

1233 2402 96 75 taken
1346 2402 35 75 to
1410 2402 93 75 cover
1527 2402 87 75 them
1632 2402 79 75 with
1736 2402 104 75 earth,
1865 2402 112 75 within
2002 2402 72 75 four
2098 2402 38 75 or
2160 2402 78 75 five:

1233 2449 109 75 inches
1359 2449 41 75 of
1422 2449 84 75 their
1528 2449 71 75 tops
1619 2449 9 75 :
1665 2449 86 75 This
1779 2449 26 75 is
1822 2449 148 75 repeated
1989 2449 84 75 from
2091 2449 76 75 time
2184 2449 53 75 to-

1233 2496 88 75 time,
1341 2496 50 75 for
1411 2496 61 75 five
1489 2496 37 75 or
1541 2496 47 75 fix
1605 2496 91 75 week'
1696 2496 26 75 s,
1740 2496 31 75 in
1789 2496 105 75 which
1911 2496 78 75 time
2005 2496 78 75 they
2100 2496 64 75 will
2178 2496 44 75 bo

1234 2542 34 75 fit
1286 2542 51 75 for
1349 2542 66 75 ufe,
1444 2542 63 75 and
1527 2542 40 75 of
1587 2542 18 75 a
1625 2542 123 75 whitiffi
1768 2542 111 75 colour
1896 2542 106 75 where
2023 2542 136 75 covered
2176 2542 55 75 by.

1232 2589 54 75 the
1311 2589 101 75 earth.

1184 2634 234 75 Blanching
1437 2634 67 75 alfo
1518 2634 133 75 denotes
1675 2634 56 75 the
1748 2634 164 75 operation
1929 2634 41 75 of
1980 2634 150 75 covering
2145 2634 73 75 iron

1232 2681 99 75 plates
1348 2681 78 75 with
1444 2681 18 75 a
1479 2681 67 75 thin
1565 2681 73 75 coat
1654 2681 37 75 or
1715 2681 82 75 cruft
1814 2681 40 75 of
1865 2681 59 75 tin;

1183 2730 211 75 BLANCO,
1421 2730 37 75 or
1474 2730 261 75 G7/c-Blanoo
1735 2762 20 49 v
1775 2730 17 75 a
1817 2730 210 75 promontory
2054 2730 40 75 of
2116 2730 100 75 Peru,

1231 2775 30 75 in
1284 2775 34 75 S.
1339 2775 163 75 America,
1527 2775 61 75 W.
1606 2775 88 75 long.
1721 2775 81 75 8i°,
1829 2775 61 75 and
1919 2775 36 75 S.
1974 2775 59 75 lat;
2055 2775 17 75 3
2072 2757 20 49 0
2112 2775 50 75 45'
2162 2775 8 75 '
2169 2775 11 75 .

1182 2823 158 75 Blanco
1356 2823 26 75 is
1400 2823 64 75 alfo
1482 2823 53 75 the
1553 2823 90 75 name
1661 2823 41 75 of
1720 2823 60 75 one
1808 2823 41 75 of
1866 2823 56 75 the
1944 2823 270 75 Antille-iflands,

1229 2869 41 75 on
1293 2869 55 75 the
1373 2869 83 75 coaft
1483 2869 41 75 of
1524 2851 8 49 1
1541 2869 107 75 Terra
1664 2869 120 75 Firma,
1809 2869 39 75 in*
1858 2869 62 75 W.
1937 2869 90 75 long.
2045 2869 45 75 64
2090 2851 22 49 0
2112 2869 15 75 ,
2152 2869 63 75 and

1227 2919 47 75 N.
1291 2919 58 75 lat.
1372 2919 77 75 12°.

1179 2962 151 75 Cape-Bh
1339 2962 98 75 anco
1455 2962 27 75 is
1511 2962 65 75 alfo
1603 2962 20 75 a
1649 2962 209 75 promontory
1885 2962 41 75 of
1943 2962 127 75 Africa,
2095 2962 91 75 in.i8
2186 2944 25 49 Q

1227 3009 60 75 W.
1305 3009 87 75 long,
1420 3009 62 75 and
1500 3009 61 75 20°
1580 3009 47 75 N.
1646 3009 59 75 lat.

1179 3059 281 75 BLANFORD,
1485 3059 19 75 a
1520 3059 122 75 marker
1659 3059 87 75 town
1763 3059 40 75 of
1817 3059 215 75 Dorfetffiire,
2050 3059 52 75 ten
2120 3059 91 75 miles

2114 3109 102 75 north.
