2397 3387
423 140 35 75 B
516 140 34 75 E
610 140 48 75 M

989 140 18 75 (
1066 140 36 75 5;

99 210 114 75 ments,
240 210 36 75 to
292 210 71 75 give
382 210 86 75 them
486 210 18 75 a
516 210 114 75 proper
647 210 116 75 degree
774 210 40 75 of
826 210 46 75 air
887 210 7 75 :
924 210 56 75 All
995 210 88 75 thefe

102 258 53 75 are
178 258 40 75 of
231 258 125 75 various
374 258 237 75 conftmf!ions,
637 258 170 75 according
824 258 34 75 to
883 258 86 75 their
991 258 93 75 diffe-

98 303 70 75 rent
180 303 170 75 purpofes;
370 303 56 75 but
438 303 32 75 in
487 303 128 75 general
632 303 76 75 they
721 303 53 75 are
790 303 164 75 compofed
968 303 40 75 of
1020 303 66 75 two

98 350 55 75 flat
170 350 130 75 boards,
328 350 178 75 fometimes
523 350 40 75 of
583 350 38 75 an
637 350 86 75 oval,
748 350 178 75 fometimes
939 350 40 75 of
991 350 18 75 a
1025 350 59 75 tri-

100 397 130 75 angular
257 397 121 75 figure:
406 397 140 75 Two'or
561 397 89 75 more
675 397 114 75 hoops,
816 397 74 75 bent
914 397 171 75 according

97 444 36 75 to
150 444 54 75 the
221 444 100 75 figure
337 444 40 75 of
389 444 55 75 the
460 444 132 75 boards,
616 444 54 75 are
683 444 111 75 placed
811 444 142 75 between
968 444 88 75 them
1070 444 9 75 ;

98 491 18 75 a
133 491 87 75 piece
244 491 38 75 of
294 491 135 75 leather,
455 491 100 75 broad
580 491 30 75 in
640 491 54 75 the
717 491 131 75 middle,
875 491 59 75 and
957 491 126 75 narrow

98 536 31 75 at
147 536 78 75 both
250 536 92 75 ends,
366 536 26 75 is
409 536 104 75 nailed
541 536 42 75 on
606 536 55 75 the
685 536 95 75 edges
804 536 41 75 of
867 536 55 75 the
952 536 128 75 boards,

98 583 106 75 which
219 583 26 75 it
271 583 74 75 thus
370 583 104 75 unites
502 583 169 75 together;
698 583 33 75 as
749 583 64 75 alfo
829 583 42 75 on
899 583 56 75 the
980 583 102 75 hoops

98 629 106 75 which
229 629 141 75 feparate
394 629 56 75 the
470 629 128 75 boards,
628 629 69 75 that
715 629 55 75 the
785 629 124 75 leather
936 629 73 75 may
1026 629 56 75 the

98 676 96 75 eafier
210 676 81 75 open
309 676 63 75 and
388 676 68 75 fold
473 676 111 75 again;
611 676 18 75 a
652 676 76 75 tube
752 676 40 75 of
811 676 83 75 iron,
919 676 99 75 brafs,
1044 676 38 75 or

99 722 118 75 copper
233 722 27 75 is
277 722 140 75 faftened
441 722 35 75 to
499 722 55 75 the
570 722 180 75 undermoft
775 722 113 75 board,
912 722 62 75 and
992 722 90 75 there

99 769 26 75 is
143 769 18 75 a
184 769 89 75 valve
289 769 111 75 within
425 769 70 75 that
513 769 110 75 covers
648 769 55 75 the
728 769 90 75 holes
834 769 33 75 in
892 769 56 75 the
964 769 118 75 under-

100 816 99 75 board
211 816 34 75 to
262 816 79 75 keep
357 816 32 75 in
408 816 54 75 the
480 816 57 75 air.

146 862 91 75 Each
254 862 67 75 pair
331 862 40 75 of
383 862 130 75 bellows
530 862 159 75 imported
703 862 27 75 is
746 862 118 75 valued
879 862 31 75 in
924 862 56 75 the
997 862 86 75 book

100 909 40 75 of
161 909 84 75 rates
269 909 33 75 at
319 909 89 75 three
433 909 139 75 (hillings
601 909 63 75 and
686 909 73 75 four
788 909 111 75 pence,
925 909 63 75 and
1005 909 77 75 pays

98 955 81 75 duty

342 955 148 75 whereof

652 955 27 75 is
692 955 109 75 drawn
814 955 84 75 back
913 955 40 75 on
964 955 118 75 expor-

99 1002 114 75 tation.
264 1002 63 75 See
343 1002 272 75 Pneumatics.

52 1048 247 75 BEL^TJNA,
325 1048 55 75 the
397 1048 116 75 capital
533 1048 40 75 of
584 1048 55 75 the
656 1048 180 75 Bellunefe,
853 1048 32 75 in
902 1048 55 75 the
981 1048 101 75 domi-

99 1095 91 75 nions
214 1095 39 75 of
265 1095 133 75 Venice,
425 1095 97 75 about
539 1095 45 75 40
608 1095 90 75 miles
715 1095 95 75 north
829 1095 40 75 of
887 1095 112 75 Padua
1012 1095 10 75 ;
1049 1095 33 75 in

105 1143 38 75 12
143 1125 19 49 0
181 1143 55 75 4c/
253 1143 44 75 E.
315 1143 88 75 long,
422 1143 63 75 and
502 1143 68 75 46°
589 1143 55 75 20'
661 1143 48 75 N.
727 1143 59 75 lat.

55 1188 173 75 BELLY,
245 1188 32 75 in
290 1188 161 75 anatomy,
469 1188 55 75 the
537 1188 81 75 fame
632 1188 78 75 with
723 1188 86 75 what
821 1188 28 75 is
862 1188 89 75 more
963 1188 123 75 ufually

102 1233 102 75 called
221 1233 168 75 abdomen.
438 1233 61 75 See
527 1233 32 75 p.
580 1233 78 75 256.

52 1280 216 75 BELOAR,
288 1280 18 75 a
322 1280 97 75 ffone,
437 1280 169 75 otherwife
622 1280 103 75 called
741 1280 144 75 widuris.
927 1280 157 75 SeeWi-

104 1326 20 75 n
131 1326 22 75 u
162 1326 18 75 a
188 1326 9 75 1
206 1326 28 75 s,

876 1326 6 75 ‘
882 1308 23 49 r

53 1372 319 75 BELOMANGY,
386 1372 19 75 a
415 1372 66 75 fort
494 1372 40 75 of
542 1372 174 75 divination
728 1372 44 75 by
784 1372 106 75 means
901 1372 40 75 of
952 1372 132 75 arrows,

101 1418 154 75 pra&ifed
270 1418 32 75 in
320 1418 54 75 the
390 1418 75 75 eaft,
491 1418 63 75 and
578 1418 205 75 particularly
799 1418 31 75 in
845 1418 133 75 Arabia.

161 1464 196 75 Belomancy
388 1464 55 75 has
479 1464 79 75 been
591 1464 181 75 performed
806 1464 150 75 different
984 1464 100 75 ways,

102 1510 147 75 whereof
271 1510 61 75 one
355 1510 64 75 was
443 1510 83 75 this:
565 1510 142 75 Suppofe
724 1510 17 75 a
764 1510 105 75 parcel
893 1510 41 75 of
953 1510 133 75 arrows,

106 1557 109 75 eleven
233 1557 38 75 or
295 1557 89 75 more
407 1557 40 75 of
458 1557 88 75 them
569 1557 94 75 being
681 1557 56 75 put
763 1557 68 75 into
854 1557 19 75 a
888 1557 61 75 bag
964 1557 10 75 ;
1000 1557 88 75 thefe

105 1604 85 75 were
218 1604 189 75 afterwards
434 1604 110 75 drawn
568 1604 71 75 out,
666 1604 61 75 and
753 1604 172 75 according
952 1604 32 75 as
1011 1604 79 75 they

100 1650 86 75 were
202 1650 133 75 marked
350 1650 37 75 or
404 1650 68 75 not,
497 1650 79 75 they
591 1650 124 75 judged
726 1650 41 75 of
777 1650 109 75 future
903 1650 122 75 events.

54 1696 213 75 BELONE,
292 1696 31 75 in
340 1696 223 75 ichthyology,
588 1696 55 75 the
661 1696 106 75 trivial
783 1696 91 75 name
887 1696 40 75 of
940 1696 145 75 afpecies

104 1742 39 75 of
155 1742 90 75 efox.
296 1742 60 75 See
372 1742 123 75 Esox.

55 1788 143 75 BELT,
224 1788 32 75 in
272 1788 55 75 the
344 1788 141 75 military
502 1788 62 75 art,
582 1788 18 75 a
616 1788 143 75 leathern
777 1788 103 75 girdle
897 1788 188 75 forfuftain-

103 1833 54 75 ing
173 1833 55 75 the
245 1833 97 75 arms,
368 1833 65 75 <&c.
459 1833 39 75 of
510 1833 18 75 a
540 1833 128 75 foldier.

54 1881 142 75 Belts,
221 1881 33 75 in
270 1881 190 75 aftronomy,
485 1881 66 75 two
569 1881 110 75 zones,
704 1881 38 75 or
757 1881 132 75 girdles,
912 1881 172 75 furround-

102 1927 54 75 ing
173 1927 53 75 the
243 1927 86 75 body
339 1927 39 75 of
390 1927 55 75 the
462 1927 111 75 planet
582 1927 39 75 of
633 1927 138 75 Jupiter,
797 1927 89 75 more
904 1927 87 75 lucid
1006 1927 79 75 than

100 1974 55 75 the
171 1974 72 75 reft,
269 1974 62 75 and
342 1974 40 75 of
393 1974 136 75 unequal
546 1974 148 75 breadth.

53 2020 147 75 Belts,
217 2020 32 75 in
261 2020 196 75 geography,
475 2020 120 75 certain
608 2020 146 75 ftreights
770 2020 145 75 between
931 2020 55 75 the
996 2020 87 75 Ger-

101 2065 73 75 man
191 2065 97 75 ocean
305 2065 61 75 and
382 2065 56 75 the
461 2065 119 75 Baltic.
626 2065 78 75 The
728 2065 83 75 belts
835 2065 117 75 belong
977 2065 34 75 to
1028 2065 55 75 the

102 2110 77 75 king
201 2110 39 75 of
259 2110 181 75 Denmark,
472 2110 75 75 who
569 2110 107 75 exafts
705 2110 18 75 a
739 2110 59 75 toll
823 2110 84 75 from
931 2110 42 75 all
1001 2110 82 75 fhips

101 2156 105 75 which
224 2156 68 75 pafs
309 2156 140 75 through
462 2156 102 75 them,
587 2156 173 75 excepting
776 2156 90 75 thofe
880 2156 40 75 of
932 2156 149 75 Sweden,

102 2202 105 75 which
224 2202 53 75 are
294 2202 185 75 exempted.

54 2249 313 75 BELTURBET,
393 2249 18 75 a
434 2249 86 75 town
544 2249 39 75 of
601 2249 141 75 Ireland,
767 2249 31 75 in
828 2249 56 75 the
912 2249 119 75 county
1048 2249 40 75 of

102 2296 109 75 Cavan
226 2296 35 75 in
275 2296 57 75 the
347 2296 150 75 province
520 2296 39 75 of
569 2296 123 75 Ulfter,
716 2296 135 75 fituated
865 2296 85 75 upon
968 2296 54 75 the
1039 2296 42 75 ri-

99 2343 56 75 ver
171 2343 100 75 Earn,
289 2343 98 75 about
403 2343 89 75 eight
507 2343 90 75 miles
610 2343 96 75 north
723 2343 40 75 of
774 2343 133 75 Cavan;
926 2343 31 75 in
972 2343 18 75 7
990 2325 24 49 0
1028 2343 55 75 3,5'

101 2390 60 75 W.
180 2390 88 75 long,
286 2390 63 75 and
367 2390 63 75 54°
450 2390 30 75 7'
496 2390 48 75 N.
561 2390 58 75 lat.

54 2436 172 75 BELTZ,
244 2436 55 75 the
311 2436 113 75 capital
438 2436 40 75 of
489 2436 18 75 a
523 2436 170 75 palatinate
704 2436 41 75 of
756 2436 54 75 the
826 2436 83 75 fame
926 2436 103 75 name,
1047 2436 34 75 in

99 2481 55 75 the
169 2481 148 75 province
329 2481 39 75 of
379 2481 74 75 Red
465 2481 118 75 Ruffia,
600 2481 31 75 in
644 2481 145 75 Poland;
808 2481 31 75 in
854 2481 41 75 24
895 2463 22 49 0
931 2481 44 75 E.
989 2481 90 75 long,

101 2527 61 75 and
182 2527 60 75 50^
263 2527 29 75 5'
308 2527 46 75 N.
372 2527 60 75 lat.

53 2573 295 75 BELVIDERE,
373 2573 32 75 in
421 2573 55 75 the
491 2573 115 75 Italian
624 2573 222 75 architedfnre,
948 2573 133 75 denotes

101 2619 102 75 either
219 2619 18 75 a
253 2619 141 75 pavilion
409 2619 40 75 on
466 2619 55 75 the
536 2619 57 75 top
609 2619 39 75 of
661 2619 21 75 a
690 2619 155 75 building,
870 2619 37 75 or
926 2619 40 75 an
984 2619 97 75 artifi-

100 2666 62 75 cial
178 2666 161 75 eminence
354 2666 32 75 in
412 2666 19 75 a
449 2666 140 75 garden;
615 2666 55 75 the
686 2666 93 75 word
793 2666 150 75 literally,
953 2666 128 75 fignify-

78 2712 7 75 ,
99 2712 55 75 ing
176 2712 18 75 a
201 2712 71 75 fine
282 2712 155 75 prcfpett.

52 2758 241 75 Belvidere,
317 2758 32 75 in
366 2758 195 75 geography,
586 2758 55 75 the
657 2758 115 75 capital
789 2758 78 75 of.a
882 2758 149 75 province
1048 2758 41 75 of

99 2805 56 75 the
168 2805 81 75 fame
266 2805 103 75 name,
394 2805 41 75 on
454 2805 53 75 the
524 2805 130 75 weftern
671 2805 134 75 coaftof
822 2805 55 75 the
895 2805 131 75 Morea,
1049 2805 34 75 in

102 2853 41 75 22
143 2835 21 49 0
182 2853 44 75 E.
243 2853 88 75 long,
357 2853 62 75 and
438 2853 41 75 37
479 2835 19 49 q
516 2853 48 75 N.
580 2853 58 75 lat.

52 2897 150 75 BEMA,
227 2897 31 75 in
276 2897 214 75 ecclefiaftical
507 2897 177 75 antiquity,
711 2897 138 75 denoted
868 2897 55 75 the
940 2897 79 75 moft
1034 2897 47 75 fa-

100 2945 74 75 cred
191 2945 72 75 part
282 2945 40 75 of
333 2945 20 75 a
368 2945 133 75 church,
527 2945 36 75 or
581 2945 70 75 that
668 2945 107 75 where
799 2945 55 75 the
879 2945 81 75 altar
977 2945 110 75 flood..

1127 138 23 75 9
1208 138 18 75 )

1564 138 35 75 B
1660 138 33 75 E
1752 138 44 75 N

1181 207 31 75 It
1230 207 63 75 was
1312 207 65 75 alfo
1393 207 76 75 ufed
1482 207 51 75 for
1549 207 55 75 the
1621 207 138 75 bifnop’s
1777 207 124 75 throne,
1928 207 33 75 as
1978 207 75 75 well
2068 207 33 75 as
2119 207 54 75 for

1182 255 55 75 the
1253 255 107 75 ambo.
1412 255 61 75 See
1490 255 129 75 Ambo.

1133 307 214 75 BEMBER,
1373 307 19 75 a
1407 307 92 75 chain
1528 307 40 75 of
1590 307 195 75 mountains,
1809 307 145 75 dividing
1976 307 93 75 India
2084 307 86 75 from

1179 347 156 75 Tartary.

1131 395 246 75 BEMSTER,
1419 395 19 75 a
1470 395 227 75 market-town
1731 395 41 75 of
1808 395 215 75 Dorfetfhire,
2069 395 100 75 about

1178 442 130 75 twelves
1334 442 90 75 miles
1449 442 188 75 north-weft
1649 416 6 104 ■
1668 442 41 75 of
1732 442 210 75 Dorchefter,
1973 442 136 75 fituated
2135 442 32 75 in

1180 490 42 75 2°
1245 490 52 75 50'
1314 490 61 75 W.
1393 490 88 75 long,
1507 490 64 75 and
1587 490 60 75 30°
1666 490 57 75 45'
1739 490 47 75 N.
1800 490 58 75 lat.

1131 535 110 75 BEN.
1293 535 61 75 See
1371 535 146 75 Behen.

1130 580 77 75 Ben
1226 580 43 75 of
1276 580 124 75 Judea,
1426 580 19 75 a
1457 580 91 75 name
1563 580 182 75 fometimes
1762 580 77 75 ufed
1854 580 53 75 for
1918 580 151 75 benzoin.
2105 580 63 75 See

1178 627 193 75 Benzoin.

1129 674 313 75 BENAVARRE,
1467 674 37 75 or
1521 674 250 75 Benhuarri,
1797 674 18 75 a
1827 674 86 75 town
1933 674 41 75 of
1985 674 131 75 Aragon
2134 674 33 75 in

1178 720 109 75 Spain,
1313 720 134 75 fituated
1462 720 33 75 in
1517 720 51 75 ic/
1586 720 42 75 E,
1642 720 89 75 long,
1758 720 63 75 and
1834 720 61 75 42°
1919 720 13 75 $
1964 720 45 75 N.
2024 720 59 75 lat.

1132 767 312 75 BENBECULA,
1470 767 60 75 one
1547 767 39 75 of
1598 767 55 75 the
1671 767 129 75 weftern
1818 767 67 75 ifles
1898 767 40 75 of
1951 767 167 75 Scotland,

1129 814 255 75 BENGALIS,
1410 814 37 75 or
1464 814 216 75 Bancahs.
1730 814 293 75 SeeBANGAns.

1129 861 178 75 BENCH,
1333 861 37 75 or
1388 861 119 75 Banc,
1533 861 32 75 in
1588 861 75 75 law.
1714 861 61 75 See
1791 861 120 75 Banc.

1129 906 80 75 Free
1225 906 131 75 Bench
1376 906 133 75 fignifies
1523 906 69 75 that
1605 906 95 75 eftate
1712 906 31 75 in
1757 906 283 75 copyhold-lands,
2058 906 120 75 which-

1177 952 55 75 the
1249 952 88 75 wife,
1362 952 94 75 being
1479 952 149 75 efpoufed
1650 952 19 75 a
1693 952 116 75 virgin,
1834 952 70 75 has,
1930 952 84 75 after
2037 952 56 75 the
2108 952 57 75 de-

1178 1000 86 75 ceafe
1281 1000 40 75 of
1333 1000 57 75 her
1406 1000 155 75 hufband,
1585 1000 51 75 for
1653 1000 57 75 her
1726 1000 121 75 dower,
1874 1000 171 75 according
2062 1000 35 75 to
2109 1000 60 75 the

1178 1046 118 75 cuftom
1313 1046 40 75 of
1364 1046 56 75 the
1436 1046 124 75 manor.
1611 1046 47 75 As
1675 1046 36 75 to
1727 1046 64 75 this
1816 1046 201 75 free-bench,
2045 1046 120 75 feveral

1178 1093 125 75 manors
1322 1093 79 75 have
1418 1093 118 75 feveral
1553 1093 156 75 cuftoms;
1743 1093 62 75 and
1833 1093 32 75 in
1893 1093 55 75 the
1978 1093 125 75 manors
2130 1093 42 75 of

1178 1139 76 75 Eaft
1271 1139 60 75 and
1348 1139 93 75 Weft
1458 1139 186 75 Enbourne,
1671 1139 32 75 in
1720 1139 57 75 the
1789 1139 121 75 county
1921 1139 40 75 of
1967 1139 117 75 Berks,
2103 1139 63 75 and

1177 1185 94 75 other
1287 1185 86 75 parts
1390 1185 41 75 of
1441 1185 161 75 England,
1627 1185 91 75 there
1734 1185 26 75 is
1778 1185 19 75 a
1813 1185 132 75 cuftom,
1971 1185 71 75 that
2070 1185 94 75 when

1179 1231 18 75 a
1208 1231 162 75 copyhold
1382 1231 109 75 tenant
1506 1231 82 75 dies,
1612 1231 55 75 the
1684 1231 116 75 widow
1816 1231 77 75 (hall
1912 1231 82 75 have
2009 1231 59 75 her
2081 1231 84 75 free-

1178 1279 102 75 bench
1297 1279 31 75 in
1347 1279 41 75 all
1405 1279 56 75 the
1488 1279 152 75 deceafed
1668 1279 168 75 hufband’s
1860 1279 103 75 lands,
1989 1279 103 75 whilft
2113 1279 52 75 (he

1180 1324 79 75 lives
1285 1324 94 75 Angle
1401 1324 62 75 and
1484 1324 104 75 ehafte
1602 1324 8 75 ;
1637 1324 59 75 but
1722 1324 31 75 if
1775 1324 50 75 fhe
1854 1324 147 75 commits
2029 1324 136 75 inconti-

1178 1371 113 75 nency,
1316 1371 52 75 fhe
1380 1371 76 75 (hall
1474 1371 109 75 forfeit
1599 1371 58 75 her
1673 1371 96 75 eftate
1781 1371 8 75 :
1816 1371 240 75 Neverthelefs,
2081 1371 85 75 upon

1180 1417 57 75 her
1253 1417 127 75 coming
1396 1417 68 75 into
1479 1417 55 75 the
1552 1417 92 75 court
1661 1417 39 75 of
1723 1417 54 75 the
1794 1417 123 75 manor,
1944 1417 106 75 riding
2077 1417 42 75 on
2146 1417 26 75 x

1179 1464 94 75 black
1289 1464 80 75 ram,
1395 1464 62 75 and
1472 1464 117 75 having
1606 1464 50 75 his
1669 1464 54 75 tail
1741 1464 31 75 in
1790 1464 59 75 her
1866 1464 96 75 hand,
1989 1464 62 75 and
2063 1464 33 75 at
2110 1464 55 75 the

1179 1511 83 75 fame
1278 1511 77 75 time
1372 1511 163 75 repeating
1552 1511 18 75 a
1587 1511 83 75 form
1696 1511 41 75 of
1759 1511 107 75 words
1891 1511 193 75 preferibed,
2110 1511 56 75 the

1180 1558 132 75 fteward
1324 1558 26 75 is
1367 1558 142 75 obliged,
1533 1558 43 75 by
1588 1558 54 75 the
1660 1558 120 75 cuftom
1796 1558 38 75 of
1847 1558 55 75 the
1918 1558 125 75 manor,
2060 1558 35 75 to
2116 1558 50 75 re-

1181 1604 100 75 admit
1297 1604 58 75 her
1370 1604 35 75 to
1417 1604 57 75 her
1490 1604 201 75 free-bench.

1135 1651 133 75 Widow'
1268 1651 17 75 s
1301 1651 149 75 Bench.
1500 1651 62 75 See
1577 1651 172 75 Widow.

1135 1697 151 75 Amiable
1302 1697 149 75 Bench.
1502 1697 61 75 See
1582 1697 191 75 Amiable.

1130 1744 272 75 BENCHERS,
1427 1744 31 75 in
1475 1744 56 75 the
1555 1744 69 75 inns
1640 1744 42 75 of
1693 1744 107 75 court,
1818 1744 58 75 the
1886 1744 103 75 fenior
2006 1744 159 75 members

1177 1790 40 75 of
1227 1790 55 75 the
1298 1790 133 75 fociety,
1456 1790 78 75 who.
1551 1790 54 75 are
1620 1790 139 75 inverted
1776 1790 79 75 with
1871 1790 55 75 the
1953 1790 210 75 government

1181 1836 140 75 thereof.

1130 1884 314 75 BENCOOLEN,
1480 1884 19 75 a
1528 1884 87 75 town
1642 1884 66 75 and
1731 1884 68 75 fort
1827 1884 41 75 on
1895 1884 56 75 the
1979 1884 185 75 fouth-weft

1179 1929 142 75 coaft-of
1333 1929 161 75 Sumatra,
1520 1929 171 75 belonging
1709 1929 36 75 to
1762 1929 55 75 the
1834 1929 44 75 E.
1891 1929 94 75 India
1997 1929 189 75 company,.

1177 1976 84 75 from
1279 1976 130 75 whence
1432 1976 90 75 great
1538 1976 174 75 quantities
1729 1976 41 75 of
1782 1976 117 75 pepper
1916 1976 53 75 are
1986 1976 178 75 imported.
2172 1976 7 75 ,

1178 2022 30 75 It
1224 2022 27 75 is
1268 2022 134 75 fituated
1417 2022 32 75 in
1471 2022 61 75 ioi
1532 2004 26 49 0
1577 2022 45 75 E.
1639 2022 89 75 long.
1738 2022 4 75 ,
1754 2022 62 75 and
1835 2022 20 75 4
1855 2004 18 49 0
1893 2022 37 75 S.
1948 2022 58 75 lat.

1129 2069 148 75 BEND,
1303 2069 31 75 in
1351 2069 163 75 heraldry,
1540 2069 60 75 one
1617 2069 39 75 of
1669 2069 54 75 the
1751 2069 72 75 nine
1851 2069 197 75 honourable
2076 2069 86 75 ordi-

1176 2114 116 75 naries,
1317 2114 182 75 containing
1515 2114 18 75 a
1549 2114 88 75 third
1653 2114 71 75 part
1741 2114 39 75 of
1792 2114 55 75 the
1864 2114 74 75 field
1956 2114 92 75 when
2070 2114 93 75 char-

1175 2161 74 75 ged,
1262 2161 62 75 and
1336 2161 19 75 a
1366 2161 73 75 fifth
1455 2161 93 75 when
1560 2161 97 75 plain.
1691 2161 32 75 It
1739 2161 28 75 is
1783 2161 190 75 fometimes,
1992 2161 64 75 like
2069 2161 109 75 other,

1175 2209 188 75 ordinaries,
1388 2209 164 75 indented,
1577 2209 169 75 ingrafted,
1764 2209 65 75 <&c.
1854 2209 63 75 and
1927 2209 27 75 is
1964 2209 106 75 either
2081 2209 82 75 dex-

1176 2254 49 75 ter
1242 2254 38 75 or
1296 2254 131 75 finifter.

1129 2301 105 75 Bend
1254 2301 111 75 dexter
1381 2301 26 75 is
1424 2301 127 75 formed
1567 2301 43 75 by
1631 2301 65 75 two
1712 2301 205 75 lines-drawn
1934 2301 86 75 from
2036 2301 135 75 theup-‘

1176 2348 54 75 per
1246 2348 72 75 p^rt
1332 2348 42 75 of
1385 2348 54 75 the
1455 2348 99 75 fhield
1569 2348 42 75 on
1628 2348 55 75 the
1699 2348 98 75 right,
1822 2348 35 75 to
1884 2348 56 75 the
1966 2348 100 75 lower
2090 2348 90 75 part,

1175 2394 41 75 of
1231 2394 56 75 the
1302 2394 92 75 left,,
1400 2394 197 75 diagonally.
1646 2394 31 75 It
1693 2394 27 75 is
1736 2394 152 75 fuppofed
1907 2394 35 75 to
1966 2394 159 75 reprefent
2142 2394 19 75 a

1175 2440 244 75 fhoulder-belt,
1435 2440 38 75 or
1490 2440 19 75 a
1520 2440 98 75 fcarf,
1637 2440 90 75 when
1740 2440 88 75 worn
1845 2440 77 75 over
1933 2440 55 75 the
1999 2440 159 75 fhoulder.

1183 2487 60 75 See
1261 2487 96 75 Plate
1373 2487 63 75 LI.
1462 2487 55 75 fig.
1542 2487 51 75 11.

1127 2533 106 75 'Bwd
1239 2533 138 75 finijier
1384 2533 30 75 is
1427 2533 70 75 that
1504 2533 105 75 which
1622 2533 105 75 comes
1739 2533 85 75 from
1840 2533 55 75 the
1907 2533 60 75 left
1980 2533 62 75 fide
2052 2533 43 75 of
2101 2533 56 75 the
2173 2533 5 75 .

1175 2579 96 75 fhield
1283 2579 35 75 to
1328 2579 55 75 the
1393 2579 103 75 right:
1514 2579 85 75 This
1609 2579 54 75 the
1673 2579 123 75 French
1806 2579 125 75 heralds
1945 2579 61 75 call
2019 2579 19 75 a
2047 2579 108 75 barre.

1131 2626 41 75 In
1189 2626 121 75 Bend,
1328 2626 27 75 is
1371 2626 93 75 when
1482 2626 61 75 any
1559 2626 121 75 things,
1697 2626 100 75 borne
1813 2626 33 75 in
1863 2626 96 75 arms,
1984 2626 54 75 are
2049 2626 113 75 placed
2177 2626 7 75 i

1176 2673 165 75 obliquely
1355 2673 85 75 from
1457 2673 55 75 the
1527 2673 101 75 upper
1644 2673 113 75 corner
1765 2673 47 75 .to.
1825 2673 54 75 the
1892 2673 141 75 oppofite
2044 2673 113 75 lower,

1176 2719 32 75 as
1226 2719 55 75 the
1297 2719 82 75 bend
1395 2719 70 75 lies.

1129 2764 105 75 P-arti
1253 2764 61 75 per
1333 2764 121 75 Bend-,
1478 2764 102 75 Point
1609 2764 36 75 in
1673 2764 122 75 Bend,
1820 2764 65 75 &c.
1945 2764 63 75 See
2031 2764 125 75 Parti

1177 2811 60 75 and
1254 2811 138 75 Point.

1127 2859 213 75 BENDER,
1365 2859 19 75 a
1401 2859 86 75 town
1504 2859 40 75 of
1554 2859 192 75 Beffarabia,
1772 2859 31 75 in
1831 2859 172 75 European
2025 2859 131 75 Turky,

1174 2905 130 75 fituated
1322 2905 40 75 on
1380 2905 55 75 the
1450 2905 85 75 river
1551 2905 139 75 Neifter,
1715 2905 32 75 in
1767 2905 66 75 29°
1847 2905 146 75 E.long.
2018 2905 63 75 and
2093 2905 64 75 46°

1176 2953 55 75 40'
1248 2953 46 75 N.
1306 2953 59 75 lat.

2045 3009 114 75 BEN-
