2498 3377
177 172 83 75 294

730 172 361 75 ANA
1206 172 43 75 T

176 220 110 75 ^eited
300 220 34 75 in
349 220 57 75 the
421 220 166 75 moveable
603 220 154 75 cartilage
782 220 111 75 which
908 220 102 75 forms
1034 220 57 75 the
1119 220 51 75 ala
1185 220 42 75 of

180 269 58 75 ^iie
254 269 104 75 oares.

229 314 6 75 '
235 314 16 75 1
265 314 41 75 he
323 314 131 75 oblique
482 314 38 75 or
547 314 115 75 lateral
678 314 119 75 mufcle
813 314 27 75 is
869 314 19 75 a
904 314 71 75 thin
1000 314 98 75 fleihy
1113 314 107 75 plane,

180 363 89 75 lying
284 363 44 75 on
345 363 55 75 the
416 363 64 75 fide
496 363 46 75 of
548 363 56 75 the
621 363 133 75 former.
818 363 78 75 The
921 363 112 75 lateral
1060 363 118 75 mufcle
1194 363 27 75 is

179 409 89 75 fixed
290 409 47 75 by
360 409 44 75 its
431 409 101 75 upper
558 409 174 75 extremity
751 409 35 75 to
802 409 57 75 the
876 409 165 75 apophyfis
1058 409 112 75 nafalis
1187 409 40 75 of

179 457 57 75 the
245 457 43 75 .os
302 457 184 75 inaxiilare,
511 457 107 75 below
633 457 43 75 its
692 457 208 75 aniculation
914 457 79 75 with
1012 457 54 75 the
1083 457 37 75 os
1133 457 88 75 fron-

180 503 70 75 tis,.
261 503 70 75 and
357 503 180 75 fometimes
554 503 18 75 a
588 503 84 75 little
688 503 102 75 lower
806 503 77 75 than
900 503 56 75 the
974 503 122 75 middle
1112 503 41 75 of
1164 503 56 75 the

179 551 91 75 yiner
286 551 82 75 edge
384 551 42 75 of
444 551 55 75 the
515 551 100 75 orbit.
677 551 100 75 From
802 551 115 75 thence
941 551 26 75 it
996 551 75 75 runs
1096 551 125 75 toward

179 596 124 75 the,ala
318 596 137 75 naxium,
472 596 63 75 and
550 596 27 75 is
595 596 139 75 inferted
746 596 31 75 in
794 596 56 75 the
867 596 166 75 moveable
1050 596 169 75 cartilage,

180 643 80 75 near
276 643 56 75 the
348 643 36 75 os
402 643 181 75 maxilhire,
608 643 96 75 being
732 643 137 75 covered
887 643 149 75 laterally
1052 643 44 75 by
1112 643 19 75 a
1146 643 75 75 por-

183 691 70 75 tion
269 691 41 75 of
328 691 56 75 the
401 691 231 75 neighbouring
650 691 117 75 mufcle
784 691 41 75 of
836 691 55 75 the
908 691 100 75 upper
1028 691 57 75 lip.

187 737 4 75 .
227 737 79 75 The
331 737 174 75 ttanfverfe
534 737 37 75 or
598 737 133 75 inferior
748 737 130 75 mufcle,
903 737 104 75 called
1024 737 66 75 alfo
1106 737 115 75 myrti-

182 785 138 75 formeSy
340 785 26 75 is
384 785 138 75 inferred
537 785 44 75 by
598 785 60 75 one
684 785 63 75 end
761 785 34 75 in
813 785 55 75 the
884 785 38 75 os
938 785 181 75 maxillare,
1144 785 77 75 near

181 831 57 75 the
254 831 99 75 lower
370 831 80 75 edge
467 831 40 75 of
519 831 55 75 the
591 831 98 75 orbit,
708 831 95 75 much
816 831 98 75 about
931 831 54 75 the
1003 831 91 75 place
1111 831 107 75 which

181 878 137 75 anfwers
335 878 35 75 to
393 878 56 75 the
466 878 175 75 extremity
657 878 40 75 of
708 878 190 75 the.focket
915 878 40 75 of
969 878 53 75 the
1038 878 78 75 dens
1134 878 86 75 cani-

183 926 58 75 nus
259 926 42 75 on
318 926 55 75 the
389 926 83 75 fame
490 926 77 75 fide.
617 926 97 75 From
733 926 113 75 thence
863 926 25 75 it
906 926 73 75 runs
994 926 227 75 almofttranf-

182 973 123 75 verfely
316 973 145 75 upward,
479 973 62 75 and
553 973 27 75 is
593 973 87 75 fixed
690 973 30 75 in
734 973 55 75 the
801 973 114 75 lateral
927 973 170 75 cartilages
1112 973 42 75 of
1166 973 56 75 the

183 1019 90 75 noie,
300 1019 78 75 over
406 1019 104 75 which
528 1019 27 75 it
571 1019 179 75 fometimes
776 1019 74 75 runs
876 1019 35 75 to
937 1019 54 75 the
1019 1019 56 75 ai®
1103 1019 40 75 of
1166 1019 55 75 the

184 1066 90 75 great
292 1066 167 75 cartilage,
478 1066 35 75 to
529 1066 40 75 be
585 1066 139 75 inferted
739 1066 104 75 there.

231 1113 76 75 The
324 1113 64 75 fail
405 1113 68 75 two
499 1113 84 75 pairs
603 1113 44 75 .of
666 1113 88 75 thefe
775 1113 135 75 mufcles
936 1113 80 75 raife
1038 1113 63 75 and
1124 1113 98 75 dilate

183 1161 58 75 the
261 1161 57 75 al®
346 1161 40 75 of
406 1161 56 75 the
489 1161 95 75 nares
612 1161 94 75 when
734 1161 80 75 they
841 1161 69 75 aft;
938 1161 63 75 and
1017 1161 32 75 at
1068 1161 54 75 the
1139 1161 91 75 fame,

184 1206 232 75 dme.raifedie
435 1206 99 75 upper
545 1206 57 75 lip,
620 1206 45 75 by
676 1206 110 75 reafon
798 1206 40 75 of
846 1206 84 75 their
943 1206 184 75 conneftion
1143 1206 79 75 with

186 1255 55 75 the
274 1255 133 75 mufcles
431 1255 41 75 of
494 1255 73 75 that
592 1255 84 75 part.
740 1255 100 75 They
857 1255 140 75 likewife
1012 1255 135 75 wrinkle
1165 1255 56 75 the

185 1302 66 75 ikin
268 1302 42 75 on
332 1302 54 75 the
404 1302 79 75 fides
500 1302 40 75 of
555 1302 54 75 the
627 1302 86 75 nofe.

189 1348 3 75 .
230 1348 78 75 The
320 1348 181 75 membrana
514 1348 162 75 piufitaria
690 1348 28 75 is
736 1348 70 75 that
823 1348 105 75 which
946 1348 79 75 lines
1043 1348 55 75 the
1116 1348 105 75 whole

184 1395 138 75 internal
345 1395 106 75 nares,
485 1395 56 75 the
568 1395 132 75 ediular
725 1395 235 75 convolutions,
994 1395 56 75 the
1077 1395 144 75 conch®,

185 1442 58 75 the
260 1442 79 75 fides
356 1442 41 75 of
408 1442 55 75 the
476 1442 122 75 feptum
610 1442 136 75 narium,
771 1442 74 75 and,
864 1442 42 75 by
924 1442 38 75 an
979 1442 246 75 uninterrupted

186 1488 232 75 continuation,
435 1488 55 75 the
508 1488 90 75 iuner
616 1488 122 75 furface
763 1488 40 75 of
816 1488 55 75 the
891 1488 81 75 finus
988 1488 157 75 frontales
1162 1488 63 75 and

187 1536 198 75 m-ixillyres,
396 1536 62 75 and
468 1536 40 75 of
513 1536 54 75 the
577 1536 111 75 duftus
697 1536 201 75 lacrymales,
911 1536 140 75 palatini,
1061 1536 63 75 and
1133 1536 89 75 fphe-

191 1584 158 75 noidales.
380 1584 32 75 It
425 1584 26 75 is
465 1584 138 75 likewife
612 1584 171 75 continued
794 1584 96 75 down
903 1584 86 75 from
1001 1584 56 75 the
1081 1584 91 75 nares
1189 1584 35 75 to

189 1630 54 75 the
260 1630 161 75 pharynx,
445 1630 124 75 feptum
584 1630 110 75 palati,
721 1630 66 75 &c.

239 1676 30 75 It
294 1676 26 75 is
334 1676 124 75 termed
474 1676 198 75 pituitaria,
697 1676 144 75 becaufe,
859 1676 142 75 through
1018 1676 55 75 the
1090 1676 135 75 greateft

188 1724 74 75 part
280 1724 40 75 of
338 1724 42 75 its
405 1724 89 75 latge
520 1724 126 75 extent,
671 1724 27 75 it
723 1724 107 75 ferves
849 1724 35 75 to
908 1724 142 75 feparate
1068 1724 84 75 from
1170 1724 55 75 the

191 1768 66 75 rite
262 1768 55 75 rial
334 1768 99 75 blood
462 1768 19 75 a
503 1768 230 75 mucilaginous
750 1768 145 75 lynipha,
921 1768 242 75 called/>;7z/h<a
1181 1768 44 75 by

190 1817 55 75 the
262 1817 155 75 ancients,
435 1817 105 75 which
556 1817 35 75 in
607 1817 55 75 the
680 1817 124 75 natural
821 1817 79 75 Hate
922 1817 27 75 is
967 1817 109 75 pretty
1094 1817 104 75 liquid
1212 1817 11 75 ;

189 1863 59 75 but
265 1863 26 75 it
306 1863 27 75 is
351 1863 118 75 fubjeft
486 1863 34 75 to
536 1863 80 75 very
644 1863 91 75 great
762 1863 151 75 changes,
939 1863 169 75 becoming
1124 1863 100 75 fome-

191 1909 22 75 I'
213 1909 78 75 mes,
310 1909 163 75 glutinous
497 1909 38 75 or
562 1909 120 75 fnotty,
708 1909 181 75 fometimes
917 1909 125 75 limpid,
1069 1909 64 75 6t\
1158 1909 67 75 nei-

190 1955 74 75 ther
279 1955 26 75 is
322 1955 32 75 it.
368 1955 164 75 feparaied
548 1955 32 75 in
596 1955 96 75 equal
709 1955 174 75 quantities
899 1955 142 75 through
1053 1955 56 75 the
1120 1955 107 75 whole

192 2001 194 75 rnembra&e.

240 2047 111 75 When
363 2047 48 75 we
424 2047 155 75 carefully
591 2047 146 75 examine
753 2047 64 75 this
835 2047 193 75 membrane,
1053 2047 26 75 it
1096 2047 131 75 appears

191 2096 38 75 to
250 2096 39 75 be
306 2096 41 75 of
366 2096 18 75 a
408 2096 150 75 different
583 2096 152 75 llrufture
762 2096 32 75 in
814 2096 150 75 different
988 2096 101 75 parts.
1137 2096 91 75 Near

192 2144 58 75 the
265 2144 81 75 edge
362 2144 41 75 of
422 2144 55 75 the
497 2144 147 75 external
662 2144 90 75 nares
768 2144 27 75 it
811 2144 27 75 is
854 2144 78 75 very
950 2144 82 75 thin,
1058 2144 171 75 appearing

194 2190 35 75 to
246 2190 39 75 be
302 2190 55 75 the
373 2190 66 75 Ikin
457 2190 62 75 and
535 2190 169 75 epidermis
716 2190 33 75 in
763 2190 21 75 a
800 2190 211 75 degenerated
1029 2190 90 75 Hate.
1168 2190 58 75 All

195 2236 56 75 the
267 2236 101 75 other,
377 2236 88 75 parts
482 2236 40 75 of
532 2236 26 75 it
576 2236 32 75 in
633 2236 129 75 general
779 2236 52 75 are
849 2236 133 75 fpungy,
1000 2236 62 75 and
1079 2236 40 75 of
1132 2236 95 75 diffe-

196 2282 72 75 rent
282 2282 202 75 thickneffes.
532 2282 77 75 The
637 2282 133 75 thickefl
799 2282 85 75 pans
912 2282 53 75 are
992 2282 91 75 thofe
1108 2282 41 75 on
1173 2282 55 75 the

178 2329 4 75 .
196 2329 123 75 ieptum
335 2329 135 75 narium,
496 2329 43 75 on
551 2329 55 75 the
619 2329 105 75 whole
741 2329 99 75 lower
857 2329 127 75 portion
1001 2329 40 75 of
1060 2329 61 75 the,
1129 2329 98 75 inter-

197 2374 51 75 nal
272 2374 104 75 nares,
401 2374 62 75 and
485 2374 41 75 on
544 2374 55 75 the
615 2374 143 75 conch®.

246 2423 54 75 On
317 2423 56 75 the
389 2423 64 75 fide
476 2423 80 75 next
571 2423 56 75 the
643 2423 190 75 periofteum
850 2423 63 75 and
929 2423 261 75 penchendrium
1204 2423 26 75 it

199 2470 27 75 is
251 2470 181 75 plentifully
459 2470 105 75 flored
590 2470 88 75 with,
696 2470 90 75 fmall
814 2470 131 75 glands,
976 2470 56 75 the
1059 2470 173 75 excretory

198 2512 91 75 dufts
306 2512 40 75 of
358 2512 104 75 which
479 2512 52 75 are
548 2512 79 75 very
653 2512 77 75 long
757 2512 76 75 near
860 2512 56 75 the
943 2512 124 75 feptum
1095 2512 135 75 narium,

201 2564 62 75 and
279 2564 84 75 their
379 2564 124 75 orifices
519 2564 77 75 very
616 2564 120 75 vifible.

248 2609 77 75 The
337 2609 132 75 frontal,
494 2609 171 75 maxillary
681 2609 62 75 and
755 2609 190 75 fphenoidal
956 2609 115 75 finufes
1086 2609 82 75 open
1185 2609 48 75 in-

204 2657 36 75 to
255 2657 55 75 the
337 2657 136 75 internal
499 2657 105 75 narys,
629 2657 57 75 but
714 2657 33 75 in
774 2657 150 75 different
950 2657 160 75 manners.
1159 2657 76 75 The

204 2703 11 75 f
221 2703 100 75 rontal
339 2703 116 75 finufes
470 2703 82 75 ©pen
569 2703 83 75 from
670 2703 100 75 above
787 2703 196 75 downward,
1009 2703 176 75 anfwering
1202 2703 35 75 tp

204 2750 56 75 the
275 2750 31 75 in
314 2750 163 75 bndibula
492 2750 40 75 of
543 2750 55 75 the
621 2750 35 75 os
674 2750 191 75 ethmeides.
924 2750 77 75 The
1018 2750 218 75 fpheaoidales

206 2796 80 75 open
303 2796 170 75 forwards,
498 2796 138 75 oppofite
658 2796 34 75 to
717 2796 55 75 the
800 2796 105 75 pufter'
905 2796 48 75 ror
970 2796 123 75 orifices
1119 2796 41 75 of
1181 2796 55 75 the

206 2843 115 75 nares;
347 2843 62 75 and
436 2843 55 75 the
508 2843 181 75 maxillares
706 2843 82 75 open
805 2843 19 75 a
839 2843 85 75 little
940 2843 127 75 higher,
1091 2843 146 75 between

208 2891 55 75 the
281 2891 65 75 two
364 2891 141 75 conch®.

254 2933 77 75 1'he
348 2933 136 75 opening
499 2933 40 75 of
557 2933 55 75 the
627 2933 82 75 finus
733 2933 178 75 maxillaris
935 2933 32 75 in
993 2933 84 75 fome
1101 2933 119 75 fubjeft'
1220 2933 16 75 s

209 2981 27 75 is
253 2981 108 75 fing’e,
385 2981 33 75 in
441 2981 110 75 others
567 2981 137 75 double;
731 2981 26 75 it
780 2981 58 75 lies
864 2981 126 75 exaftly
1009 2981 144 75 between
1181 2981 56 75 the

209 3030 66 75 two
291 3030 140 75 conch®,
457 3030 97 75 about
576 3030 56 75 the
647 3030 121 75 middle
784 3030 41 75 of
836 3030 84 75 their
935 3030 118 75 depth.

1366 153 43 75 O
1522 153 48 75 M
1688 153 49 75 Y.

2113 153 100 75 Part
2233 153 72 75 VL

1313 221 31 75 It
1373 221 27 75 is
1429 221 117 75 proper
1571 221 77 75 here
1673 221 37 75 to
1726 221 132 75 obferve
1875 221 55 75 the
1945 221 106 75 whole
2067 221 115 75 extent
2196 221 40 75 of
2247 221 56 75 the

1267 268 170 75 maxillary
1460 268 95 75 finus.
1604 268 126 75 Below,
1756 268 92 75 there
1875 268 27 75 is
1927 268 57 75 but
2001 268 19 75 a
2035 268 78 75 very
2136 268 71 75 thin
2229 268 72 75 par-

1267 315 95 75 tition
1380 315 144 75 between
1549 315 27 75 it
1598 315 63 75 and
1688 315 56 75 the
1772 315 111 75 dentes
1909 315 149 75 molares,
2082 315 57 75 the
2161 315 89 75 roots
2267 315 39 75 of

1266 363 106 75 which
1389 363 56 75 do,
1471 363 32 75 in
1520 363 86 75 fome
1621 363 150 75 fubjefts,
1796 363 161 75 perforate
1981 363 71 75 that
2068 363 137 75 feptum.
2252 363 50 75 A-

1266 409 97 75 bove,
1387 409 91 75 there
1495 409 26 75 is
1538 409 77 75 only
1643 409 18 75 a
1688 409 77 75 very
1793 409 70 75 thin
1891 409 199 75 tranfparent
2113 409 118 75 lamina
2245 409 56 75 be-

1267 455 104 75 tween
1389 455 55 75 the
1460 455 87 75 orbit
1563 455 63 75 and
1643 455 55 75 the
1714 455 97 75 finus.
1857 455 192 75 Backward,
2067 455 101 75 above
2181 455 56 75 the
2249 455 52 75 tu-

1268 502 138 75 berofity
1434 502 40 75 of
1501 502 55 75 the
1584 502 36 75 os
1640 502 184 75 maxillare,
1850 502 55 75 the
1929 502 79 75 fides
2025 502 39 75 of
2076 502 55 75 the
2148 502 83 75 finus
2247 502 56 75 are

1268 549 77 75 very
1361 549 83 75 thin,
1470 549 170 75 efpecially
1665 549 33 75 at
1725 549 56 75 the
1809 549 89 75 place
1920 549 106 75 which
2043 549 57 75 lies
2117 549 112 75 before
2246 549 56 75 the

1268 596 72 75 root
1357 596 42 75 of
1412 596 56 75 the
1484 596 165 75 apophyfis
1667 596 217 75 pterygoides,
1909 596 142 75 through
2062 596 105 75 which
2184 596 55 75 the
2252 596 48 75 in-

1266 643 100 75 ferior
1383 643 170 75 maxillary
1569 643 95 75 nerve
1680 643 91 75 fends
1788 643 95 75 down
1901 643 18 75 a
1942 643 105 75 ramus
2074 643 36 75 to
2132 643 55 75 the
2214 643 87 75 fora-

1267 689 71 75 men
1364 689 175 75 palatinum
1566 689 166 75 pofterius,
1757 689 183 75 commonly
1956 689 101 75 called
2068 689 231 75 gujiatorium.

1267 737 140 75 Inward,
1433 737 37 75 or
1495 737 125 75 toward
1649 737 55 75 the
1720 737 129 75 conch®
1879 737 138 75 narium,
2042 737 53 75 the
2121 737 85 75 bony
2229 737 72 75 part

1268 784 39 75 of
1319 784 55 75 the
1391 784 81 75 finus
1488 784 28 75 is
1532 784 141 75 likewife
1689 784 77 75 very
1782 784 84 75 thin.

1314 830 76 75 The
1408 830 176 75 lachrymal
1599 830 143 75 facculus
1760 830 27 75 is
1801 830 39 75 an
1853 830 119 75 oblong
1990 830 222 75 membranous
2225 830 74 75 bag,

1267 877 68 75 into
1351 877 105 75 which
1477 877 56 75 the
1550 877 106 75 ferous
1681 877 80 75 fluid
1781 877 27 75 is
1832 877 189 75 difeharged
2047 877 85 75 from
2162 877 56 75 the
2241 877 60 75 eye

1268 924 140 75 through
1418 924 53 75 the
1485 924 113 75 punfta
1609 924 228 75 lachrymalia;
1856 924 62 75 and
1930 924 84 75 from
2026 924 106 75 which
2149 924 55 75 the
2217 924 83 75 fame

1268 971 78 75 fluid
1363 971 97 75 pafTes
1478 971 35 75 to
1530 971 55 75 the
1596 971 101 75 lower
1713 971 72 75 part
1801 971 39 75 of
1848 971 55 75 the
1916 971 136 75 internal
2069 971 105 75 nares.
2224 971 31 75 It
2272 971 28 75 is

1267 1018 138 75 fituated
1427 1018 32 75 in
1488 1018 18 75 a
1530 1018 87 75 bony
1644 1018 120 75 groove
1789 1018 62 75 and
1866 1018 103 75 canal,
1994 1018 126 75 formed
2135 1018 106 75 partly
2258 1018 43 75 by

1267 1065 56 75 the
1341 1065 165 75 apophyfis
1524 1065 110 75 nafalis
1660 1065 40 75 of
1719 1065 54 75 the
1794 1065 36 75 os
1855 1065 169 75 maxillare
2041 1065 64 75 and
2120 1065 35 75 os
2172 1065 127 75 unguis,

1267 1111 106 75 partly
1390 1111 44 75 by
1451 1111 55 75 the
1523 1111 82 75 fame
1622 1111 36 75 os
1675 1111 167 75 maxillaxe
1859 1111 62 75 and
1936 1111 100 75 lower
2053 1111 71 75 part
2146 1111 39 75 of
2196 1111 55 75 the
2264 1111 36 75 os

1267 1158 126 75 unguis,
1420 1158 63 75 and
1499 1158 107 75 partly
1622 1158 42 75 by
1682 1158 66 75 this
1762 1158 100 75 lower
1875 1158 127 75 portion
2018 1158 39 75 of
2064 1158 56 75 the
2136 1158 37 75 os
2188 1158 111 75 unguis

1268 1205 63 75 and
1353 1205 19 75 a
1395 1205 90 75 fmall
1509 1205 142 75 fuperior
1670 1205 130 75 portion
1821 1205 42 75 of
1882 1205 54 75 the
1958 1205 122 75 concha
2103 1205 123 75 narium
2250 1205 49 75 in-

1269 1250 112 75 ferior.

1632 1250 6 75 .

1314 1298 85 75 This
1416 1298 86 75 bony
1517 1298 176 75 lachrymal
1705 1298 76 75 duft
1797 1298 75 75 runs
1891 1298 94 75 down
2007 1298 50 75 for
2082 1298 20 75 a
2119 1298 86 75 little
2227 1298 72 75 way

1268 1346 165 75 obliquely
1450 1346 182 75 backward,
1645 1346 124 75 toward
1787 1346 54 75 the
1853 1346 100 75 lower
1967 1346 65 75 and
2046 1346 112 75 lateral
2175 1346 72 75 part
2264 1346 40 75 of

1267 1391 55 75 the
1341 1391 133 75 internal
1490 1391 91 75 nares
1594 1391 42 75 on
1652 1391 77 75 each
1754 1391 75 75 fide,
1853 1391 108 75 where
1977 1391 41 75 its
2035 1391 99 75 lower
2146 1391 153 75 extremi-

1269 1439 35 75 ty
1320 1439 98 75 opens
1435 1439 41 75 on
1493 1439 61 75 one
1570 1439 64 75 fide
1661 1439 40 75 of
1714 1439 55 75 the
1797 1439 81 75 fious
1908 1439 179 75 maxillaris
2116 1439 101 75 ander
2245 1439 55 75 the

1268 1485 134 75 inferior
1424 1485 134 75 concha.
1606 1485 77 75 The
1699 1485 100 75 upper
1811 1485 71 75 part
1899 1485 39 75 of
1953 1485 64 75 this
2033 1485 74 75 duft
2123 1485 26 75 is
2167 1485 77 75 only
2260 1485 41 75 an

1268 1531 73 75 half
1348 1531 89 75 canal
1457 1531 38 75 or
1506 1531 141 75 groove;
1666 1531 57 75 the
1738 1531 101 75 lower
1855 1531 27 75 is
1898 1531 19 75 a
1926 1531 158 75 complete
2100 1531 103 75 canal,
2227 1531 72 75 nar-

1270 1578 102 75 rower
1394 1578 77 75 than
1487 1578 56 75 the
1563 1578 133 75 former.

1315 1625 76 75 The
1400 1625 141 75 facculus
1550 1625 203 75 lachrymalis
1765 1625 72 75 may
1850 1625 39 75 be
1901 1625 132 75 divided
2040 1625 69 75 into
2125 1625 19 75 a
2159 1625 141 75 fuperior

1270 1671 37 75 or
1332 1671 144 75 orbitary
1500 1671 140 75 portion,
1672 1671 63 75 and
1759 1671 39 75 an
1823 1671 131 75 inferior
1981 1671 38 75 or
2047 1671 82 75 nafal
2158 1671 141 75 portion.

1269 1718 77 75 The
1363 1718 142 75 orbitary
1523 1718 127 75 portion
1666 1718 63 75 fills
1746 1718 54 75 the
1818 1718 106 75 whole
1948 1718 85 75 bony
2050 1718 132 75 groove,
2207 1718 96 75 being

1270 1765 134 75 fituated
1426 1765 219 75 immediately
1668 1765 120 75 behind
1810 1765 56 75 the
1891 1765 122 75 middle
2039 1765 123 75 tendon
2183 1765 42 75 of
2246 1765 55 75 the

1270 1812 159 75 mufculus
1462 1812 200 75 orbicularis.
1711 1812 77 75 The
1815 1812 87 75 nafal
1930 1812 128 75 portion
2089 1812 60 75 lies
2180 1812 34 75 in
2246 1812 56 75 the

1270 1858 85 75 bony
1372 1858 90 75 canal
1478 1858 41 75 of
1531 1858 53 75 the
1601 1858 88 75 nofe,
1713 1858 95 75 being
1824 1858 162 75 narrov/er
2001 1858 63 75 and
2086 1858 123 75 Ihorter
2224 1858 78 75 than

1267 1904 59 75 the
1344 1904 132 75 former.

1318 1951 75 75 The
1408 1951 145 75 otbitary
1569 1951 130 75 portion
1710 1951 26 75 is
1757 1951 143 75 difpofed
1925 1951 32 75 at
1974 1951 42 75 its
2032 1951 100 75 upper
2149 1951 150 75 extremi-

1272 1996 47 75 ty,
1345 1996 95 75 much
1469 1996 31 75 in
1525 1996 56 75 the
1609 1996 129 75 manner
1761 1996 41 75 of
1820 1996 39 75 an
1879 1996 179 75 iateftinum
2083 1996 117 75 c®cum
2200 2028 23 49 r
2239 1996 64 75 and

1273 2042 31 75 at
1320 2042 56 75 the
1393 2042 100 75 lower
1508 2042 175 75 extremity
1699 2042 27 75 is
1743 2042 172 75 continued
1930 2042 78 75 with
2036 2042 58 75 the
2113 2042 106 75 portio
2247 2042 54 75 na-

1273 2090 84 75 falis.
1404 2090 162 75 Towards
1593 2090 54 75 the
1669 2090 135 75 internal
1832 2090 92 75 angle
1947 2090 40 75 of
2005 2090 56 75 the
2089 2090 71 75 eye,
2185 2090 119 75 behind

1272 2137 55 75 the
1352 2137 124 75 tendon,
1485 2137 44 75 of
1548 2137 56 75 the
1620 2137 162 75 orbicular
1801 2137 131 75 mufcle,
1957 2137 26 75 it
2008 2137 29 75 is
2058 2137 185 75 perforated
2261 2137 43 75 by

1274 2185 18 75 a
1307 2185 90 75 fmall
1413 2185 87 75 fliort
1512 2185 90 75 canal
1620 2185 126 75 formed
1763 2185 42 75 by
1821 2185 56 75 the
1894 2185 95 75 union
2003 2185 39 75 of
2049 2185 56 75 the
2127 2185 178 75 lachrymal

1272 2231 104 75 dufts.

1321 2278 76 75 The
1414 2278 86 75 nafal
1517 2278 126 75 portion
1667 2278 118 75 having
1810 2278 136 75 reached
1971 2278 55 75 the
2049 2278 100 75 lower
2176 2278 73 75 part
2271 2278 40 75 of

1274 2326 56 75 the
1349 2326 86 75 bony
1459 2326 77 75 duft
1550 2326 101 75 under
1674 2326 54 75 the
1755 2326 132 75 inferior
1914 2326 132 75 concha,
2073 2326 47 75 ter
2123 2326 41 75 mi
2168 2326 89 75 mites
2274 2326 32 75 in

1276 2372 18 75 a
1309 2372 103 75 fmall,
1436 2372 68 75 flat,
1530 2372 222 75 membranous
1772 2372 74 75 bag,
1871 2372 56 75 the
1943 2372 129 75 bottom
2093 2372 40 75 of
2150 2372 111 75 which,
2278 2372 27 75 is

1275 2417 185 75 perforated
1476 2417 43 75 by
1536 2417 18 75 a
1569 2417 102 75 round
1686 2417 149 75 opening.

1325 2465 76 75 The
1418 2465 160 75 fubftance
1590 2465 43 75 of
1644 2465 64 75 this
1726 2465 141 75 facculus
1883 2465 27 75 is
1930 2465 180 75 fomething
2125 2465 122 75 fpongy
2270 2465 38 75 or

1279 2511 168 75 cellulous,
1473 2511 62 75 and
1551 2511 108 75 pretty
1672 2511 103 75 thick,
1800 2511 95 75 being
1909 2511 142 75 ftrongly
2073 2511 111 75 united
2208 2511 42 75 by
2265 2511 42 75 its

1280 2558 127 75 convex
1420 2558 63 75 fide
1500 2558 35 75 to
1558 2558 55 75 the
1630 2558 188 75 periofteum
1840 2558 39 75 of
1891 2558 54 75 the
1959 2558 88 75 bony
2065 2558 102 75 canal.

1327 2605 77 75 The
1428 2605 111 75 duftus
1565 2605 149 75 inciforii,
1739 2605 38 75 or
1805 2605 75 75 nafo
1880 2637 14 49 :
1894 2605 131 75 palatini
2055 2605 41 75 of
2117 2605 113 75 Steno,
2255 2605 55 75 are

1283 2651 64 75 two
1371 2651 105 75 canals
1493 2651 111 75 whidv
1615 2651 42 75 go
1674 2651 84 75 from
1776 2651 55 75 the
1841 2651 126 75 bottom
1985 2651 42 75 of
2037 2651 55 75 the
2104 2651 133 75 internal
2256 2651 53 75 na-

1283 2698 48 75 res
1349 2698 84 75 crofs
1457 2698 56 75 the
1536 2698 75 75 arch
1636 2698 40 75 of
1695 2698 55 75 the
1774 2698 119 75 palate,
1918 2698 62 75 and
2004 2698 82 75 open
2113 2698 120 75 behind
2254 2698 57 75 the

1283 2744 63 75 firft
1363 2744 36 75 or
1415 2744 115 75 largeft
1546 2744 113 75 dentes
1675 2744 152 75 inciforii.
1884 2744 108 75 Their
2007 2744 66 75 two
2098 2744 123 75 orifices
2238 2744 73 75 may

1283 2791 38 75 be
1338 2791 157 75 diftinftly
1512 2791 71 75 feen
1605 2791 33 75 in
1654 2791 56 75 the
1726 2791 140 75 fkekton
1883 2791 34 75 at
1932 2791 57 75 the
2005 2791 98 75 lower
2121 2791 68 75 part
2206 2791 40 75 of
2257 2791 55 75 the

1284 2837 82 75 nafal
1383 2837 98 75 fbfl®,
1506 2837 42 75 on
1565 2837 57 75 the
1633 2837 141 75 anterior
1790 2837 61 75 and
1863 2837 121 75 lateral?
1994 2837 77 75 fides
2088 2837 40 75 of
2140 2837 54 75 the
2214 2837 98 75 crifta:

1284 2883 205 75 ma:iillares;
1517 2883 61 75 and
1596 2883 48 75 we
1668 2883 73 75 may
1766 2883 138 75 likewife
1923 2883 144 75 perceive
2085 2883 83 75 their
2184 2883 130 75 oblique

1285 2929 121 75 paflage
1422 2929 141 75 through
1581 2929 54 75 the
1652 2929 172 75 maxillary
1840 2929 110 75 bones,
1974 2929 64 75 and
2059 2929 90 75 laftly
2167 2929 84 75 their
2265 2929 48 75 in-

1284 2976 99 75 ferior
1402 2976 124 75 orifices
1543 2976 38 75 4a
1597 2976 19 75 a
1631 2976 90 75 ftnail
1746 2976 106 75 cavity
1879 2976 38 75 or
1944 2976 128 75 foiTula,
2093 2976 104 75 called
2214 2976 99 75 fora?

1283 3023 71 75 men
1364 3023 191 75 palaiinum
1572 3023 90 75 ante)
1672 3023 65 75 ins.
