2428 3377
191 136 14 75 i
215 136 51 75 S3

733 136 39 75 A
886 136 43 75 N
1044 136 42 75 A
1200 136 40 75 T

231 211 77 75 The
335 211 136 75 internal
485 211 63 75 fide
564 211 42 75 of
624 211 65 75 this
706 211 72 75 bafe
801 211 28 75 is
853 211 137 75 adapted
1006 211 35 75 to
1058 211 56 75 the
1138 211 73 75 pre-

186 257 113 75 ceding
313 257 84 75 bone
411 257 11 75 ;
449 257 63 75 and
527 257 56 75 the
600 257 146 75 external
761 257 64 75 fide
841 257 58 75 has
922 257 65 75 alfo
1006 257 66 75 two
1088 257 127 75 fraooth

183 303 140 75 furfaces
341 303 138 75 covered
489 303 80 75 with
586 303 164 75 cartilage,
775 303 59 75 but
845 303 40 75 of
897 303 18 75 a
930 303 150 75 different
1093 303 120 75 figure;

185 349 52 75 for
252 349 55 75 the
323 349 99 75 upper
441 349 61 75 one
519 349 26 75 is
570 349 148 75 concave,
744 349 75 75 and,
844 349 95 75 being
956 349 105 75 round
1083 349 132 75 behind,

186 396 89 75 turns
292 396 125 75 fmaller
443 396 33 75 as
504 396 26 75 it
557 396 154 75 advances
735 396 198 75 forewards;
961 396 62 75 and
1047 396 56 75 the
1119 396 101 75 lower

186 443 121 75 furface
323 443 27 75 is
367 443 97 75 little,
486 443 138 75 fmooth,
650 443 137 75 convex,
812 443 63 75 and
887 443 78 75 very
981 443 76 75 near
1068 443 55 75 the
1138 443 81 75 edge

185 489 41 75 of
237 489 54 75 the
307 489 85 75 bafe.

234 535 49 75 Os
301 535 158 75 metatarfi
475 535 41 75 of
526 535 56 75 the
598 535 110 75 fourth
726 535 66 75 toe,
817 535 27 75 is
870 535 76 75 near
962 535 33 75 as
1018 535 79 75 long
1112 535 33 75 as
1163 535 55 75 the

186 582 134 75 former,
334 582 79 75 with
424 582 17 75 a
451 582 174 75 triangular
635 582 135 75 flanting
782 582 84 75 bafe,
876 582 112 75 joined
1000 582 35 75 to
1046 582 56 75 the
1114 582 36 75 os
1163 582 55 75 c‘u-

186 629 123 75 boides,
335 629 64 75 and
414 629 92 75 made
524 629 103 75 round
643 629 32 75 at
692 629 40 75 its
749 629 147 75 external
908 629 103 75 angle,
1030 629 117 75 having
1158 629 62 75 one

184 674 123 75 hollow
321 674 125 75 fmooth
463 674 123 75 furface
602 674 42 75 on
660 674 57 75 the
733 674 136 75 outfide,
886 674 107 75 where
1011 674 25 75 it
1053 674 26 75 is
1095 674 124 75 preffed

186 721 86 75 upon
288 721 43 75 by
347 721 56 75 the
431 721 167 75 following
624 721 96 75 bone,
745 721 64 75 and
835 721 67 75 two
929 721 41 75 on
998 721 56 75 the
1081 721 138 75 internal

185 768 75 75 fide,
286 768 246 75 correfponding
548 768 34 75 to
605 768 55 75 the
685 768 122 75 former
829 768 83 75 bone
926 768 11 75 ;
972 768 121 75 behind
1112 768 107 75 which

184 814 26 75 is
226 814 18 75 a
259 814 77 75 long
351 814 127 75 narrow
492 814 123 75 furface
630 814 169 75 impreffed
821 814 44 75 by
882 814 60 75 the
968 814 37 75 os
1022 814 196 75 cuneiforme

185 861 183 75 externum.

233 908 47 75 Os
298 908 160 75 metatarfi
474 908 40 75 of
525 908 55 75 the
596 908 85 75 little
698 908 66 75 toe,
788 908 28 75 is
833 908 55 75 the
916 908 141 75 Ihorteft,
1082 908 137 75 fituated

185 954 79 75 with
280 954 44 75 its
352 954 67 75 two
444 954 58 75 flat
525 954 78 75 fides
628 954 100 75 above
750 954 62 75 and
829 954 118 75 below,
973 954 61 75 and
1059 954 79 75 with
1161 954 57 75 the

186 1001 106 75 lidges
307 1001 159 75 laterally.
563 1001 76 75 The
654 1001 74 75 bale
744 1001 39 75 of
794 1001 38 75 it,
858 1001 73 75 part
954 1001 40 75 of
1011 1001 105 75 which
1142 1001 75 75 reds

185 1047 43 75 on
243 1047 56 75 the
314 1047 36 75 os
367 1047 165 75 cuboides,
555 1047 27 75 is
599 1047 79 75 very
696 1047 101 75 large,
822 1047 166 75 tuberous,
1013 1047 63 75 and
1099 1047 118 75 produ-

186 1093 59 75 ced
270 1093 69 75 intp
365 1093 19 75 a
406 1093 224 75 long-pointed
657 1093 126 75 procefs
805 1093 193 75 externally,
1023 1093 195 75 where.part

186 1141 40 75 of
237 1141 55 75 the
312 1141 154 75 abduftor
482 1141 121 75 minimi
620 1141 93 75 digiti
728 1141 27 75 is
784 1141 107 75 fixed;
918 1141 63 75 and
1003 1141 70 75 into
1089 1141 40 75 its
1157 1141 58 75 up-

185 1185 56 75 per
258 1185 71 75 part
344 1185 56 75 the
416 1185 164 75 peronaeus
598 1185 154 75 fecundus
768 1185 26 75 is
807 1185 151 75 inferted.
1052 1185 49 75 Its
1118 1185 98 75 infide

184 1232 57 75 has
260 1232 18 75 a
293 1232 56 75 flat
366 1232 148 75 conoidal
533 1232 136 75 furface,
693 1232 109 75 where
817 1232 26 75 it
859 1232 27 75 is
903 1232 187 75 contiguous
1107 1232 35 75 to
1159 1232 56 75 the

185 1278 172 75 preceding
373 1278 93 75 bone.

232 1325 111 75 When
371 1325 49 75 we
447 1325 101 75 Hand,
584 1325 57 75 the
667 1325 165 75 fore-ends
861 1325 40 75 of
925 1325 89 75 thefe
1036 1325 178 75 metatarfal

184 1372 113 75 bones,
323 1372 62 75 and
402 1372 55 75 the
473 1372 36 75 os
527 1372 108 75 calcis,
661 1372 53 75 are
738 1372 60 75 our
822 1372 78 75 only
926 1372 201 75 fupporters;
1154 1372 63 75 and

185 1419 162 75 therefore
363 1419 26 75 it
404 1419 26 75 is
447 1419 160 75 neceffary
623 1419 79 75 they
712 1419 113 75 Ihould
839 1419 40 75 be
895 1419 118 75 ftrong,
1031 1419 63 75 and
1105 1419 112 75 ftiould

184 1465 81 75 have
282 1465 19 75 a
316 1465 147 75 confined
477 1465 135 75 motion.

232 1511 77 75 The
326 1511 98 75 bones
442 1511 39 75 of
492 1511 56 75 the
563 1511 105 75 Toes
686 1511 54 75 are
757 1511 96 75 much
868 1511 74 75 akin
957 1511 36 75 to
1005 1511 89 75 thofe
1107 1511 44 75 of
1163 1511 55 75 the

186 1558 116 75 thumb
319 1558 64 75 and
406 1558 138 75 fingers;
578 1558 209 75 particularly
814 1558 56 75 the
894 1558 66 75 two
984 1558 40 75 of
1051 1558 55 75 die
1128 1558 90 75 great

185 1605 54 75 toe
255 1605 55 75 are
326 1605 154 75 precifely
507 1605 126 75 formed
648 1605 34 75 as
700 1605 54 75 the
772 1605 66 75 two
853 1605 58 75 laft
935 1605 41 75 of
997 1605 56 75 the
1078 1605 135 75 thumb;

185 1650 77 75 only
278 1650 84 75 their
378 1650 145 75 pofition,
548 1650 33 75 in
602 1650 118 75 refpedt
746 1650 40 75 of
809 1650 55 75 the
889 1650 95 75 other
1007 1650 84 75 toes,
1116 1650 26 75 is
1158 1650 59 75 not

186 1697 152 75 oblique;
364 1697 63 75 and
443 1697 77 75 they
536 1697 53 75 are
606 1697 251 75 proportionally
874 1697 95 75 much
980 1697 156 75 fixonger,
1160 1697 57 75 be-

186 1744 90 75 caufe
292 1744 79 75 they
386 1744 54 75 are
455 1744 161 75 fubje&ed
632 1744 36 75 to
685 1744 18 75 a
718 1744 126 75 greater
860 1744 109 75 force;
996 1744 51 75 for
1070 1744 77 75 they
1162 1744 51 75 fu-

186 1789 76 75 ftain
279 1789 55 75 the
352 1789 87 75 force
456 1789 79 75 with
548 1789 105 75 which
666 1789 59 75 our
736 1789 111 75 bodies
860 1789 53 75 are
924 1789 119 75 pulhed
1057 1789 157 75 forwards

186 1836 45 75 by
247 1836 55 75 the
316 1836 73 75 foot
404 1836 120 75 behind
540 1836 34 75 at
589 1836 96 75 every
701 1836 66 75 ftep
782 1836 49 75 we
847 1836 114 75 make;
988 1836 63 75 and
1067 1836 41 75 on
1125 1836 90 75 them

185 1883 189 75 principally
386 1883 56 75 the
459 1883 118 75 weight
594 1883 40 75 of
647 1883 55 75 the
718 1883 88 75 body
816 1883 28 75 is
859 1883 185 75 fupported,
1061 1883 93 75 when
1167 1883 49 75 we

186 1929 53 75 are
257 1929 100 75 raifed
373 1929 41 75 on
430 1929 59 75 our
505 1929 153 75 tiptoes..

231 1976 77 75 The
324 1976 91 75 three
431 1976 99 75 bones
546 1976 32 75 in
596 1976 78 75 each
693 1976 42 75 of
746 1976 54 75 the
816 1976 95 75 other
928 1976 73 75 four
1018 1976 82 75 toes,
1127 1976 89 75 com-

185 2021 100 75 pared
299 2021 40 75 to'
350 2021 90 75 thofe
456 2021 40 75 of
507 2021 55 75 the
578 2021 128 75 fingers,
732 2021 95 75 differ
854 2021 84 75 from
952 2021 90 75 them
1066 2021 32 75 in
1125 2021 89 75 thefe

185 2068 210 75 particulars.-
481 2068 100 75 They
596 2068 53 75 are
660 2068 73 75 lefs,
758 2068 63 75 and
836 2068 124 75 fmaller
975 2068 33 75 in
1027 2068 187 75 proportion

187 2114 34 75 to
245 2114 85 75 their
355 2114 149 75 lengths:
513 2114 39 75 —
559 2114 107 75 Their
692 2114 88 75 Safes
808 2114 54 75 are
887 2114 93 75 much
1008 2114 106 75 larger
1135 2114 78 75 than

184 2160 86 75 their
286 2160 139 75 anterior
440 2160 95 75 ends:
553 2160 107 75 Their
675 2160 110 75 bodies
802 2160 53 75 are
870 2160 90 75 more
972 2160 125 75 narrow
1114 2160 100 75 above

183 2206 67 75 and
276 2206 117 75 below,
419 2206 62 75 and
506 2206 108 75 flatter
637 2206 42 75 on
695 2206 54 75 the
765 2206 215 75 fides.—The
997 2206 64 75 firft
1075 2206 140 75 phalanx

490 2411 739 75 EXPLANATION

356 2556 150 75 Figure
533 2556 31 75 L
612 2556 34 75 A
670 2556 116 75 Male
814 2556 223 75 Skeleton.

192 2652 45 75 A,
262 2652 49 75 Os
334 2652 128 75 frontis.
519 2652 43 75 B,
586 2652 50 75 Os
661 2652 162 75 parietale.
882 2652 42 75 C,
950 2652 49 75 Os
1022 2652 193 75 temporum.

240 2698 48 75 D,
306 2698 49 75 Os
371 2698 158 75 occipitis.
570 2698 44 75 E,
631 2698 78 75 Offa
724 2698 74 75 nafi.
835 2698 40 75 F,
893 2698 48 75 Os
958 2698 103 75 malae.
1101 2698 48 75 G,
1168 2698 48 75 Os

238 2743 168 75 maxillare
417 2743 154 75 fuperius.
607 2743 49 75 H,
671 2743 51 75 Os
734 2743 168 75 maxillare
914 2743 144 75 inferius.
1094 2743 29 75 I,
1140 2743 78 75 The

240 2788 101 75 teeth,
365 2788 106 75 which
488 2788 53 75 are
557 2788 120 75 fixteen
693 2788 31 75 in
744 2788 77 75 each
835 2788 78 75 jaw.
961 2788 46 75 ]£*
1031 2788 76 75 The
1127 2788 93 75 feven

237 2835 156 75 vertebra
416 2835 41 75 of
474 2835 56 75 the
554 2835 94 75 neck,
671 2835 80 75 with
772 2835 86 75 their
879 2835 221 75 intermediate
1123 2835 97 75 carti-

239 2882 101 75 lages.
399 2882 45 75 L,
470 2882 65 75 <bc.
558 2882 78 75 The
666 2882 114 75 twelve
807 2882 104 75 dorfal
940 2882 166 75 vertebra,
1139 2882 79 75 with

242 2927 83 75 their
346 2927 430 75 intermediate-cartilages.
822 2927 53 75 M,
900 2927 76 75 The
1004 2927 60 75 five
1090 2927 124 75 lumbar

240 2974 165 75 vertebra,
420 2974 74 75 and,
506 2974 161 75 N,Their
677 2974 221 75 intermediate
910 2974 244 75 cartilages*.-O,
1166 2974 48 75 Gs

1358 142 39 75 O
1514 142 48 75 M
1679 142 54 75 Y.

2139 142 153 75 part!.

1260 212 27 75 is
1304 212 255 75 proportionally
1574 212 96 75 much
1686 212 113 75 longer
1826 212 77 75 than
1929 212 55 75 the
2000 212 99 75 bones
2115 212 41 75 of
2177 212 56 75 the
2249 212 46 75 fe-

1263 258 81 75 cond
1362 258 64 75 and
1445 258 100 75 third,
1571 258 106 75 which
1694 258 53 75 are
1764 258 77 75 very
1858 258 98 75 (hort.

1312 306 53 75 Of
1376 306 57 75 the
1448 306 86 75 four,
1560 306 57 75 the
1644 306 55 75 toe
1714 306 80 75 next
1817 306 36 75 to
1878 306 55 75 the
1963 306 88 75 great
2076 306 59 75 one
2159 306 57 75 has
2242 306 55 75 the

1263 352 115 75 largeft
1395 352 96 75 bones
1509 352 32 75 in
1559 352 43 75 all
1618 352 203 75 dimenfions,
1846 352 61 75 and
1931 352 89 75 more
2044 352 181 75 externally
2241 352 55 75 the

1266 397 70 75 toes
1353 397 54 75 are
1423 397 198 75 lefs.—The
1642 397 87 75 little
1753 397 66 75 toe,
1845 397 63 75 and
1931 397 183 75 frequently
2130 397 73 75 that
2218 397 79 75 next

1264 444 38 75 to
1318 444 37 75 it,
1381 444 82 75 have
1489 444 55 75 the
1572 444 116 75 fecond
1710 444 64 75 and
1800 444 89 75 third
1909 444 99 75 bones
2024 444 180 75 intimately
2227 444 69 75 uni-

1267 490 56 75 ted
1338 490 69 75 into
1420 490 83 75 one;
1524 490 106 75 which
1646 490 76 75 may
1737 490 40 75 be
1793 490 107 75 owing
1914 490 36 75 to
1967 490 84 75 their
2061 490 85 75 little
2162 490 134 75 motion,

1266 536 64 75 and
1353 536 56 75 the
1425 536 91 75 great
1538 536 140 75 preffure
1700 536 79 75 they
1803 536 53 75 are
1879 536 162 75 fubjedled
2055 536 49 75 to.

1312 582 77 75 The
1406 582 69 75 toes
1493 582 53 75 are
1563 582 41 75 of
1617 582 87 75 good
1722 582 51 75 ufe
1789 582 35 75 to
1834 582 38 75 us
1888 582 31 75 in
1938 582 157 75 walking;
2121 582 63 75 for,
2203 582 94 75 when

1267 629 56 75 the
1344 629 65 75 foie
1437 629 28 75 is
1492 629 114 75 raifed,
1631 629 78 75 they
1727 629 92 75 bring
1835 629 60 75 our
1912 629 98 75 body,
2036 629 78 75 with
2131 629 40 75 its
2189 629 108 75 centre

1267 676 39 75 of
1318 676 137 75 gravity,
1481 676 241 75 perpendicular
1738 676 35 75 to
1788 676 57 75 the
1861 676 162 75 advanced
2038 676 84 75 foot.

1313 722 76 75 The
1412 722 78 75 only
1515 722 99 75 bones
1632 722 73 75 now
1720 722 176 75 remaining
1918 722 35 75 to
1980 722 158 75 complete
2161 722 55 75 the
2240 722 56 75 de-

1266 768 150 75 fcription
1433 768 39 75 of
1484 768 56 75 the
1556 768 154 75 Ikeleton,
1736 768 54 75 are
1805 768 56 75 the
1881 768 90 75 fmall
1999 768 90 75 ones,
2113 768 105 75 which
2243 768 54 75 are

1267 814 102 75 found
1384 814 33 75 at
1434 814 56 75 the
1502 814 104 75 joints
1619 814 40 75 of
1670 814 55 75 the
1748 814 117 75 fingers
1885 814 63 75 and
1971 814 82 75 toes,
2079 814 63 75 and
2160 814 33 75 in
2209 814 87 75 fome

1265 860 95 75 other
1376 860 101 75 parts,
1502 860 105 75 called

1312 907 98 75 Ossa
1429 907 263 75 Sesamoidea,
1717 907 106 75 which
1841 907 53 75 are
1911 907 41 75 of
1974 907 79 75 very
2081 907 151 75 different
2257 907 38 75 fi-

1266 953 93 75 gures
1376 953 63 75 and
1451 953 90 75 fizes,
1560 953 124 75 though
1701 953 78 75 they
1795 953 53 75 are
1865 953 165 75 generally
2045 953 66 75 faid
2127 953 36 75 to
2180 953 115 75 refera-

1265 999 52 75 ble
1334 999 55 75 the
1405 999 73 75 feed
1494 999 40 75 of
1544 999 55 75 the
1615 999 183 75 fefamum.-
1868 999 106 75 -They
1998 999 80 75 feem
2106 999 37 75 to
2169 999 41 75 be
2237 999 58 75 no-

1266 1046 91 75 thing
1372 1046 62 75 elfe
1453 1046 79 75 than
1552 1046 55 75 the
1623 1046 167 75 ligaments
1808 1046 40 75 of
1858 1046 55 75 the
1931 1046 231 75 articulations,
2185 1046 38 75 or
2240 1046 56 75 the

1267 1093 70 75 firm
1357 1093 135 75 tendons
1509 1093 40 75 of
1560 1093 107 75 firong
1691 1093 145 75 mufcles,
1861 1093 39 75 or
1922 1093 93 75 both,
2040 1093 131 75 become
2194 1093 99 75 bony,

1266 1138 43 75 by
1325 1138 56 75 the
1405 1138 204 75 compreflion
1637 1138 105 75 v/hich
1770 1138 78 75 they
1875 1138 110 75 fuffer.
2032 1138 96 75 Thus
2144 1138 57 75 the
2215 1138 79 75 fefa-

1265 1185 88 75 moid
1369 1185 99 75 bones
1487 1185 32 75 at
1536 1185 55 75 the
1608 1185 172 75 beginning
1796 1185 40 75 of
1846 1185 56 75 the
1914 1185 217 75 gaftrocnemii
2147 1185 145 75 mufcles,

1265 1231 54 75 are
1336 1231 164 75 evidently
1517 1231 169 75 compofed
1701 1231 40 75 of
1764 1231 54 75 the
1841 1231 168 75 tendinous
2037 1231 94 75 fibres
2153 1231 140 75 only.—

1262 1277 120 75 Thefe,
1408 1277 33 75 at
1457 1277 55 75 the
1529 1277 64 75 firfi
1605 1277 85 75 joint
1706 1277 41 75 of
1760 1277 56 75 the
1832 1277 91 75 great
1940 1277 66 75 toe,
2032 1277 58 75 are’
2113 1277 33 75 as
2174 1277 121 75 plainly

1264 1324 56 75 the
1346 1324 83 75 fame
1447 1324 171 75 continued
1633 1324 160 75 fubftance
1808 1324 79 75 with
1904 1324 57 75 the
1977 1324 168 75 ligaments
2162 1324 60 75 and
2239 1324 55 75 the

1264 1370 135 75 tendons
1416 1370 40 75 of
1467 1370 56 75 the
1540 1370 165 75 addudtor,
1729 1370 116 75 flexor,
1862 1370 118 75 brevis,
1999 1370 61 75 and
2080 1370 197 75 abduftor.—
2277 1352 7 49 £
2284 1370 10 75 -

1263 1416 93 75 That
1371 1416 105 75 which
1492 1416 27 75 is
1536 1416 178 75 fometimes
1732 1416 118 75 double
1874 1416 33 75 at
1930 1416 55 75 the
2007 1416 115 75 fecond
2147 1416 84 75 joint
2258 1416 41 75 of

1265 1463 69 75 that
1343 1463 74 75 .toe,
1442 1463 26 75 is
1486 1463 71 75 part
1574 1463 39 75 of
1628 1463 213 75 the‘capfular
1857 1463 172 75 ligament;
2056 1463 63 75 and
2138 1463 30 75 if
2186 1463 48 75 we
2259 1463 33 75 e-

1267 1510 163 75 numerate
1445 1510 57 75 the
1519 1510 93 75 other
1630 1510 151 75 fefamoid
1804 1510 98 75 bones
1926 1510 71 75 that
2023 1510 53 75 are
2093 1510 33 75 at
2142 1510 62 75 any
2215 1510 78 75 time

1266 1557 112 75 found,
1402 1557 49 75 we
1468 1557 74 75 may
1557 1557 130 75 obferve
1704 1557 42 75 all
1763 1557 39 75 of
1820 1557 87 75 them
1924 1557 125 75 formed
2065 1557 31 75 in
2120 1557 63 75 this
2204 1557 88 75 man-

1264 1602 66 75 ner.
1418 1602 106 75 Their
1540 1602 145 75 number,
1709 1602 113 75 figure,
1840 1602 159 75 fituation,
2017 1602 62 75 and
2095 1602 198 75 magnitude,

1265 1650 52 75 are
1334 1650 33 75 fo
1383 1650 177 75 uncertain,
1584 1650 76 75 that
1671 1650 25 75 it
1714 1650 83 75 were
1814 1650 32 75 in
1862 1650 72 75 vain
1951 1650 35 75 to
2002 1650 81 75 infill
2099 1650 43 75 on
2157 1650 55 75 the
2229 1650 64 75 dif-

1265 1697 142 75 ferences
1424 1697 40 75 of
1480 1697 102 75 each;
1611 1697 62 75 and
1689 1697 162 75 therefore
1867 1697 48 75 we
1931 1697 77 75 lhall
2025 1697 76 75 only
2117 1697 33 75 in
2166 1697 128 75 general

1263 1742 136 75 remark,

1314 1788 29 75 x.
1368 1788 92 75 That
1488 1788 198 75 where-ever
1712 1788 56 75 the
1796 1788 134 75 tendons
1959 1788 62 75 and
2045 1788 168 75 ligaments
2241 1788 53 75 are

1262 1834 128 75 firmeft,
1416 1834 56 75 the
1496 1834 119 75 addons
1643 1834 41 75 of
1705 1834 56 75 the
1787 1834 134 75 mufcles
1949 1834 163 75 llrpngeft,
2148 1834 62 75 and
2237 1834 56 75 the

1265 1879 201 75 compreflion
1483 1879 148 75 greateft,
1656 1879 92 75 there
1764 1879 76 75 fuch
1857 1879 105 75 bones'
1974 1879 54 75 are
2039 1879 79 75 moll
2130 1879 162 75 common-

1264 1925 33 75 ly
1313 1925 113 75 found.

1313 1974 34 75 2.
1371 1974 105 75 Thar,
1502 1974 127 75 cneteris
1642 1974 150 75 paribus,
1817 1974 56 75 the
1890 1974 91 75 older
1997 1974 56 75 the
2078 1974 121 75 fubjedt
2216 1974 25 75 is
2259 1974 32 75 in

1262 2018 104 75 which
1383 2018 79 75 they
1478 2018 53 75 are
1548 2018 127 75 fought,
1693 2018 84 75 their
1793 2018 134 75 number
1939 2018 26 75 is
1977 2018 139 75 greater,
2135 2018 63 75 and
2209 2018 84 75 their

1262 2064 62 75 fize
1340 2064 26 75 is
1383 2064 118 75 larger.

1310 2110 32 75 3.
1366 2110 77 75 The
1460 2110 89 75 more
1566 2110 115 75 labour
1697 2110 62 75 any
1775 2110 113 75 perfon
1903 2110 27 75 is
1946 2110 113 75 inured
2083 2110 48 75 to,
2156 2110 42 75 he
2220 2110 69 75 has,

1263 2157 125 75 cateris
1399 2157 152 75 paribus,
1568 2157 55 75 the
1639 2157 79 75 moil
1734 2157 171 75 numerous
1921 2157 62 75 and
2000 2157 114 75 largell
2130 2157 64 75 offa
2211 2157 79 75 fefa-

1260 2204 138 75 moidea.

1308 2412 87 75 of
1472 2412 323 75 PLATE
1849 2412 144 75 XIII.

1312 2553 133 75 facrum.
1492 2553 41 75 P,
1551 2553 49 75 Os
1616 2553 160 75 coccygis.
1821 2553 54 75 0>
1891 2553 49 75 Os
1956 2553 102 75 ilium.
2098 2553 46 75 R,
2162 2553 49 75 Os
2228 2553 60 75 pu-

1313 2600 61 75 bis.
1412 2600 36 75 S,
1466 2600 48 75 Os
1527 2600 145 75 ifchium.
1695 2600 49 75 T,
1759 2600 77 75 The
1848 2600 92 75 leven
1953 2600 70 75 true
2035 2600 77 75 ribs.
2148 2600 48 75 U,
2213 2600 78 75 Thfe

1310 2646 62 75 five
1388 2646 76 75 falfe
1482 2646 77 75 ribs.
1608 2646 46 75 V,
1678 2646 77 75 The
1779 2646 149 75 fternum.
1976 2646 47 75 X,
2047 2646 76 75 The
2146 2646 144 75 clavicle.

1311 2693 43 75 Y,
1366 2693 76 75 The
1454 2693 138 75 fcapula.
1629 2693 41 75 Z,
1686 2693 78 75 The
1776 2693 35 75 os
1823 2693 136 75 humeri,
1996 2693 29 75 a,
2042 2693 99 75 Ulna,
2175 2693 33 75 b,
2222 2693 67 75 Ra-

1313 2740 85 75 dius.
1446 2740 31 75 c.
1500 2740 78 75 The
1601 2740 90 75 eight
1717 2740 98 75 bones
1842 2740 41 75 of
1904 2740 55 75 the
1983 2740 124 75 carpus,
2155 2740 35 75 d.
2214 2740 77 75 The

1313 2786 61 75 five
1390 2786 190 75 metacarpal
1595 2786 111 75 bones,
1754 2786 30 75 e.
1808 2786 77 75 The
1903 2786 168 75 phalanges
2098 2786 40 75 of
2160 2786 55 75 the
2232 2786 58 75 fin-r

1311 2833 88 75 gers.
1447 2833 27 75 f,
1498 2833 76 75 TEe
1590 2833 35 75 os
1638 2833 144 75 femoris.
1831 2833 33 75 g,
1887 2833 77 75 The
1976 2833 127 75 patella,
2153 2833 35 75 h,
2212 2833 77 75 The

1312 2879 92 75 tibia,
1452 2879 23 75 i,
1499 2879 78 75 The
1592 2879 109 75 fibula,
1749 2879 34 75 k,
1807 2879 77 75 The
1895 2879 91 75 feyen
2000 2879 97 75 bones
2106 2879 39 75 of
2157 2879 54 75 the
2223 2879 66 75 tar-

1310 2924 64 75 fus.
1422 2924 24 75 1,
1469 2924 77 75 The
1568 2924 61 75 five
1647 2924 181 75 metatarfal
1843 2924 113 75 bones,
2002 2924 46 75 m,
2065 2924 76 75 The
2158 2924 129 75 phalan-

1310 2972 55 75 ges
1381 2972 40 75 of
1432 2972 54 75 the
1502 2972 82 75 toes.
