2397 3387
577 169 36 75 B
687 169 40 75 O
805 169 40 75 O
921 169 153 75 K-K
1148 169 35 75 E
1255 169 35 75 E
1363 169 34 75 P
1473 169 17 75 I
1566 169 43 75 N
1684 169 51 75 G.

120 250 102 75 figure
237 250 30 75 in
287 250 53 75 the
356 250 134 75 margin,
516 250 52 75 for
586 250 54 75 the
652 250 84 75 fame
753 250 133 75 purpofe
904 250 32 75 as
954 250 123 75 before.
1115 250 37 75 If

120 296 91 75 there
226 296 39 75 be
282 296 88 75 more
387 296 68 75 Drs
473 296 37 75 or
533 296 62 75 Crs
613 296 32 75 in
662 296 56 75 the
735 296 79 75 poft,
839 296 138 75 proteed
994 296 54 75 the
1064 296 82 75 fame

120 342 71 75 way
207 342 77 75 with
301 342 76 75 each
396 342 39 75 of
447 342 100 75 them.
596 342 78 75 And
690 342 74 75 thus
782 342 41 75 go
841 342 40 75 on
898 342 79 75 with
995 342 54 75 the
1067 342 79 75 next

120 390 80 75 poit,
224 390 63 75 and
303 390 80 75 after
400 390 26 75 it
439 390 76 75 with
534 390 55 75 the
600 390 100 75 third,
718 390 66 75 6'c.
803 390 49 75 till
865 390 54 75 the
932 390 104 75 whole
1049 390 96 75 jour-

121 437 52 75 nal
190 437 64 75 and
265 437 129 75 Ledger
408 437 40 75 be
464 437 182 75 compared.

167 482 49 75 As
233 482 95 75 every
345 482 91 75 thing
453 482 26 75 is
497 482 94 75 twice
617 482 131 75 entered
763 482 34 75 in
820 482 56 75 the
899 482 143 75 Ledger,
1068 482 79 75 once

121 529 85 75 upon
222 529 56 75 the
290 529 53 75 Dr
360 529 62 75 fide
439 529 39 75 of
490 529 60 75 one
567 529 156 75 accompt,
748 529 62 75 and
826 529 89 75 again
933 529 85 75 upon
1035 529 113 75 theCr

120 575 62 75 fide
202 575 40 75 of
263 575 85 75 fome
372 575 95 75 other
490 575 168 75 accompt;
682 575 25 75 it
720 575 26 75 is
770 575 98 75 plain,
892 575 71 75 thaf
988 575 54 75 the
1066 575 80 75 total

122 622 67 75 fum
219 622 40 75 of
281 622 42 75 all
341 622 54 75 the
413 622 114 75 money
544 622 41 75 on
602 622 55 75 the
673 622 52 75 Dr
742 622 78 75 fides
836 622 65 75 will
929 622 39 75 be
996 622 152 75 precifely

122 668 93 75 equal
225 668 35 75 to
271 668 56 75 the
336 668 79 75 total
428 668 67 75 fum
507 668 39 75 of
554 668 42 75 all
608 668 83 75 upon
704 668 54 75 the
768 668 46 75 Cr
826 668 79 75 fides
918 668 8 75 :
956 668 76 75 And
1042 668 104 75 there-

122 714 70 75 fore
218 714 56 75 the
297 714 213 75 accomptant,
534 714 84 75 after
642 714 131 75 revifing
792 714 56 75 the
871 714 114 75 books,
1011 714 27 75 is
1054 714 93 75 next,

122 760 53 75 for
192 760 125 75 further
344 760 203 75 fatisfadion,
573 760 35 75 to
633 760 62 75 add
722 760 42 75 up
791 760 55 75 the
869 760 53 75 Dr
939 760 76 75 fides
1033 760 39 75 of
1092 760 55 75 the

122 805 106 75 whole
245 805 129 75 Ledger
389 805 69 75 into
485 805 61 75 one
570 805 78 75 fum,
674 805 62 75 and
753 805 54 75 the
827 805 48 75 Cr
898 805 79 75 fides
995 805 68 75 into
1090 805 56 75 an-

124 851 106 75 other.
278 851 37 75 If
338 851 76 75 they
429 851 105 75 agree,
560 851 24 75 it
602 851 25 75 is
655 851 114 75 highly
784 851 151 75 probable
960 851 71 75 that
1053 851 42 75 all
1121 851 26 75 is

125 898 108 75 right;
258 898 30 75 if
299 898 77 75 they
388 898 108 75 differ,
513 898 177 75 fomething
706 898 27 75 is
750 898 261 75 unqueftionably
1024 898 123 75 wrong.

171 943 83 75 This
271 943 141 75 addition
425 943 40 75 of
476 943 55 75 the
544 943 52 75 Dr
614 943 118 75 andCr
748 943 80 75 fides
840 943 41 75 is,
898 943 42 75 by
954 943 192 75 merchants,

125 990 101 75 called
249 990 53 75 the
331 990 268 75 Trial-balance;
633 990 63 75 and
723 990 102 75 ought
842 990 35 75 to
903 990 39 75 be
960 990 104 75 made,
1090 990 57 75 not

124 1036 108 75 limply
249 1036 43 75 by
307 1036 110 75 taking
434 1036 55 75 the
500 1036 68 75 fum
581 1036 40 75 of
631 1036 97 75 every
744 1036 91 75 page,
862 1036 56 75 but
934 1036 43 75 by
991 1036 156 75 fumming

122 1083 55 75 the
190 1083 53 75 Dr
258 1083 63 75 and
333 1083 48 75 Cr
397 1083 77 75 fides
487 1083 39 75 of
538 1083 96 75 every
645 1083 133 75 account
794 1083 187 75 feparately,
999 1083 62 75 and
1073 1083 76 75 then

123 1127 119 75 adding
257 1127 88 75 thefe
370 1127 41 75 on
437 1127 97 75 every
549 1127 80 75 page
644 1127 68 75 into
729 1127 60 75 one
805 1127 80 75 fum.
935 1127 51 75 By
1003 1127 95 75 going
1115 1127 39 75 to

124 1174 92 75 work
231 1174 32 75 in
280 1174 64 75 this
361 1174 140 75 manner,
526 1174 65 75 you
610 1174 64 75 lofe
691 1174 41 75 no
748 1174 134 75 labour;
908 1174 52 75 for
977 1174 91 75 when
1087 1174 63 75 you

124 1220 90 75 come
230 1220 185 75 afterwards
434 1220 33 75 to
484 1220 82 75 clofe
581 1220 55 75 the
652 1220 174 75 accompts,
851 1220 118 75 inftead
981 1220 38 75 of
1031 1220 118 75 adding

125 1265 81 75 their
224 1265 53 75 Dr
293 1265 63 75 and
380 1265 48 75 Cr
443 1265 78 75 fides
546 1265 101 75 anew,
672 1265 65 75 you
753 1265 74 75 take
856 1265 84 75 their
964 1265 83 75 funis
1064 1265 90 75 from,

124 1312 54 75 the
194 1312 233 75 trial-balance.

170 1357 43 75 If,
238 1357 83 75 after
338 1357 54 75 the
409 1357 98 75 revife
523 1357 26 75 is
566 1357 107 75 made,
697 1357 55 75 the
769 1357 95 75 totals
882 1357 41 75 of
940 1357 56 75 the
1015 1357 54 75 Dr
1086 1357 63 75 and

123 1404 48 75 Cr
194 1404 78 75 fides
295 1404 106 75 agree,
425 1404 56 75 the
509 1404 200 75 accomptant
736 1404 97 75 may,,
857 1404 138 75 without
1023 1404 126 75 further

123 1450 86 75 trial,
225 1450 156 75 conclude
399 1450 56 75 the
471 1450 100 75 books
589 1450 35 75 to
641 1450 39 75 be
696 1450 99 75 right.
826 1450 67 75 But
909 1450 31 75 if
950 1450 78 75 they
1040 1450 106 75 differ,

123 1497 50 75 his
189 1497 79 75 next
284 1497 65 75 ftep
365 1497 25 75 is
407 1497 35 75 to
458 1497 145 75 examine
619 1497 55 75 the
684 1497 130 75 Ledger
829 1497 42 75 by
887 1497 97 75 itfelf.
1025 1497 121 75 Which

122 1542 28 75 is
166 1542 83 75 done
265 1542 93 75 thus:
385 1542 178 75 Beginning
575 1542 77 75 with
669 1542 55 75 the
740 1542 64 75 firfl
815 1542 158 75 accompt,
999 1542 148 75 compare

122 1588 57 75 the
195 1588 64 75 firft
274 1588 111 75 article
400 1588 43 75 ,on
460 1588 55 75 the
539 1588 53 75 Dr
613 1588 65 75 fide
693 1588 87 75 with,
799 1588 42 75 its
858 1588 220 75 counter-part
1097 1588 50 75 (to

124 1634 104 75 which
255 1634 56 75 the
337 1634 156 75 referring
514 1634 101 75 figure
638 1634 147 75 diredfs),
811 1634 74 75 and,
917 1634 84 75 upon
1029 1634 120 75 finding

123 1680 88 75 them
233 1680 98 75 right,
357 1680 37 75 or
410 1680 129 75 making
562 1680 87 75 them
674 1680 46 75 fo,
746 1680 77 75 affix
839 1680 19 75 a
874 1680 57 75 dot
956 1680 35 75 to
1013 1680 55 75 the
1084 1680 63 75 end

123 1726 40 75 of
174 1726 55 75 the
244 1726 80 75 fum,
350 1726 37 75 or
403 1726 31 75 in
451 1726 55 75 the
529 1726 82 75 folio
626 1726 38 75 or
688 1726 111 75 month
816 1726 126 75 column
959 1726 39 75 of
1018 1726 78 75 each
1113 1726 40 75 of

123 1772 100 75 tliem,
240 1772 75 75 thus
336 1772 68 75 [].],
422 1772 36 75 to
473 1772 192 75 fignifythat
683 1772 78 75 they
772 1772 81 75 have
869 1772 79 75 been
965 1772 186 75 compared;

123 1818 144 75 Proceed
283 1818 32 75 in
332 1818 65 75 like
409 1818 129 75 manner
554 1818 77 75 with
650 1818 41 75 all
708 1818 55 75 the
779 1818 93 75 other
889 1818 125 75 articles
1035 1818 40 75 on
1093 1818 56 75 the

123 1865 53 75 Dr
191 1865 75 75 fide,
284 1865 62 75 and
362 1865 78 75 next
456 1865 78 75 with
550 1865 91 75 thofe
656 1865 84 75 upon
758 1865 54 75 the
825 1865 48 75 Cr
887 1865 83 75 fide;
998 1865 62 75 and
1072 1865 76 75 then

123 1912 42 75 go
178 1912 39 75 on
230 1912 34 75 to
281 1912 18 75 a
311 1912 69 75 new
396 1912 157 75 accompt,
571 1912 63 75 and
650 1912 82 75 from
746 1912 25 75 it
784 1912 34 75 to
830 1912 55 75 the
901 1912 178 75 followings
1098 1912 50 75 till

122 1958 56 75 the
187 1958 102 75 whole
306 1958 131 75 Ledger
447 1958 39 75 be
497 1958 141 75 finilhed.
675 1958 89 75 Here
773 1958 141 75 obferve,
928 1958 82 75 that,
1029 1958 31 75 in
1073 1958 74 75 pro-

122 2005 140 75 fecuting
274 2005 53 75 the
344 2005 226 75 examination,
588 2005 42 75 all
647 2005 55 75 the
714 2005 114 75 dotted
840 2005 125 75 articles
978 2005 61 75 you
1058 2005 100 75 corqes

124 2051 33 75 to
174 2051 52 75 are
238 2051 34 75 to
295 2051 38 75 be
350 2051 148 75 omitted,
524 2051 34 75 as
574 2051 117 75 having
710 2051 80 75 been
812 2051 169 75 compared
1003 2051 144 75 already.

122 2095 76 75 The
211 2095 142 75 Ledger,
367 2095 93 75 being
469 2095 75 75 thus
553 2095 178 75 examined,
746 2095 29 75 if
783 2095 54 75 the
847 2095 189 75 corrections
1046 2095 40 75 of
1092 2095 56 75 the

125 2140 103 75 errors
238 2140 101 75 found
347 2140 92 75 bring
451 2140 55 75 the
518 2140 81 75 films
612 2140 39 75 of
660 2140 54 75 the
728 2140 52 75 Dr
792 2140 62 75 and
866 2140 48 75 Cr
924 2140 78 75 fides
1015 2140 35 75 to
1062 2140 18 75 a
1091 2140 56 75 ba-

125 2185 100 75 lance,
244 2185 58 75 the
310 2185 101 75 books
424 2185 72 75 may
508 2185 74 75 now
596 2185 39 75 be
651 2185 165 75 prefumed
828 2185 106 75 right;
963 2185 56 75 but
1034 2185 32 75 if
1076 2185 57 75 not
1133 2217 20 49 r

124 2231 176 75 fomething
310 2231 25 75 is
344 2231 61 75 ftill
412 2231 135 75 wrong:
564 2231 76 75 And
652 2231 89 75 there
752 2231 27 75 is
792 2231 41 75 no
845 2231 71 75 way
927 2231 63 75 left
1000 2231 34 75 to
1043 2231 104 75 difeo-

124 2277 56 75 ver
196 2277 55 75 the
267 2277 141 75 miftake,
426 2277 57 75 but
495 2277 18 75 a
524 2277 88 75 more
621 2277 120 75 careful
758 2277 142 75 refearch
912 2277 40 75 of
960 2277 55 75 the
1029 2277 117 75 books.

170 2324 84 75 This
272 2324 132 75 revifing
427 2324 38 75 or
488 2324 213 75 examination
724 2324 26 75 is
775 2324 288 75 what.merchants
1086 2324 62 75 call

123 2370 161 75 Pricking
300 2370 42 75 of
355 2370 52 75 the
423 2370 87 75 books
522 2370 4 75 '
526 2370 6 75 ,
558 2370 63 75 and
637 2370 110 75 fliould
759 2370 56 75 not
826 2370 43 75 be
883 2370 56 75 put
956 2370 52 75 off
1027 2370 47 75 till
1091 2370 56 75 the

122 2417 129 75 Ledger
267 2417 27 75 is
311 2417 87 75 filled
420 2417 54 75 up,
499 2417 58 75 but
580 2417 180 75 performed
785 2417 135 75 weekly,
945 2417 62 75 and
1027 2417 34 75 in
1083 2417 65 75 due

122 2463 115 75 order,;
263 2463 70 75 that
349 2463 40 75 is,
407 2463 54 75 the
476 2463 213 75 Wade-book
704 2463 110 75 fhould
829 2463 42 75 be
887 2463 130 75 revifed,
1036 2463 113 75 before

120 2511 26 75 it
163 2511 39 75 be
225 2511 107 75 polled
349 2511 35 75 to
406 2511 55 75 the
485 2511 154 75 Journal;
667 2511 61 75 and
752 2511 54 75 the
829 2511 134 75 Journal
988 2511 100 75 ought
1111 2511 36 75 to

123 2558 37 75 be
185 2558 180 75 examined,
390 2558 159 75 before-it
573 2558 39 75 be
636 2558 197 75 tranfported
857 2558 35 75 to
915 2558 54 75 the
992 2558 166 75 Ledoer;-

121 2603 62 75 and
199 2603 55 75 the
271 2603 130 75 revifing
419 2603 42 75 of
477 2603 55 75 the
556 2603 130 75 Ledger
709 2603 144 75 finiffied,
877 2603 110 75 before
1012 2603 55 75 the
1090 2603 54 75 ba-

119 2650 89 75 lance
226 2650 26 75 is
269 2650 118 75 begun.

378 2732 94 75 Hovj
491 2732 138 75 Errors
646 2732 62 75 are
726 2732 194 75 corrected.

164 2800 40 75 Is
223 2800 184 75 explaining
423 2800 54 75 the
490 2800 132 75 method
634 2800 40 75 of
686 2800 174 75 correcting
871 2800 118 75 errors,
1007 2800 47 75 we
1066 2800 93 75 fnall.

113 2845 69 75 join
199 2845 54 75 the
271 2845 212 75 Wade-book
500 2845 63 75 and
586 2845 134 75 Journal
746 2845 161 75 together,
935 2845 130 75 becaufe
1077 2845 67 75 .the

116 2892 129 75 manner
263 2892 40 75 of
314 2892 175 75 correcting
496 2892 31 75 is
544 2892 55 75 the
616 2892 82 75 fame
714 2892 33 75 in
762 2892 102 75 both;
890 2892 62 75 aad
968 2892 76 75 then
1060 2892 85 75 ihew

117 2938 53 75 the
187 2938 71 75 way
274 2938 40 75 of
332 2938 175 75 correcting
523 2938 145 75 miftakes
685 2938 32 75 in
734 2938 55 75 the
805 2938 143 75 Ledger.

163 2985 27 75 I.
227 2985 119 75 Errors
362 2985 33 75 in
412 2985 55 75 the
484 2985 213 75 Wafle-book
714 2985 61 75 and
791 2985 133 75 Journal
944 2985 73 75 may
1034 2985 40 75 be
1091 2985 49 75 re-

115 3034 103 75 duced
233 3034 35 75 to
284 3034 49 75 fix
349 3034 120 75 claffes,
495 3034 62 75 and
576 3034 162 75 corrected
756 3034 32 75 as
806 3034 139 75 follows.

2139 172 86 75 587

1247 241 56 75 if.
1329 241 38 75 If
1385 241 55 75 the
1456 241 106 75 errors
1575 241 39 75 be
1630 241 55 75 the
1702 241 137 75 omiffion
1857 241 40 75 of
1908 241 18 75 a
1941 241 104 75 whole
2061 241 80 75 pod,
2166 241 57 75 the

1196 286 70 75 way
1282 286 36 75 to
1334 286 121 75 correct
1472 286 36 75 or
1525 286 111 75 fupply
1653 286 54 75 the
1719 286 104 75 defeCt
1838 286 38 75 is,
1894 286 35 75 to
1942 286 90 75 write
2048 286 25 75 it
2089 286 32 75 in
2139 286 18 75 a
2173 286 47 75 fe-

1195 334 107 75 parate
1319 334 89 75 place
1433 334 42 75 by
1498 334 96 75 itfelf,
1620 334 78 75 with
1724 334 17 75 a
1764 334 161 75 reference
1950 334 34 75 to
2007 334 27 75 it
2057 334 85 75 from
2166 334 57 75 the

1196 381 88 75 place
1299 381 109 75 where
1424 381 24 75 it
1466 381 109 75 fliould
1599 381 81 75 have
1696 381 91 75 been,
1838 381 85 75 zdly.
1949 381 36 75 If
2002 381 77 75 only
2095 381 19 75 a
2130 381 91 75 word

1195 426 37 75 or
1245 426 66 75 two
1322 426 40 75 be
1377 426 151 75 wanting,
1546 426 78 75 they
1640 426 72 75 may
1728 426 39 75 be
1783 426 169 75 interlined
1968 426 37 75 or
2021 426 126 75 written
2164 426 58 75 up-

1196 472 40 75 on
1253 472 56 75 the
1333 472 133 75 margin,
1519 472 83 75 idly.
1628 472 36 75 If
1684 472 17 75 a
1727 472 102 75 whole
1846 472 66 75 pod
1936 472 39 75 be
1999 472 160 75 repeated,
2185 472 38 75 or

1195 520 94 75 twice
1305 520 139 75 written,
1469 520 26 75 it
1511 520 26 75 is
1554 520 164 75 corrected
1735 520 41 75 by
1789 520 176 75 cancelling
1976 520 60 75 one
2053 520 40 75 of
2110 520 87 75 them
2209 520 11 75 ;

1197 565 56 75 but
1270 565 55 75 the
1342 565 174 75 cancelling
1532 565 101 75 ought
1649 565 35 75 to
1701 565 39 75 be
1756 565 83 75 done
1850 565 32 75 in
1899 565 76 75 fuch
1992 565 18 75 a
2025 565 92 75 flight
2134 565 89 75 man-

1196 613 68 75 ner,
1290 613 70 75 that
1375 613 56 75 the
1448 613 133 75 original
1594 613 127 75 writing
1738 613 73 75 may
1827 613 61 75 dill
1907 613 38 75 be
1962 613 115 75 legible
2095 613 62 75 and
2174 613 49 75 dr-

1195 659 101 75 dinCt.
1346 659 100 75 fh/y.
1464 659 37 75 In
1514 659 64 75 like
1595 659 141 75 manner,
1754 659 24 75 if
1797 659 76 75 only
1885 659 19 75 a
1919 659 90 75 word
2025 659 38 75 or
2078 659 146 75 fentence

1196 706 39 75 be
1249 706 158 75 repeated,
1426 706 45 75 let
1483 706 59 75 one
1556 706 39 75 of
1607 706 88 75 them
1708 706 38 75 be
1763 706 128 75 flightly
1907 706 172 75 cancelled,
2124 706 99 75 ithly.

1196 752 36 75 If
1251 752 91 75 there
1366 752 39 75 be
1430 752 61 75 any
1508 752 110 75 wrong
1637 752 103 75 name,
1765 752 102 75 word,
1893 752 37 75 or
1946 752 111 75 figure,
2082 752 56 75 the
2159 752 66 75 bed

1197 798 70 75 way
1284 798 41 75 is,
1349 798 35 75 to
1400 798 46 75 let
1462 798 55 75 the
1534 798 110 75 wrong
1660 798 104 75 name,
1781 798 104 75 word,
1902 798 37 75 or
1955 798 112 75 figure,
2086 798 87 75 ftjmd
2190 798 35 75 as

1197 845 78 75 they
1291 845 66 75 are,
1382 845 58 75 but
1457 845 122 75 correCt
1593 845 55 75 the
1665 845 128 75 midake
1810 845 44 75 by
1870 845 18 75 a
1905 845 75 75 note
2004 845 41 75 on
2063 845 54 75 the
2140 845 84 75 mar-

1198 892 52 75 gin
1266 892 37 75 or
1319 892 73 75 foot
1413 892 40 75 of
1473 892 54 75 the
1552 892 93 75 page.
1694 892 103 75 6thly,
1820 892 37 75 If
1876 892 63 75 you
1956 892 132 75 commit
2112 892 17 75 a
2151 892 76 75 mif-

1198 938 88 75 take,
1309 938 60 75 and
1386 938 159 75 prefently
1567 938 143 75 difeover
1726 938 26 75 it
1775 938 31 75 in
1831 938 56 75 the
1903 938 78 75 very
1998 938 78 75 time
2092 938 39 75 of
2151 938 75 75 wri-

1198 984 81 75 ting,
1304 984 55 75 the
1375 984 196 75 handfomefl
1589 984 71 75 way
1676 984 40 75 of
1727 984 176 75 correcting
1919 984 24 75 it
1957 984 39 75 is,
2021 984 57 75 not
2095 984 34 75 to
2145 984 82 75 alter

1197 1031 38 75 or
1251 1031 106 75 cancel
1374 1031 62 75 any
1451 1031 104 75 thing,
1581 1031 57 75 but
1656 1031 34 75 to
1706 1031 91 75 write
1816 1031 52 75 the
1887 1031 69 75 pod
1972 1031 36 75 or
2030 1031 146 75 fentence
2192 1031 35 75 a-
2236 1031 8 75 -

1199 1078 82 75 new,
1299 1078 170 75 beginning
1480 1078 79 75 with
1571 1078 74 75 fuch
1660 1078 18 75 a
1689 1078 110 75 phrafe
1812 1078 34 75 as
1858 1078 76 75 this,
1950 1078 83 75 /fay
2045 1078 10 75 ;
2083 1078 32 75 as
2128 1078 31 75 in
2170 1078 56 75 the

1199 1124 165 75 following
1381 1124 167 75 example:
1579 1124 81 75 Sold
1674 1124 46 75 A.
1734 1124 43 75 B.
1803 1124 17 75 I
1832 1124 65 75 fay,
1922 1124 127 75 Bought
2067 1124 41 75 of
2117 1124 44 75 A.
2181 1124 53 75 B..

1247 1171 46 75 II.
1314 1171 116 75 Errors
1443 1171 31 75 in
1491 1171 55 75 the
1562 1171 130 75 Ledger
1709 1171 52 75 are
1773 1171 40 75 of
1824 1171 73 75 four
1913 1171 94 75 forts.
2038 1171 58 75 \Jl,
2115 1171 112 75 When

1200 1218 37 75 an
1255 1218 110 75 article
1382 1218 25 75 is
1428 1218 130 75 entered
1574 1218 83 75 upon
1675 1218 18 75 a
1709 1218 111 75 wrong
1836 1218 145 75 accompt
1999 1218 8 75 :
2045 1218 85 75 This
2145 1218 29 75 is
2192 1218 35 75 to

1199 1263 38 75 be
1249 1263 174 75 corrected,
1436 1263 80 75 fird,
1526 1263 43 75 by
1581 1263 127 75 making
1721 1263 54 75 the
1787 1263 92 75 other
1896 1263 62 75 fide
1972 1263 44 75 of
2023 1263 54 75 the
2093 1263 64 75 faid
2174 1263 54 75 ac-

1198 1310 107 75 compt
1322 1310 53 75 Dr
1401 1310 48 75 to,
1475 1310 37 75 or
1536 1310 48 75 Cr
1608 1310 43 75 by
1674 1310 115 75 Error,
1815 1310 52 75 for
1883 1310 55 75 the
1954 1310 66 75 fum
2038 1310 39 75 of
2089 1310 54 75 the
2159 1310 69 75 faid

1199 1357 110 75 article
1323 1357 10 75 ;
1360 1357 106 75 which
1483 1357 132 75 rectifies
1638 1357 65 75 this
1720 1357 164 75 accompt:
1911 1357 99 75 After
2026 1357 118 75 which,
2170 1357 58 75 the

1199 1403 109 75 article
1336 1403 80 75 mud
1443 1403 39 75 be
1510 1403 128 75 entered
1655 1403 32 75 in
1703 1403 62 75 due
1782 1403 93 75 form,
1904 1403 31 75 in
1953 1403 55 75 the
2024 1403 145 75 accompt
2193 1403 38 75 to

1199 1448 105 75 which
1320 1448 26 75 it
1363 1448 154 75 belongs;
1543 1448 39 75 or
1608 1448 109 75 rather
1743 1448 92 75 make
1863 1448 56 75 the
1945 1448 178 75 correction
2139 1448 88 75 thus,

1198 1496 68 75 viz.
1291 1496 116 75 charge
1435 1496 54 75 the
1516 1496 61 75 one
1601 1496 145 75 accompt
1769 1496 54 75 Dr
1847 1496 36 75 to
1906 1496 56 75 the
1989 1496 105 75 other,
2120 1496 51 75 for
2194 1496 45 75 fo'

1197 1542 93 75 much
1303 1542 62 75 per
1381 1542 104 75 error.
1534 1542 52 75 By
1603 1542 102 75 either
1721 1542 40 75 of
1776 1542 88 75 thefe
1881 1542 160 75 methods,
2065 1542 57 75 the
2137 1542 91 75 error

1197 1588 26 75 is
1241 1588 161 75 removed,
1428 1588 62 75 and
1507 1588 55 75 the
1578 1588 107 75 purity
1701 1588 39 75 of
1752 1588 56 75 the
1821 1588 100 75 books
1940 1588 150 75 redored.
2140 1588 87 75 2dly,

1198 1635 111 75 When
1327 1635 37 75 an
1382 1635 111 75 article
1506 1635 25 75 is
1545 1635 130 75 entered
1690 1635 32 75 in
1738 1635 55 75 the
1810 1635 90 75 right
1912 1635 157 75 accompt,
2094 1635 59 75 but
2169 1635 58 75 up-

1198 1683 46 75 oa
1256 1683 55 75 the
1332 1683 211 75 wrong-fide;
1570 1683 70 75 that
1655 1683 40 75 is,
1722 1683 83 75 upon
1834 1683 54 75 the
1913 1683 54 75 Dr
1985 1683 76 75 fide,
2087 1683 91 75 when
2201 1683 33 75 it

1196 1729 110 75 fliould
1321 1729 81 75 have
1427 1729 77 75 been
1533 1729 85 75 upon
1642 1729 56 75 the
1724 1729 47 75 Cr
1794 1729 75 75 fide,
1893 1729 37 75 or
1939 1729 85 75 ~vice
2047 1729 92 75 verfa
2192 1729 41 75 to

1199 1776 121 75 correCt
1336 1776 76 75 this,
1437 1776 59 75 the
1512 1776 63 75 fird
1593 1776 89 75 thing
1699 1776 36 75 to
1750 1776 40 75 be
1808 1776 83 75 done
1908 1776 39 75 is,
1973 1776 35 75 to
2028 1776 128 75 remove
2172 1776 56 75 the

1197 1821 101 75 error,
1323 1821 45 75 by
1389 1821 134 75 making,
1541 1821 55 75 the
1620 1821 93 75 other
1729 1821 63 75 fide
1809 1821 39 75 of
1859 1821 55 75 the
1930 1821 66 75 faid
2012 1821 144 75 accompt
2174 1821 54 75 Dr

1198 1868 46 75 to,
1270 1868 37 75 or
1324 1868 47 75 Cr
1399 1868 43 75 by
1466 1868 117 75 Error,
1608 1868 53 75 for
1678 1868 54 75 the
1759 1868 67 75 fum
1841 1868 40 75 of
1892 1868 55 75 the
1963 1868 133 75 article:
2125 1868 101 75 After

1198 1915 118 75 whichj
1340 1915 58 75 the
1414 1915 110 75 article
1549 1915 80 75 mud
1653 1915 39 75 be
1715 1915 129 75 entered
1861 1915 89 75 anew
1966 1915 84 75 upon
2068 1915 55 75 the
2132 1915 101 75 .right

1197 1962 75 75 fide,
1297 1962 33 75 as
1347 1962 31 75 if
1396 1962 41 75 no
1453 1962 75 75 fuch
1544 1962 137 75 blunder
1696 1962 64 75 had
1775 1962 177 75 happened,
2005 1962 84 75 idly,
2114 1962 112 75 When

1197 2010 90 75 there
1303 2010 26 75 is
1346 2010 37 75 an
1401 2010 91 75 error
1508 2010 31 75 in
1555 2010 18 75 a
1588 2010 67 75 fum
1672 2010 39 75 of
1724 2010 115 75 money
1853 2010 9 75 :
1888 2010 98 75 This,
2011 2010 32 75 if
2063 2010 26 75 it
2114 2010 38 75 be
2170 2010 56 75 too

1196 2055 96 75 little,
1317 2055 27 75 is
1370 2055 171 75 corrected,
1548 2055 43 75 by
1607 2055 19 75 a
1641 2055 71 75 new
1735 2055 117 75 charge
1878 2055 41 75 on
1948 2055 55 75 the
2035 2055 82 75 fame
2149 2055 75 75 fide,
2242 2055 5 75 .

1197 2101 52 75 for
1264 2101 56 75 the
1334 2101 125 75 defeCt;
1486 2101 62 75 and
1569 2101 32 75 if
1622 2101 26 75 it
1676 2101 39 75 be
1742 2101 56 75 too
1814 2101 118 75 .much,
1959 2101 55 75 the
2041 2101 129 75 midake
2198 2101 27 75 is

1197 2146 139 75 rectified
1350 2146 44 75 by
1410 2146 19 75 a
1443 2146 164 75 difeharge
1624 2146 41 75 on
1678 2146 54 75 the
1745 2146 139 75 oppofite
1896 2146 61 75 fide
1970 2146 51 75 for
2034 2146 54 75 the
2101 2146 123 75 excefs,

1196 2193 67 75 viz.
1289 2193 55 75 the
1362 2193 144 75 accompt
1532 2193 28 75 is
1578 2193 128 75 debited
1734 2193 37 75 or
1788 2193 143 75 credited
1946 2193 47 75 to,
2019 2193 37 75 or
2072 2193 43 75 by
2139 2193 85 75 ditto

1191 2240 126 75 perfon,
1343 2240 37 75 or
1397 2240 81 75 ditto
1489 2240 109 75 goods,
1616 2240 52 75 for
1684 2240 34 75 fo
1733 2240 94 75 much
1840 2240 220 75 fliort-poded,
2078 2240 37 75 or
2131 2240 95 75 over-

1197 2286 153 75 charged.
1399 2286 99 75 s^thly.
1523 2286 112 75 When
1649 2286 41 75 an
1707 2286 110 75 article
1833 2286 26 75 is
1876 2286 89 75 quite
1976 2286 121 75 forgot,
2116 2286 37 75 or
2169 2286 54 75 ne-

1197 2333 134 75 glected,
1348 2333 106 75 errors
1469 2333 41 75 of
1520 2333 63 75 this
1600 2333 112 75 nature
1729 2333 58 75 are
1799 2333 93 75 eafily
1905 2333 153 75 adjuded,
2081 2333 73 75 viz.
2179 2333 54 75 by

1196 2379 127 75 making
1338 2379 57 75 the
1410 2379 92 75 entry
1518 2379 156 75 omitted-;
1701 2379 76 75 only
1792 2379 141 75 obferve,
1958 2379 70 75 that
2039 2379 26 75 it
2081 2379 26 75 is
2120 2379 56 75 not
2188 2379 36 75 to

1196 2425 39 75 be
1252 2425 139 75 crouded
1408 2425 31 75 in
1456 2425 136 75 betwixt
1608 2425 65 75 two
1701 2425 119 75 former
1847 2425 130 75 entries,-
2002 2425 32 75 in
2063 2425 95 75 order
2185 2425 36 75 to

1195 2471 92 75 make
1306 2471 26 75 it
1348 2471 112 75 poflefs
1476 2471 56 75 the
1548 2471 89 75 place
1654 2471 25 75 it
1695 2471 107 75 would
1816 2471 81 75 have
1906 2471 96 75 done,
2020 2471 64 75 had
2095 2471 25 75 it
2132 2471 92 75 come
2245 2471 6 75 -

1196 2518 159 75 regularly
1371 2518 54 75 in;
1452 2518 52 75 for
1519 2518 121 75 though
1658 2518 55 75 the
1734 2518 112 75 order,-
1867 2518 160 75 whatever
2043 2518 26 75 it
2086 2518 51 75 be,
2164 2518 58 75 can

1195 2565 140 75 occafion
1352 2565 41 75 no
1409 2565 88 75 error
1511 2565 33 75 in
1568 2565 55 75 the
1646 2565 86 75 ifiue,
1757 2565 55 75 yet
1835 2565 64 75 this
1915 2565 183 75 interlining
2115 2565 112 75 would
2227 2547 7 49 1

1195 2612 77 75 look
1288 2612 88 75 more
1389 2612 153 75 confuted
1558 2612 65 75 and
1636 2612 153 75 irregular
1802 2612 76 75 than
1890 2612 55 75 the
1957 2612 143 75 difotder
2115 2612 40 75 of
2167 2612 66 75 the.

1195 2659 86 75 date,
1298 2659 104 75 which
1419 2659 61 75 any
1495 2659 112 75 perfon
1622 2659 111 75 /killed
1748 2659 32 75 in
1797 2659 236 75 book-keeping
2045 2659 66 75 will
2128 2659 94 75 eafily

1194 2706 143 75 perceive
1354 2706 34 75 to
1407 2706 80 75 have
1506 2706 165 75 happened
1687 2706 138 75 through
1842 2706 141 75 midake.
2003 2706 4 75 .

1196 2813 261 75 Of-balatr/wg
1475 2813 59 75 the
1557 2813 157 75 Ledger,
1726 2813 91 75 .mid
1841 2813 137 75 raifuig
2004 2813 99 75 from
2123 2813 42 75 if
2171 2813 60 75 art-

1283 2866 218 75 Inventory,
1528 2866 35 75 to
1584 2866 107 75 begin
1711 2866 22 75 a
1752 2866 86 75 nerj.
1854 2866 63 75 Scp
1936 2866 37 75 of
1993 2866 129 75 Books-.
2139 2866 18 75 C

1240 2947 244 75 Merchants
1509 2947 181 75 commonly
1707 2947 77 75 once
1802 2947 110 75 a-year
1927 2947 131 75 balance
2076 2947 37 75 or
2137 2947 83 75 dofe

1192 2991 82 75 their
1290 2991 143 75 Ledger,
1458 2991 63 75 and
1532 2991 82 75 raTe
1632 2991 82 75 from
1742 2991 25 75 it
1795 2991 54 75 the
1874 2991 159 75 materials
2049 2991 41 75 of
2109 2991 39 75 an
2164 2991 55 75 In-

1192 3038 131 75 ventory
1351 3038 34 75 to
1408 3038 18 75 a
1446 3038 71 75 new
1543 3038 49 75 fet
1617 3038 40 75 of
1676 3038 113 75 books,
1821 3038 53 75 for
1902 3038 56 75 the
1980 3038 128 75 enfaing
2130 3038 103 75 year..

2118 3091 103 75 Now,
2236 3091 8 75 ,
