2423 3387
152 141 79 75 438

719 141 1004 75 ASTRONOMY.

152 207 73 75 rays
243 207 75 75 near
334 207 42 75 its
392 207 134 75 middle,
552 207 26 75 is
598 207 96 75 liable
711 207 35 75 to
771 207 119 75 feveral
909 207 150 75 clianges,
1086 207 105 75 and-is

155 255 179 75 fometimes
354 255 156 75 invifible.
558 255 151 75 Another
736 255 28 75 is
793 255 75 75 near
891 255 55 75 the
971 255 141 75 eclipticj
1137 255 55 75 be-

155 301 101 75 tween
274 301 56 75 the
347 301 82 75 head
447 301 62 75 and
528 301 74 75 bow
618 301 41 75 of
678 301 192 75 Sagittarius
920 301 27 75 it
964 301 25 75 is
1006 301 103 75 fmall,
1135 301 59 75 but

156 348 77 75 very
249 348 172 75 luminous.
469 348 34 75 A
520 348 89 75 third
625 348 26 75 is
672 348 40 75 on
732 348 57 75 the
806 348 83 75 back
909 348 40 75 of
962 348 55 75 the
1034 348 158 75 Centaur,

155 395 104 75 which
278 395 25 75 is
326 395 55 75 too
398 395 49 75 far
464 395 92 75 fouth
574 395 34 75 to
626 395 38 75 be
685 395 71 75 feen
774 395 32 75 in
822 395 140 75 Britain.
1013 395 32 75 A
1067 395 125 75 fourth,

155 442 39 75 of
206 442 19 75 a
236 442 125 75 fmaller
377 442 73 75 fize,
476 442 26 75 is
520 442 111 75 before
644 442 191 75 Antihous’s
852 442 88 75 right
952 442 97 75 foot;
1074 442 121 75 having

156 490 16 75 a
186 490 68 75 dan
263 490 31 75 in
311 490 39 75 it,
377 490 105 75 which
493 490 109 75 makes
619 490 26 75 it
663 490 115 75 appear
791 490 89 75 more
898 490 123 75 bright.
1070 490 34 75 A
1120 490 73 75 fifth

156 536 23 75 is
198 536 31 75 in
247 536 55 75 the
319 536 219 75 conitellation
563 536 40 75 of
621 536 171 75 Hercules,
819 536 145 75 between
987 536 56 75 the
1066 536 77 75 ftars
1169 536 27 75 £

158 584 62 75 and
235 584 29 75 n,
290 584 107 75 which
422 584 84 75 fpot,
540 584 124 75 though
689 584 58 75 but
772 584 103 75 fmall,
901 584 27 75 is
928 566 7 49 ;
953 584 108 75 vlfible
1088 584 36 75 to
1141 584 55 75 the

160 630 77 75 bare
253 630 72 75 eye,
343 630 31 75 if
386 630 55 75 the
457 630 56 75 ficy
529 630 40 75 be
586 630 85 75 clear
688 630 62 75 and
763 630 56 75 the
836 630 96 75 moon
946 630 124 75 abfent.

202 678 115 75 Cloudy
323 678 94 75 Jlars
435 678 54 75 are
504 678 35 75 fo
556 678 104 75 called
676 678 86 75 from
779 678 86 75 their
880 678 93 75 mifly
986 678 208 75 appearance.

155 725 99 75 They
270 725 76 75 look
363 725 65 75 like
444 725 66 75 dim
527 725 76 75 ftars
619 725 37 75 to
673 725 56 75 the
744 725 107 75 naked
867 725 59 75 eye
934 725 8 75 -
942 725 7 75 ;
979 725 57 75 but
1054 725 142 75 through

156 772 18 75 a
197 772 159 75 telefcope
383 772 78 75 they
477 772 117 75 appear
622 772 102 75 broad
748 772 200 75 illuminated
975 772 87 75 parts
1080 772 40 75 of
1139 772 57 75 the

154 819 55 75 Iky
223 819 10 75 ;
259 819 32 75 in
309 819 85 75 fome
406 819 40 75 of
458 819 106 75 which
582 819 26 75 is
625 819 61 75 one
703 819 73 75 ftar,
802 819 33 75 in
847 819 112 75 others
973 819 111 75 more.-
1115 819 80 75 Five

155 866 40 75 of
214 866 89 75 thefe
320 866 53 75 are
389 866 200 75 mentioned'
589 866 46 75 by
652 866 163 75 Ptolemy,
871 866 29 75 i.
929 866 73 75 One
1019 866 32 75 at
1064 866 56 75 the
1136 866 58 75 ex-

155 912 131 75 tremity
302 912 40 75 of
365 912 56 75 the
446 912 87 75 right
548 912 86 75 hand
659 912 40 75 of
719 912 149 75 Perfeus.
919 912 34 75 2.
979 912 74 75 One
1078 912 32 75 in
1139 912 57 75 thd

155 960 119 75 middle
296 960 40 75 of
347 960 56 75 the
428 960 101 75 Crab.
581 960 35 75 3.
641 960 74 75 One
731 960 184 75 unformed,
942 960 75 75 near
1035 960 56 75 the
1112 960 84 75 fting

155 1006 39 75 of
207 1006 55 75 the
280 1006 169 75 Scorpion.
500 1006 34 75 4.
560 1006 77 75 The
659 1006 59 75 eye
739 1006 39 75 of
803 1006 205 75 Sagittarius.
1060 1006 34 75 5.
1111 988 7 49 !
1118 1006 77 75 One

154 1053 32 75 in
203 1053 54 75 the
273 1053 84 75 head
373 1053 40 75 of
425 1053 117 75 Orion.
592 1053 38 75 In
647 1053 57 75 the
721 1053 64 75 firft
805 1053 40 75 of
865 1053 88 75 thefe
971 1053 116 75 appear
1104 1053 89 75 more

154 1101 76 75 ftars
248 1101 141 75 through
407 1101 55 75 the
486 1101 158 75 telefcope
667 1101 78 75 than
770 1101 31 75 in
831 1101 62 75 any
909 1101 41 75 of
970 1101 56 75 the
1045 1101 75 75 reft,
1146 1101 46 75 al-

155 1148 122 75 though
297 1148 39 75 21
353 1148 86 75 have
455 1148 79 75 been
550 1148 141 75 counted
706 1148 34 75 in
764 1148 55 75 the
835 1148 84 75 head
932 1148 44 75 of
988 1148 117 75 Orion,
1126 1148 68 75 and

155 1195 100 75 above
273 1195 45 75 40
335 1195 32 75 in
395 1195 70 75 that
482 1195 40 75 of
544 1195 55 75 the
616 1195 101 75 Crab.
766 1195 87 75 Two
879 1195 53 75 are
956 1195 108 75 vifible
1088 1195 31 75 in
1137 1195 56 75 the

153 1242 59 75 eye
225 1242 40 75 of
285 1242 192 75 Sagittarius
494 1242 139 75 without
649 1242 19 75 a
684 1242 170 75 telefcope,
880 1242 62 75 and
966 1242 120 75 feveral
1103 1242 90 75 more

154 1288 77 75 with
251 1288 37 75 it.
339 1288 178 75 Flamfteed
533 1288 153 75 obferved
703 1288 19 75 a
737 1288 119 75 cloudy
871 1288 61 75 ftar
949 1288 32 75 in
994 1288 56 75 the
1067 1288 72 75 bow
1157 1288 41 75 of

155 1336 205 75 Sagittarius,
386 1336 183 75 containing
586 1336 95 75 many
696 1336 89 75 fmall
803 1336 76 75 ftars
898 1336 10 75 ;
933 1336 63 75 and
1012 1336 55 75 the
1092 1336 62 75 ftar
1170 1336 25 75 d

154 1386 101 75 above
284 1386 219 75 Sagittarius’s
521 1386 86 75 right
634 1386 149 75 (boulder
809 1386 26 75 is
865 1386 220 75 encompafled
1112 1386 79 75 with

152 1431 120 75 feveral
299 1431 101 75 more.
452 1431 89 75 Both
570 1431 115 75 Caffini
713 1431 64 75 and
805 1431 179 75 Flamfteed
1007 1431 186 75 difcovered

153 1477 59 75 one
240 1477 145 75 between
413 1477 55 75 the
485 1477 107 75 Great
609 1477 62 75 and
698 1477 105 75 Little
821 1477 93 75 Dog,
948 1477 105 75 which
1071 1477 25 75 is
1114 1477 79 75 very

153 1524 60 75 full
241 1524 41 75 of
304 1524 77 75 ftars
410 1524 107 75 vifible
544 1524 77 75 only
646 1524 44 75 by
717 1524 56 75 the
801 1524 170 75 teleicope.
1021 1524 77 75 The
1125 1524 66 75 two

153 1572 125 75 whitilh
295 1572 85 75 fpots
398 1572 76 75 near
490 1572 55 75 the
562 1572 93 75 fouth
673 1572 86 75 pole,
786 1572 104 75 called
907 1572 56 75 the
981 1572 210 75 Magellanic

154 1619 116 75 Clouds
287 1619 43 75 by
348 1619 135 75 Sailors,
509 1619 105 75 which
639 1619 34 75 to
699 1619 55 75 die
771 1619 75 75 bare
864 1619 58 75 eye
946 1619 155 75 refemble
1117 1619 73 75 part

153 1666 39 75 of
215 1666 55 75 the
298 1666 112 75 Milky
427 1666 101 75 Way,
553 1666 118 75 appear
698 1666 143 75 through
862 1666 172 75 telefcopes
1052 1666 34 75 to
1115 1666 39 75 be
1171 1666 19 75 a

152 1712 141 75 mixture
318 1712 40 75 of
381 1712 88 75 fmall
498 1712 112 75 clouds
638 1712 63 75 and
730 1712 88 75 ttars.
869 1712 67 75 But
964 1712 55 75 the
1043 1712 79 75 moft
1138 1712 50 75 re-

153 1759 163 75 markable
332 1759 41 75 of
396 1759 42 75 all
456 1759 54 75 the
527 1759 119 75 cloudy
662 1759 77 75 ftars
756 1759 26 75 is
800 1759 70 75 that
897 1759 31 75 in
946 1759 55 75 the
1017 1759 121 75 middle
1154 1759 41 75 of

153 1806 133 75 Orion’s
317 1806 128 75 Sword,
471 1806 108 75 where
607 1806 92 75 feven
722 1806 77 75 ftars
819 1806 56 75 (of
897 1806 105 75 which
1028 1806 91 75 three
1136 1806 54 75 are

152 1853 79 75 very
247 1853 83 75 clofe
347 1853 165 75 together)
539 1853 83 75 feem
640 1853 131 75 tolhine
788 1853 141 75 through
946 1853 19 75 a
981 1853 108 75 cloud,
1111 1853 79 75 very

153 1900 88 75 lucid
257 1900 77 75 near
349 1900 55 75 the
421 1900 133 75 middle,
580 1900 57 75 but
648 1900 82 75 faint
747 1900 62 75 and
824 1900 36 75 ill
876 1900 126 75 defined
1019 1900 98 75 about
1134 1900 55 75 the

152 1948 110 75 edges.
312 1948 31 75 It
372 1948 93 75 looks
491 1948 65 75 like
573 1948 18 75 a
618 1948 61 75 gap
696 1948 32 75 in
750 1948 55 75 the
830 1948 68 75 (ley,
923 1948 142 75 through
1082 1948 106 75 which

153 1994 60 75 one
230 1994 74 75 may
321 1994 49 75 fee
401 1994 50 75 (as
479 1994 26 75 it
533 1994 100 75 were)
661 1994 70 75 part
747 1994 41 75 of
811 1994 18 75 a
857 1994 94 75 much
976 1994 145 75 brighter
1138 1994 50 75 re-

153 2040 89 75 gion.
292 2040 171 75 Although
481 2040 79 75 moft
576 2040 41 75 of
630 2040 87 75 thefe
733 2040 109 75 fpaces
859 2040 55 75 are
929 2040 57 75 but
1004 2040 18 75 a
1045 2040 64 75 few
1129 2040 58 75 mi-

153 2087 91 75 nutes
262 2087 40 75 of
314 2087 18 75 a
347 2087 116 75 degree
479 2087 34 75 in
530 2087 148 75 breadth,
704 2087 67 75 yet,
797 2087 80 75 fince
902 2087 78 75 they
996 2087 53 75 are
1074 2087 115 75 among

153 2136 56 75 the
226 2136 88 75 fixed
330 2136 90 75 ftars,
446 2136 77 75 they
540 2136 80 75 muft
644 2136 39 75 be
705 2136 107 75 fpaces
836 2136 104 75 larger
964 2136 79 75 than
1059 2136 87 75 what
1162 2136 27 75 is

153 2182 155 75 occupied
323 2182 44 75 by
386 2182 60 75 our
464 2182 82 75 folar
562 2182 113 75 fyftem
689 2182 10 75 ;
727 2182 62 75 and
810 2182 30 75 in
859 2182 108 75 which
983 2182 91 75 there
1090 2182 100 75 feems

153 2230 35 75 to
216 2230 39 75 be
272 2230 18 75 a
313 2230 168 75 perpetual
508 2230 244 75 uninterrupted
780 2230 63 75 day
858 2230 116 75 among
994 2230 196 75 numberlefs

153 2275 132 75 worlds,
311 2275 106 75 which
434 2275 41 75 no
491 2275 118 75 human
626 2275 50 75 art
692 2275 75 75 ever
783 2275 59 75 can
858 2275 157 75 difeover.

204 2322 130 75 Several
361 2322 76 75 ftars
464 2322 54 75 are
541 2322 184 75 mentioned
749 2322 44 75 by
812 2322 125 75 ancient
966 2322 222 75 aftronomers,

154 2370 107 75 which
278 2370 53 75 are
348 2370 58 75 not
423 2370 73 75 now
517 2370 36 75 to
569 2370 40 75 be
627 2370 101 75 found
742 2370 10 75 ;
779 2370 63 75 and
858 2370 110 75 others
984 2370 54 75 are
1054 2370 73 75 now
1143 2370 47 75 vi-

154 2418 81 75 fible-
246 2418 35 75 to
293 2418 56 75 the
363 2418 77 75 hare
452 2418 60 75 eye
524 2418 105 75 which
648 2418 52 75 are
712 2418 58 75 not
782 2418 154 75 recorded
952 2418 33 75 in
998 2418 55 75 the
1064 2418 128 75 ancient

154 2464 194 75 catalogues.
400 2464 205 75 Hipparphus
623 2464 153 75 obferved
798 2464 18 75 a
833 2464 70 75 new
930 2464 61 75 ftar
1007 2464 98 75 about
1128 2464 64 75 120

155 2512 92 75 years
263 2512 113 75 before
392 2512 107 75 Chrift
514 2512 10 75 ;
551 2512 59 75 but
634 2512 41 75 he
699 2512 58 75 has
775 2512 56 75 not
848 2512 184 75 mentioned
1055 2512 32 75 in
1105 2512 88 75 what

155 2558 72 75 part
250 2558 40 75 of
310 2558 54 75 the
391 2558 122 75 heaven
538 2558 26 75 it
587 2558 63 75 was
677 2558 84 75 feen,
788 2558 155 75 although
966 2558 26 75 it
1008 2558 182 75 occafioned

155 2605 49 75 his
230 2605 131 75 making
377 2605 18 75 a
415 2605 166 75 catalogue
603 2605 40 75 of
660 2605 56 75 the
733 2605 76 75 ftars
823 2605 12 75 ;
867 2605 107 75 which
995 2605 27 75 is
1039 2605 56 75 the
1111 2605 80 75 moft

156 2651 126 75 ancient
298 2651 71 75 that
388 2651 47 75 we
451 2651 93 75 have.

203 2699 77 75 The
296 2699 64 75 iirft
377 2699 70 75 new
464 2699 62 75 ftar
541 2699 71 75 that
638 2699 47 75 we
702 2699 81 75 have
804 2699 61 75 any
884 2699 85 75 good
990 2699 135 75 account
1141 2699 47 75 of,

156 2745 66 75 was
240 2745 186 75 difcovered
442 2745 44 75 by
508 2745 170 75 Cornelius
695 2745 140 75 Gemma
851 2745 41 75 on
910 2745 55 75 the
983 2745 59 75 8th
1058 2745 41 75 of
1118 2745 72 75 No-

157 2792 194 75 vember^.
369 2792 49 75 D.
442 2792 100 75 1572,
567 2792 33 75 in
616 2792 56 75 the
696 2792 89 75 chair
800 2792 40 75 of
851 2792 175 75 Caffiopea.
1075 2792 32 75 It
1123 2792 67 75 fur-

1242 210 104 75 pafted
1362 210 102 75 Sirius
1481 210 32 75 in
1529 210 182 75 brightnefs
1732 210 62 75 and
1811 210 184 75 magnitude
2010 210 10 75 ;
2047 210 62 75 and
2126 210 65 75 was
2209 210 75 75 feeh

1242 256 51 75 for
1314 256 41 75 16
1374 256 128 75 months
1527 256 210 75 fucceffively.
1790 256 47 75 At
1858 256 66 75 firft
1947 256 26 75 it
1995 256 158 75 appeared
2170 256 115 75 bigger

1243 303 77 75 than
1336 303 129 75 Jupiter
1481 303 35 75 to
1535 303 85 75 fome
1637 303 87 75 eyes,
1750 303 44 75 by
1807 303 105 75 which
1937 303 26 75 it
1980 303 65 75 was
2062 303 71 75 feen
2152 303 32 75 at
2201 303 80 75 mid-

1243 351 62 75 day
1321 351 8 75 :
1358 351 188 75 afterwards
1565 351 26 75 it
1608 351 142 75 decayed
1766 351 168 75 gradually
1950 351 79 75 both
2048 351 32 75 in
2098 351 186 75 magnitude

1243 397 62 75 and
1321 397 108 75 luftre,
1455 397 81 75 until
1555 397 119 75 Mkrch
1696 397 101 75 1573,
1827 397 92 75 when
1937 397 26 75 it
1981 397 129 75 became
2127 397 156 75 invifible.

1290 444 53 75 On
1365 444 56 75 the
1451 444 79 75 13th
1551 444 40 75 of
1611 444 128 75 Auguft
1762 444 99 75 1596,
1897 444 111 75 David
2035 444 164 75 Fabricius
2223 444 58 75 ob-

1243 491 111 75 ferved
1370 491 55 75 the
1445 491 103 75 Stella
1565 491 102 75 Mira,
1693 491 37 75 or
1755 491 179 75 wonderful
1959 491 74 75 ftar,
2058 491 32 75 in
2115 491 55 75 the
2201 491 84 75 neck

1244 538 40 75 of
1296 538 55 75 the
1367 538 122 75 Whale
1504 538 10 75 ;
1542 538 105 75 which
1664 538 58 75 has
1740 538 79 75 been
1832 538 81 75 fince
1925 538 102 75 found
2040 538 35 75 to
2092 538 116 75 appear
2220 538 63 75 and

1245 585 164 75 difappear
1433 585 222 75 periodically,
1681 585 93 75 feven
1799 585 92 75 times
1913 585 31 75 in
1971 585 45 75 fix
2041 585 105 75 years,
2180 585 103 75 conti-

1246 632 97 75 nuing
1360 632 31 75 in
1409 632 56 75 the
1483 632 135 75 greateft
1633 632 95 75 luftre
1752 632 53 75 for
1826 632 39 75 15
1884 632 79 75 days
1975 632 149 75 together
2139 632 10 75 ;
2173 632 66 75 and
2255 632 28 75 is

1245 678 98 75 never
1359 678 90 75 quite
1466 678 236 75 extinguifhed.

1291 725 38 75 In
1358 725 56 75 the
1442 725 76 75 year
1550 725 102 75 1600,
1688 725 151 75 William
1867 725 165 75 Janfenius
2055 725 186 75 difcovered
2265 725 19 75 a

1244 772 193 75 changeable
1450 772 61 75 ftar
1522 772 31 75 in
1566 772 56 75 the
1634 772 82 75 neck
1728 772 41 75 of
1776 772 55 75 the
1847 772 96 75 Swan
1959 772 10 75 ;
1995 772 120 75 which,
2144 772 32 75 in
2189 772 91 75 time,

1244 820 129 75 became
1389 820 34 75 fo
1447 820 90 75 fmall
1554 820 33 75 as
1613 820 35 75 to
1673 820 41 75 be
1739 820 141 75 thought
1896 820 36 75 to
1950 820 165 75 difappear
2131 820 150 75 entirely,

1244 867 50 75 till
1307 867 55 75 the
1379 867 92 75 years
1493 867 102 75 1657,
1627 867 100 75 1658,
1754 867 63 75 and
1834 867 100 75 1659,
1960 867 93 75 when
2071 867 24 75 it
2109 867 173 75 recovered

1243 914 42 75 its
1303 914 119 75 former
1439 914 96 75 luftre
1558 914 62 75 and
1636 914 183 75 magnitude
1833 914 10 75 ;
1871 914 58 75 but
1945 914 77 75 foon
2038 914 155 75 decayed,
2218 914 64 75 and

1243 961 26 75 is
1287 961 73 75 now
1377 961 40 75 of
1429 961 54 75 the
1501 961 75 75 final
1581 961 55 75 left
1653 961 76 75 fize.

1290 1007 37 75 In
1340 1007 56 75 the
1414 1007 75 75 year
1505 1007 89 75 1604
1610 1007 122 75 Kepler
1749 1007 63 75 and
1826 1007 119 75 feveral
1957 1007 40 75 of
2008 1007 50 75 his
2076 1007 121 75 friends
2215 1007 65 75 faw

1243 1053 18 75 a
1277 1053 71 75 new
1363 1053 62 75 ftar
1442 1053 75 75 near
1544 1053 56 75 the
1616 1053 72 75 heel
1712 1053 42 75 of
1775 1053 57 75 the
1857 1053 86 75 right
1959 1053 71 75 foot
2046 1053 41 75 of
2106 1053 173 75 Serpenta-

1242 1101 78 75 rius,
1347 1101 33 75 fo
1397 1101 109 75 bright
1523 1101 63 75 and
1601 1101 174 75 fparkling,
1800 1101 71 75 that
1887 1101 26 75 it
1929 1101 165 75 exceeded
2110 1101 62 75 any
2184 1101 95 75 thing

1243 1148 78 75 they
1337 1148 66 75 had
1419 1148 75 75 ever
1510 1148 71 75 feen
1602 1148 111 75 before
1729 1148 8 75 ;
1765 1148 63 75 and
1852 1148 79 75 took
1953 1148 107 75 notice
2085 1148 71 75 that
2172 1148 26 75 it
2214 1148 66 75 was

1242 1194 97 75 every
1354 1194 142 75 moment
1513 1194 159 75 changing
1696 1194 69 75 into
1789 1194 86 75 fome
1892 1194 42 75 of
1952 1194 55 75 the
2027 1194 127 75 colours
2172 1194 40 75 of
2224 1194 56 75 the

1242 1241 153 75 rainbow,
1418 1241 118 75 except
1551 1241 93 75 when
1661 1241 27 75 it
1704 1241 64 75 was
1786 1241 76 75 near
1877 1241 56 75 the
1949 1241 148 75 horizon,
2123 1241 33 75 at
2173 1241 106 75 which

1240 1289 76 75 time
1333 1289 25 75 it
1371 1289 63 75 was
1452 1289 164 75 generally
1627 1289 111 75 white.
1789 1289 31 75 It
1831 1289 159 75 furpaffed
2001 1289 127 75 Jupiter
2144 1289 31 75 in
2188 1289 90 75 mag-

1240 1335 122 75 nitude,
1387 1335 106 75 which
1512 1335 63 75 was
1592 1335 76 75 near
1683 1335 26 75 it
1725 1335 43 75 all
1785 1335 55 75 the
1857 1335 113 75 month
1987 1335 40 75 of
2038 1335 155 75 Oftober,
2219 1335 58 75 but

1222 1381 4 75 .
1239 1381 93 75 eafily
1355 1381 224 75 diftinguifhed
1607 1381 84 75 from
1709 1381 139 75 Jupiter,
1873 1381 44 75 by
1933 1381 56 75 the
2012 1381 107 75 fteady
2142 1381 83 75 light
2242 1381 41 75 of

1242 1429 140 75 Jupiter.
1444 1429 31 75 It
1507 1429 208 75 difappeared
1746 1429 145 75 between
1923 1429 143 75 O&ober
2098 1429 86 75 1605
2215 1429 64 75 and

1242 1476 54 75 the
1314 1476 166 75 February
1497 1476 178 75 following,
1702 1476 62 75 and
1780 1476 58 75 has
1851 1476 56 75 not
1925 1476 79 75 been
2020 1476 71 75 feen
2107 1476 82 75 fince
2205 1476 74 75 that

1241 1523 91 75 time.

1287 1570 37 75 In
1338 1570 55 75 the
1410 1570 77 75 year
1507 1570 103 75 1670,
1636 1570 79 75 July
1731 1570 52 75 15,
1809 1570 156 75 Hevelius
1978 1570 184 75 difcovered
2176 1570 17 75 a
2205 1570 72 75 new

1238 1616 73 75 ftar,
1336 1616 108 75 which
1461 1616 32 75 in
1516 1616 143 75 Odlober
1676 1616 66 75 was
1770 1616 34 75 fo
1831 1616 141 75 decayed
1988 1616 33 75 as
2051 1616 35 75 to
2114 1616 39 75 be
2169 1616 107 75 fcarce

1238 1664 205 75 perceptible.
1494 1664 39 75 In
1552 1664 95 75 April
1676 1664 167 75 following
1870 1664 26 75 it
1923 1664 150 75 regained
2100 1664 41 75 its
2165 1664 108 75 luftre,

1238 1710 57 75 but
1319 1710 123 75 wholly
1458 1710 205 75 difappeared
1690 1710 31 75 in
1740 1710 137 75 Auguft.
1927 1710 39 75 In
1989 1710 120 75 March
2136 1710 87 75 1672
2248 1710 27 75 it

1239 1757 64 75 was
1320 1757 73 75 feen.
1408 1757 105 75 again,
1540 1757 58 75 but
1612 1757 79 75 very
1707 1757 115 75 fmall;
1849 1757 62 75 and
1927 1757 57 75 has
1997 1757 57 75 not
2071 1757 79 75 been
2167 1757 110 75 vifible

1239 1804 93 75 fince.

1285 1851 38 75 In
1341 1851 54 75 the
1413 1851 75 75 year
1510 1851 88 75 1686
1616 1851 18 75 a
1651 1851 70 75 new
1736 1851 63 75 ftar
1814 1851 66 75 was
1898 1851 184 75 difcovered
2097 1851 44 75 by
2156 1851 117 75 Kirch,

1238 1897 106 75 which
1362 1897 125 75 returns
1506 1897 210 75 periodically
1732 1897 32 75 in
1782 1897 69 75 404
1866 1897 94 75 days.

1284 1944 37 75 In
1334 1944 56 75 the
1407 1944 78 75 year
1505 1944 101 75 1672,
1632 1944 116 75 Caffini
1765 1944 63 75 faw
1840 1944 18 75 a
1874 1944 62 75 ftar
1953 1944 31 75 in
2002 1944 54 75 the
2073 1944 79 75 neck
2166 1944 40 75 of
2216 1944 58 75 the

1237 1991 89 75 Bull,
1351 1991 107 75 which
1473 1991 42 75 he
1532 1991 138 75 thought
1694 1991 64 75 was
1776 1991 57 75 not
1849 1991 108 75 vifible
1973 1991 32 75 in
2016 1991 150 75 Tycho’s
2179 1991 91 75 time,

1238 2038 58 75 nor
1312 2038 94 75 when
1423 2038 108 75 Bayer
1546 2038 96 75 made
1656 2038 48 75 his
1723 2038 130 75 figures.

1284 2085 105 75 Many
1405 2085 90 75 ftars,
1521 2085 120 75 befides
1653 2085 92 75 thofe
1758 2085 100 75 above
1871 2085 198 75 mentioned,
2093 2085 82 75 have
2191 2085 81 75 been

1238 2133 154 75 obferved
1419 2133 36 75 to
1483 2133 122 75 change
1633 2133 85 75 their
1746 2133 200 75 magnitudes
1963 2133 10 75 :
2010 2133 63 75 and
2089 2133 34 75 as
2140 2133 82 75 none
2238 2133 43 75 of

1239 2180 89 75 them
1345 2180 96 75 could
1463 2180 76 75 ever
1566 2180 40 75 be
1630 2180 169 75 perceived
1815 2180 35 75 to
1878 2180 81 75 have
1984 2180 85 75 tails,
2102 2180 26 75 it
2143 2180 27 75 is
2188 2180 87 75 plain

1239 2227 79 75 they
1333 2227 96 75 could
1449 2227 56 75 not
1522 2227 39 75 be
1577 2227 121 75 comets
1714 2227 9 75 ;
1750 2227 169 75 efpecially
1935 2227 33 75 as
1984 2227 78 75 they
2079 2227 64 75 had
2160 2227 42 75 no
2218 2227 56 75 pa-

1238 2274 116 75 rallax,
1379 2274 79 75 even
1474 2274 92 75 when
1582 2274 115 75 largeft
1714 2274 62 75 and
1793 2274 165 75 brighteft.
2007 2274 32 75 It
2056 2274 109 75 would
2175 2274 98 75 feem,

1239 2320 69 75 that
1329 2320 54 75 the
1399 2320 174 75 periodical
1589 2320 75 75 ftars
1681 2320 81 75 have
1780 2320 64 75 vaft
1860 2320 129 75 clufters
2010 2320 41 75 of
2069 2320 81 75 dark
2173 2320 101 75 fpots,

1240 2368 62 75 and
1317 2368 79 75 very
1411 2368 75 75 flow
1506 2368 155 75 rotations
1678 2368 41 75 on
1736 2368 86 75 their
1838 2368 77 75 axes
1930 2368 11 75 ;
1967 2368 43 75 by
2029 2368 106 75 which
2152 2368 121 75 means,

1240 2415 77 75 they
1334 2415 80 75 muft
1437 2415 164 75 difappear
1618 2415 92 75 when
1727 2415 55 75 the
1807 2415 63 75 fide
1894 2415 137 75 covered
2046 2415 80 75 with
2142 2415 87 75 fpots
2247 2415 25 75 is

1240 2462 116 75 turned
1372 2462 139 75 towards
1528 2462 50 75 us.
1627 2462 78 75 And
1729 2462 33 75 as
1788 2462 51 75 for
1864 2462 91 75 thofe
1975 2462 105 75 which
2102 2462 99 75 break
2216 2462 59 75 out

1241 2509 41 75 all
1300 2509 40 75 of
1360 2509 18 75 a
1393 2509 119 75 fudden
1538 2509 77 75 with
1641 2509 76 75 fuch
1733 2509 109 75 luftre,
1868 2509 26 75 it
1916 2509 26 75 is
1968 2509 43 75 by
2027 2509 41 75 no
2088 2509 107 75 means
2213 2509 59 75 im-

1239 2555 152 75 probable
1415 2555 71 75 that
1511 2555 77 75 they
1603 2555 53 75 are
1677 2555 73 75 funs
1776 2555 106 75 whofe
1904 2555 67 75 fuel
1998 2555 26 75 is
2042 2555 111 75 almoft
2168 2555 103 75 fpent,

1240 2602 62 75 and
1319 2602 91 75 again
1430 2602 143 75 fupplied
1590 2602 42 75 by
1651 2602 84 75 fome
1752 2602 40 75 of
1811 2602 83 75 their
1912 2602 120 75 comets
2053 2602 114 75 falling
2188 2602 85 75 upon

1239 2649 99 75 them,
1365 2649 60 75 and
1443 2649 200 75 occafioning
1659 2649 38 75 an
1717 2649 192 75 uncommon
1935 2649 93 75 blaze
2043 2649 63 75 and
2124 2649 149 75 fplendor

1238 2695 53 75 for
1309 2695 86 75 fome
1411 2695 77 75 time
1503 2695 10 75 ;
1540 2695 106 75 which
1670 2695 116 75 indeed
1803 2695 129 75 appears
1950 2695 34 75 to
2009 2695 39 75 be
2065 2695 55 75 the
2136 2695 137 75 greateft

1240 2743 52 75 ufe
1305 2743 40 75 of
1355 2743 55 75 the
1423 2743 165 75 cometary
1599 2743 71 75 part
1682 2743 39 75 of
1733 2743 61 75 any
1810 2743 113 75 fyftem

2176 2786 97 75 Some

204 2921 20 49 #
251 2939 54 75 M.
326 2939 228 75 Maupsrtuis,
579 2939 35 75 in
632 2939 47 75 his
698 2939 199 75 dijfertation
913 2939 39 75 on
969 2939 53 75 the
1046 2939 120 75 figures
1181 2939 44 75 of
1242 2939 53 75 the
1311 2939 145 75 celeflial
1481 2939 115 75 bodies,
1624 2939 57 75 (p.
1701 2939 264 75 61,—63is
1989 2939 44 75 of
2052 2939 127 75 opinion
2196 2939 72 75 that

156 2985 194 75 fomefiars,
376 2985 33 75 by
430 2985 86 75 their
526 2985 187 75 prodigious
742 2985 92 75 quick
858 2985 160 75 rotations
1046 2985 38 75 on
1109 2985 87 75 their
1210 2985 88 75 axes,
1323 2985 71 75 may
1418 2985 55 75 not
1490 2985 68 75 only
1574 2985 117 75 affurne
1716 2985 55 75 the
1784 2985 119 75 figures
1921 2985 43 75 of
1978 2985 104 75 oblate
2090 2985 179 75 fpheroids,

158 3033 55 75 but
230 3033 85 75 that,
335 3033 32 75 by
385 3033 52 75 the
446 3033 100 75 great
562 3033 202 75 centrifugal
767 3033 98 75 force
881 3033 123 75 arifmg
1020 3033 97 75 from
1133 3033 84 75 fuch
1240 3033 172 75 notations,
1437 3033 69 75 they
1523 3033 69 75 may
1609 3033 120 75 becom*
1746 3033 42 75 of
1794 3033 53 75 the
1852 3033 127 75 figures
1998 3033 47 75 of
2058 3033 116 75 mill-ft
2176 3033 71 75 ones
