2431 3327
528 140 56 75 JE
642 140 39 75 T
737 140 44 75 H

1119 140 97 75 (3

207 208 20 75 a
237 208 111 75 writer
359 208 139 75 treating
515 208 18 75 a
548 208 86 75 mere
652 208 54 75 exs
725 208 140 75 rationis
882 208 36 75 as
932 208 175 75 familiarly
1124 208 32 75 as
1173 208 32 75 if

204 254 27 75 it
248 254 84 75 were
349 254 41 75 an
409 254 106 75 objeft
535 254 41 75 of
596 254 59 75 our
679 254 124 75 fenfes:
829 254 77 75 The
923 254 112 75 notion
1051 254 40 75 of
1111 254 89 75 com-

208 300 165 75 pounding
388 300 57 75 the
464 300 100 75 sether
585 300 42 75 of
646 300 40 75 an
701 300 81 75 acid
799 300 64 75 and
878 300 72 75 that
966 300 40 75 of
1026 300 40 75 an
1082 300 117 75 alkali^

205 347 33 75 in
255 347 96 75 order
374 347 36 75 to
427 347 94 75 make
545 347 20 75 a
580 347 136 75 neutral
728 347 40 75 of
786 347 39 75 it,
850 347 28 75 is
903 347 195 75 compleatly
1121 347 78 75 ridi-

206 393 126 75 culous.
382 393 68 75 But
476 393 31 75 if
529 393 73 75 men
626 393 74 75 take
722 393 56 75 the
803 393 120 75 liberty
939 393 41 75 of
998 393 203 75 fublHtuting

206 440 110 75 names
331 440 34 75 in
381 440 90 75 place
489 440 41 75 of
538 440 97 75 facts
652 440 63 75 and
731 440 229 75 experiments,
985 440 26 75 it
1026 440 27 75 is
1072 440 40 75 an
1128 440 73 75 eafy

202 487 117 75 matter
336 487 35 75 to
387 487 137 75 account
540 487 52 75 for
609 487 65 75 any
691 487 106 75 thing.

252 534 53 75 By
329 534 65 75 this
417 534 134 75 method
574 534 41 75 of
633 534 261 75 philofophifing,
919 534 164 75 obfcurity
1099 534 27 75 is
1147 534 54 75 for

205 579 74 75 ever
295 579 152 75 banifhed
463 579 85 75 from
563 579 55 75 the
635 579 107 75 works
760 579 40 75 of
817 579 125 75 nature.
992 579 33 75 It
1041 579 26 75 is
1085 579 117 75 impof-

205 627 76 75 fible
297 627 34 75 to
349 627 109 75 gravel
475 627 40 75 an
530 627 144 75 astherial
689 627 216 75 philofopher.
953 627 32 75 A
989 627 33 75 fit
1033 627 70 75 him
1113 627 89 75 what

205 673 160 75 queftions
383 673 63 75 you
463 673 117 75 pleafe,
606 673 50 75 his
674 673 120 75 anfwer
811 673 28 75 is
856 673 99 75 ready
989 673 64 75 —“
1078 673 50 75 As
1142 673 8 75 '
1150 673 52 75 we

208 719 23 75 “
257 719 116 75 cannot
389 719 67 75 find
472 719 56 75 the
546 719 91 75 caufe
661 719 61 75 any
738 719 110 75 nuhere
863 719 64 75 elfe
939 719 11 75 ;
975 719 91 75 ergo,
1091 719 46 75 by
1152 719 49 75 di-

208 766 24 75 “
257 766 129 75 lemma,
411 766 27 75 it
454 766 81 75 muft
551 766 39 75 be
602 766 107 75 owing
721 766 36 75 to
772 766 102 75 aether
887 766 35 75 !”
959 766 66 75 For
1037 766 164 75 example,

207 814 54 75 alk
276 814 61 75 one
348 814 40 75 of
408 814 90 75 thofe
513 814 102 75 fages.
640 814 108 75 What
768 814 26 75 is
812 814 55 75 the
879 814 92 75 caufe
987 814 42 75 of
1046 814 128 75 gravity
1187 814 11 75 ?

208 860 42 75 he
279 860 67 75 will
362 860 133 75 anfwer,
524 860 72 75 ’Tis
620 860 122 75 nether!
790 860 33 75 A
825 860 34 75 lit
881 860 67 75 him
973 860 56 75 the
1053 860 91 75 caule
1167 860 41 75 of

208 907 146 75 thought,
385 907 41 75 he
453 907 68 75 will
548 907 134 75 gravely
705 907 106 75 reply,
846 907 26 75 “
904 907 80 75 The
1005 907 138 75 folution
1166 907 42 75 of

208 953 24 75 “
258 953 64 75 this
350 953 143 75 cjueftion
510 953 65 75 was
602 953 80 75 once
705 953 193 75 univerfally
923 953 137 75 allowed
1084 953 35 75 to
1143 953 59 75 ex-

210 999 24 75 “
263 999 80 75 ceed
366 999 57 75 the
449 999 101 75 limits
573 999 40 75 of
635 999 119 75 human
778 999 134 75 genius:
950 999 67 75 But
1045 999 85 75 now,
1160 999 44 75 by

211 1047 24 75 “
261 1047 56 75 the
339 1047 103 75 grand
469 1047 189 75 difcoveries
681 1047 51 75 we
758 1047 83 75 have
865 1047 101 75 lately
989 1047 109 75 made,
1125 1047 27 75 it
1176 1047 28 75 is

211 1093 23 75 “
261 1093 34 75 as
311 1093 85 75 plain
413 1093 33 75 as
463 1093 72 75 that
551 1093 92 75 three
661 1093 63 75 and
735 1093 66 75 two
817 1093 94 75 make
923 1093 282 75 five:—Thmight

211 1140 24 75 “
262 1140 26 75 is
302 1140 18 75 a
337 1140 86 75 mere
437 1140 201 75 mechanical
652 1140 104 75 thing,
774 1140 39 75 an
829 1140 129 75 evident
970 1140 94 75 effeft
1075 1140 42 75 of
1135 1140 68 75 cer-

212 1186 23 75 “
261 1186 67 75 tain
351 1186 139 75 motions
512 1186 34 75 in
570 1186 56 75 the
648 1186 92 75 brain
755 1186 166 75 produced
945 1186 44 75 by
1005 1186 56 75 the
1077 1186 126 75 ofcilla-

212 1233 23 75 “
262 1233 86 75 tions
363 1233 41 75 of
423 1233 144 75 afubtile
588 1233 106 75 elaltic
710 1233 78 75 fluid
805 1233 104 75 called
924 1233 100 75 nether
1032 1233 37 75 l"
1117 1233 87 75 This

210 1281 29 75 is
254 1281 116 75 indeed
386 1281 207 75 aftonilhing!

260 1326 87 75 Such
367 1326 130 75 jargon,
522 1326 163 75 however,
710 1326 121 75 affords
857 1326 39 75 an
923 1326 161 75 excellent
1107 1326 97 75 leiTon

211 1373 37 75 to
263 1373 55 75 the
335 1373 71 75 true
428 1373 218 75 philofopher.
695 1373 34 75 It
743 1373 102 75 (hows
868 1373 35 75 to
925 1373 88 75 what
1035 1373 84 75 folly
1142 1373 63 75 and

220 1420 233 75 extravagance
481 1420 152 75 mankind
658 1420 53 75 are
743 1420 67 75 led,
847 1420 170 75 whenever
1043 1420 79 75 they
1149 1420 56 75 de-

211 1467 85 75 viate
311 1467 86 75 from
420 1467 199 75 experiment
636 1467 63 75 and
720 1467 202 75 obfervation
947 1467 33 75 in
995 1467 88 75 their
1097 1467 107 75 inqui-

211 1514 65 75 ries
290 1514 68 75 into
374 1514 125 75 nature.
547 1514 58 75 No
627 1514 112 75 fooner
761 1514 43 75 do
829 1514 49 75 we
901 1514 89 75 leave
1015 1514 87 75 thefe
1127 1514 78 75 only

213 1560 131 75 faithful
360 1560 112 75 guides
495 1560 36 75 to
547 1560 137 75 fcience,
709 1560 78 75 than
810 1560 50 75 we
876 1560 149 75 inllantly
1040 1560 76 75 land
1131 1560 32 75 in
1186 1560 20 75 a

212 1607 162 75 labyrinth
392 1607 40 75 of
450 1607 150 75 nonfenfe
625 1607 64 75 and
715 1607 174 75 obfcurity,
915 1607 56 75 the
996 1607 125 75 natural
1145 1607 59 75 pu-

213 1653 155 75 nilhment
384 1653 41 75 of
443 1653 83 75 folly
542 1653 62 75 and
615 1653 229 75 prefumption.

260 1700 113 75 When
390 1700 234 75 endeavouring
642 1700 34 75 to
693 1700 135 75 account
853 1700 53 75 for
928 1700 72 75 that
1022 1700 183 75 propenfity

213 1747 33 75 in
271 1747 54 75 the
341 1747 121 75 human
475 1747 88 75 mind
587 1747 105 75 which
715 1747 144 75 prompts
883 1747 37 75 us
943 1747 37 75 to
997 1747 135 75 attempt
1148 1747 59 75 the

214 1793 134 75 folution
366 1793 40 75 of
424 1793 108 75 things
548 1793 164 75 evidently
734 1793 129 75 beyond
878 1793 59 75 our
953 1793 109 75 reach,
1087 1793 49 75 we
1153 1793 51 75 re-

214 1840 154 75 coiie&cd
391 1840 19 75 a
433 1840 122 75 palfage
579 1840 33 75 in
639 1840 125 75 Swift’s
789 1840 121 75 v/orks,
935 1840 105 75 which
1058 1840 146 75 explains

214 1887 25 75 it
256 1887 32 75 in
305 1887 56 75 the
376 1887 80 75 moll
473 1887 198 75 fatisfaetory
688 1887 145 75 manner.

315 1933 66 75 Let
403 1933 37 75 us
461 1933 79 75 next
562 1933 147 75 examine
728 1933 85 75 (fays
830 1933 56 75 the
909 1933 112 75 Dean)
1040 1933 56 75 the
1112 1933 92 75 great

219 1980 22 75 “
267 1980 201 75 introducers
500 1980 41 75 of
564 1980 71 75 new
662 1980 141 75 fchemes
835 1980 32 75 in
899 1980 202 75 philofophy,
1141 1980 64 75 and

216 2027 24 75 “
265 2027 109 75 fearch
391 2027 51 75 till
453 2027 49 75 we
518 2027 58 75 can
593 2027 66 75 find
675 2027 85 75 from
775 2027 87 75 what
878 2027 124 75 faculty
1013 2027 40 75 of
1064 2027 55 75 the
1135 2027 72 75 foul

217 2072 26 75 "
268 2072 57 75 the
348 2072 183 75 difpofltion
556 2072 95 75 arifes
673 2072 34 75 in
730 2072 118 75 mortal
871 2072 86 75 man,
987 2072 41 75 of
1046 2072 110 75 taking
1177 2072 29 75 it

267 2119 68 75 into
351 2119 49 75 his
412 2119 85 75 head
507 2119 44 75 to-
560 2119 139 75 advance
715 2119 70 75 new
801 2119 141 75 fyftems,
967 2119 80 75 with
1071 2119 75 75 fuch
1164 2119 40 75 an

218 2167 23 75 “
267 2167 94 75 eager
377 2167 82 75 zeal,
484 2167 32 75 in
533 2167 107 75 things
658 2167 117 75 agreed
790 2167 41 75 on
848 2167 43 75 all
915 2167 103 75 hands
1043 2167 163 75 impofible

219 2212 22 75 “
267 2212 32 75 to
332 2212 35 75 be
396 2212 137 75 known;
576 2212 85 75 from
690 2212 89 75 what
809 2212 89 75 feeds
925 2212 65 75 this
1023 2212 183 75 difpofition

218 2259 25 75 “
266 2259 136 75 fprings,
427 2259 63 75 and
506 2259 36 75 to
556 2259 88 75 what
662 2259 123 75 quality
803 2259 41 75 of
854 2259 119 75 human
989 2259 112 75 nature
1118 2259 88 75 thefe

218 2307 23 75 “
267 2307 101 75 grand
384 2307 187 75 innovators
588 2307 81 75 have
685 2307 79 75 been
783 2307 153 75 indebted
952 2307 49 75 for
1018 2307 85 75 their
1114 2307 91 75 num-

220 2352 22 75 “
268 2352 58 75 ber
343 2352 40 75 of
393 2352 146 75 difciples
551 2352 10 75 ;
587 2352 132 75 becaufe
738 2352 26 75 it
779 2352 28 75 is
822 2352 98 75 plain,
946 2352 71 75 that
1033 2352 119 75 feveral
1171 2352 42 75 of

220 2398 23 75 “
269 2398 55 75 the
347 2398 90 75 chief
455 2398 116 75 among
594 2398 102 75 them-,
721 2398 84 75 both
822 2398 131 75 ancient
976 2398 64 75 and
1061 2398 145 75 modern,

220 2446 26 75 “
269 2446 84 75 were
369 2446 124 75 ufually
510 2446 151 75 miftaken
678 2446 45 75 by
740 2446 85 75 their
842 2446 205 75 adverfaries,
1072 2446 63 75 and
1157 2446 49 75 ia-

221 2491 22 75 “
269 2491 82 75 deed
362 2491 42 75 by
422 2491 43 75 all
477 2491 116 75 except
609 2491 84 75 their
709 2491 73 75 own
794 2491 177 75 followers,
989 2491 35 75 to
1035 2491 173 75 havebeen

221 2537 22 75 “
269 2537 127 75 perfons
414 2537 128 75 crazed,
567 2537 39 75 or
628 2537 57 75 out
697 2537 41 75 of
755 2537 85 75 their
855 2537 94 75 wits;
975 2537 119 75 having
1112 2537 94 75 gene-

223 2584 21 75 “
270 2584 84 75 rally
380 2584 192 75 proceeded,
605 2584 31 75 in
665 2584 56 75 the
750 2584 147 75 common
926 2584 110 75 courfe
1063 2584 41 75 of
1123 2584 85 75 their

221 2631 24 75 “
270 2631 107 75 words
396 2631 61 75 and
473 2631 131 75 aftions,
622 2631 45 75 by
683 2631 19 75 a
717 2631 133 75 method
865 2631 78 75 very
955 2631 152 75 different
1122 2631 86 75 from

222 2677 24 75 “
271 2677 56 75 the
350 2677 112 75 vulgar
483 2677 135 75 didates
639 2677 40 75 of
698 2677 169 75 unrefined
886 2677 111 75 reafon
1008 2677 10 75 ;
1045 2677 162 75 agreeing,

223 2724 23 75 “
272 2724 51 75 for
349 2724 56 75 the
427 2724 79 75 niatft
531 2724 87 75 part,
650 2724 32 75 in
707 2724 85 75 their
813 2724 120 75 feveral
956 2724 136 75 models,
1128 2724 80 75 with

223 2770 23 75 “
271 2770 85 75 their
379 2770 124 75 prefent
531 2770 186 75 undoubted
740 2770 168 75 fucceffors
938 2770 32 75 in
997 2770 55 75 the
1081 2770 128 75 Acade-

221 2816 26 75 “
274 2816 47 75 my
342 2816 41 75 of
403 2816 131 75 modern
558 2816 149 75 Bedlam.
756 2816 54 75 Of
827 2816 65 75 this
918 2816 79 75 kind
1019 2816 85 75 were
1127 2816 82 75 Epi-

222 2863 25 75 “
272 2863 109 75 cunts,
408 2863 173 75 Diogenes,
607 2863 202 75 Apollonius,
836 2863 186 75 Lucretius,
1049 2863 159 75 Paracel-

191 2909 6 75 ,
222 2909 25 75 “
263 2909 74 75 fus,
363 2909 70 75 Des
456 2909 127 75 Cartes,
610 2909 63 75 and
699 2909 132 75 others;
863 2909 87 75 who,
975 2909 31 75 if
1024 2909 78 75 they
1124 2909 87 75 were

224 2955 23 75 “
272 2955 74 75 now
369 2955 32 75 in
425 2955 56 75 the
505 2955 117 75 world,
655 2955 68 75 tied
746 2955 75 75 fall,
850 2955 62 75 and
936 2955 165 75 leparated
1125 2955 85 75 from

224 3002 25 75 “
273 3002 86 75 their
370 3002 176 75 followers,
563 3002 120 75 would,
700 3002 34 75 in
751 3002 64 75 this
828 3002 295 75 undijlinguijhing
1139 3002 71 75 age.

1242 139 10 75 f
1305 139 22 75 )

1654 139 54 75 iE
1767 139 39 75 T
1865 139 44 75 H

1300 207 23 75 “
1349 207 90 75 incur
1466 207 144 75 manifeft
1634 207 120 75 danger
1781 207 40 75 of
1842 207 208 75 phlebotomy,
2085 207 64 75 and
2171 207 118 75 whips,

1296 252 25 75 “
1346 252 64 75 and
1433 252 125 75 chains,
1584 252 63 75 and
1669 252 82 75 dark
1769 252 177 75 chambers,
1972 252 64 75 arid
2049 252 32 75 ft
2088 252 87 75 raw.
2224 252 68 75 For

1296 301 25 75 “
1346 301 87 75 what
1450 301 86 75 man,
1561 301 32 75 in
1610 301 57 75 the
1683 301 124 75 natural
1831 301 79 75 Hate
1927 301 36 75 or
1987 301 111 75 courfe
2122 301 41 75 of
2182 301 108 75 think-

1297 345 24 75 “
1346 345 67 75 ing,
1438 345 58 75 did
1512 345 75 75 ever
1598 345 151 75 conceive
1762 345 25 75 it
1806 345 32 75 in
1855 345 49 75 his
1921 345 108 75 power
2046 345 35 75 to
2102 345 117 75 reduce
2236 345 56 75 the

1297 393 25 75 “
1347 393 129 75 notions
1493 393 41 75 of
1552 393 43 75 all
1611 393 153 75 mankind
1779 393 129 75 exa&ly
1923 393 36 75 to
1975 393 56 75 the
2056 393 84 75 fame
2165 393 125 75 length,

1298 439 23 75 “
1347 439 64 75 and
1426 439 151 75 breadth,
1603 439 63 75 and
1681 439 113 75 height
1810 439 41 75 of
1869 439 49 75 his
1944 439 74 75 own
2031 439 12 75 ?
2086 439 66 75 Yet
2175 439 64 75 this
2264 439 26 75 is

1298 487 23 75 “
1348 487 55 75 the
1415 487 65 75 firft
1496 487 126 75 humble
1638 487 63 75 and
1717 487 82 75 civil
1811 487 107 75 delign
1937 487 41 75 of
1996 487 42 75 all
2055 487 186 75 innovators
2258 487 33 75 in

1298 532 24 75 “
1348 532 56 75 the
1433 532 120 75 empire
1581 532 41 75 of
1640 532 124 75 reafon.
1870 532 109 75 Now,
2005 532 16 75 I
2047 532 109 75 would
2180 532 112 75 gladly

1299 578 23 75 “
1348 578 40 75 be
1410 578 173 75 informed,
1609 578 75 75 how
1700 578 26 75 it
1750 578 28 75 is
1794 578 126 75 poffible
1937 578 36 75 to
1989 578 150 75 account'
2139 578 53 75 for
2215 578 77 75 fuch

1299 626 23 75 “
1348 626 223 75 imaginations
1584 626 34 75 as
1635 626 88 75 thefe
1739 626 34 75 in
1785 626 174 75 particular
1975 626 84 75 men,
2084 626 140 75 v/ithout
2241 626 51 75 re-

1300 672 23 75 “
1349 672 110 75 courfe
1472 672 34 75 to
1523 672 55 75 my
1588 672 224 75 phenomenon
1828 672 40 75 of
1879 672 150 75 vapours,
2048 672 51 75 (i.
2114 672 28 75 e.
2159 672 131 75 aether),

1299 719 24 75 “
1349 719 169 75 afeending
1540 719 87 75 from
1651 719 56 75 the
1731 719 101 75 lower
1855 719 148 75 faculties
2028 719 35 75 to
2086 719 207 75 overlhadow

1300 766 23 75 “
1348 766 57 75 the
1422 766 103 75 brain,
1551 766 62 75 and
1629 766 91 75 there
1737 766 153 75 dillilling
1906 766 69 75 into
1996 766 218 75 conceptions,
2239 766 53 75 for

1300 812 23 75 “
1348 812 107 75 which
1471 812 57 75 the
1540 812 196 75 narrownefs
1748 812 42 75 of
1809 812 59 75 our
1884 812 266 75 mother-tongue
2165 812 57 75 has
2235 812 58 75 not

1300 859 23 75 “
1348 859 56 75 yet
1420 859 136 75 alfigned
1572 859 62 75 any
1646 859 96 75 other
1754 859 91 75 name
1860 859 121 75 befides
1998 859 72 75 that
2087 859 41 75 of
2146 859 145 75 madnefs

1299 906 25 75 “
1349 906 39 75 or
1399 906 156 75 phrenzy.
1605 906 66 75 Let
1695 906 36 75 us
1748 906 166 75 therefore
1931 906 74 75 now
2020 906 181 75 conjeflure
2217 906 76 75 bow

1300 953 23 75 “
1349 953 27 75 it
1392 953 108 75 comes
1518 953 35 75 to
1569 953 69 75 pafs
1655 953 71 75 that
1743 953 81 75 none
1841 953 41 75 of
1899 953 89 75 thefe
2005 953 91 75 great
2113 953 179 75 projectors

1300 999 24 75 “
1350 999 43 75 do
1409 999 75 75 ever
1500 999 57 75 fail
1575 999 169 75 providing
1759 999 189 75 themfelves
1972 999 64 75 and
2057 999 86 75 their
2164 999 128 75 notions

1301 1046 24 75 “
1349 1046 81 75 with
1455 1046 19 75 a
1498 1046 135 75 number
1656 1046 42 75 of
1716 1046 140 75 implicit
1881 1046 169 75 difciples;
2077 1046 63 75 and
2164 1046 16 75 I
2199 1046 94 75 think

1301 1093 24 75 “
1350 1093 56 75 the
1431 1093 108 75 reafon
1564 1093 27 75 is
1614 1093 73 75 eafy
1711 1093 35 75 to
1771 1093 40 75 be
1836 1093 264 75 aifigned.—For
2123 1093 90 75 there
2229 1093 27 75 is
2274 1093 20 75 a

1303 1140 24 75 “
1352 1140 141 75 peculiar
1510 1140 96 75 firing
1623 1140 31 75 in
1668 1140 56 75 the
1735 1140 156 75 harmony
1903 1140 41 75 of
1953 1140 119 75 human
2084 1140 208 75 underfiand-

1301 1187 25 75 “
1350 1187 67 75 ing,
1442 1187 120 75 which,
1587 1187 31 75 in
1636 1187 118 75 feveral
1767 1187 203 75 individuals,
1995 1187 28 75 is
2040 1187 128 75 exaCtly
2183 1187 42 75 of
2235 1187 56 75 the

1301 1233 23 75 “
1349 1233 84 75 fame
1457 1233 125 75 tuning.
1638 1233 86 75 This
1749 1233 31 75 if
1798 1233 65 75 you
1891 1233 57 75 can
1973 1233 189 75 dextroully
2179 1233 112 75 fereou

1301 1278 25 75 “
1351 1278 43 75 up
1409 1278 38 75 to
1460 1278 42 75 its
1520 1278 87 75 right
1627 1278 74 75 key,
1727 1278 63 75 and
1813 1278 78 75 then
1903 1278 106 75 ftrike
2018 1278 112 75 gently
2148 1278 85 75 upon
2249 1278 40 75 it,

1301 1326 24 75 “
1349 1326 169 75 whenever
1535 1326 64 75 you
1610 1326 81 75 have
1708 1326 56 75 the
1780 1326 88 75 good
1882 1326 130 75 fortune
2024 1326 35 75 to
2076 1326 83 75 light
2176 1326 115 75 among

1301 1372 23 75 “
1350 1372 91 75 thofe
1457 1372 41 75 of
1516 1372 56 75 the
1586 1372 95 75 fame
1697 1372 107 75 pitch,
1829 1372 79 75 they
1918 1372 80 75 will,
2023 1372 44 75 by
2084 1372 19 75 a
2118 1372 101 75 fecret
2235 1372 56 75 ne-

1300 1419 24 75 “
1351 1419 119 75 ceffary
1487 1419 181 75 fympathy,
1694 1419 95 75 llrike
1807 1419 128 75 exactly
1955 1419 33 75 at
2007 1419 57 75 the
2089 1419 84 75 fame
2198 1419 91 75 time.

1282 1467 5 75 ‘
1300 1467 24 75 “
1349 1467 80 75 And
1451 1467 34 75 in
1509 1467 64 75 this
1597 1467 62 75 one
1683 1467 223 75 circumftance
1929 1467 58 75 lies
2011 1467 44 75 all
2081 1467 55 75 the
2152 1467 83 75 fill
2253 1467 39 75 or

1301 1513 23 75 “
1349 1513 74 75 luck
1441 1513 40 75 of
1500 1513 55 75 the
1577 1513 138 75 matter:
1747 1513 66 75 For
1832 1513 31 75 if
1881 1513 65 75 you
1970 1513 117 75 chance
2103 1513 35 75 to
2157 1513 53 75 jar
2234 1513 56 75 the

1300 1559 23 75 “
1348 1559 109 75 firing,
1487 1559 116 75 among
1626 1559 92 75 thofe
1740 1559 75 75 who
1839 1559 53 75 are
1916 1559 104 75 either
2043 1559 101 75 above
2169 1559 38 75 or
2232 1559 57 75 be-

1301 1606 24 75 “
1349 1606 65 75 low
1428 1606 83 75 your
1527 1606 73 75 own
1610 1606 125 75 height,
1760 1606 119 75 inftead
1895 1606 40 75 of
1949 1606 194 75 fubferibing
2155 1606 35 75 to
2207 1606 83 75 your

1300 1653 26 75 “
1349 1653 155 75 doCtrine,
1529 1653 79 75 they
1624 1653 68 75 will
1707 1653 48 75 tie
1762 1653 62 75 you
1838 1653 89 75 fijl,
1953 1653 61 75 call
2030 1653 65 75 you
2110 1653 90 75 mad,
2224 1653 64 75 and

1299 1701 24 75 “
1338 1701 86 75 feed
1436 1701 65 75 you
1521 1701 78 75 with
1617 1701 102 75 bread
1732 1701 64 75 and
1814 1701 122 75 water.
1985 1701 32 75 It
2039 1701 28 75 is
2090 1701 164 75 therefore
2271 1701 21 75 a

1301 1745 23 75 “
1351 1745 90 75 point
1457 1745 40 75 of
1508 1745 55 75 the
1580 1745 97 75 niceft
1692 1745 147 75 conduCt,
1866 1745 35 75 t6
1917 1745 179 75 difiinguifh
2114 1745 63 75 and
2193 1745 97 75 adapt

1300 1793 24 75 “
1349 1793 67 75 this
1431 1793 97 75 noble
1549 1793 100 75 talent
1672 1793 80 75 with
1778 1793 119 75 refpeCi
1920 1793 36 75 to
1980 1793 56 75 the
2060 1793 172 75 difference
2255 1793 41 75 of

1301 1838 23 75 “
1344 1838 130 75 perfons
1498 1838 61 75 and
1576 1838 40 75 of
1634 1838 235 75 times.—For,
1895 1838 36 75 to
1950 1838 95 75 fpeak
2061 1838 107 75 ahold
2184 1838 105 75 truth,

1300 1884 24 75 “
1349 1884 27 75 it
1391 1884 27 75 is
1437 1884 18 75 a
1470 1884 80 75 fatal
1565 1884 200 75 mifearriage
1780 1884 35 75 fo
1830 1884 37 75 ill
1892 1884 34 75 to
1950 1884 96 75 order
2070 1884 108 75 affairs
2203 1884 34 75 as
2253 1884 36 75 to

1299 1930 27 75 “
1348 1930 71 75 pafs
1441 1930 54 75 for
1513 1930 20 75 a
1545 1930 78 75 fool
1642 1930 34 75 in
1699 1930 61 75 one
1784 1930 168 75 company,
1979 1930 93 75 when
2094 1930 33 75 in
2153 1930 135 75 another

1300 1977 24 75 “
1350 1977 63 75 you
1429 1977 105 75 might
1545 1977 40 75 be
1596 1977 125 75 treated
1739 1977 33 75 as
1791 1977 17 75 a
1819 1977 198 75 philofopher
2029 1977 11 75 :
2065 1977 125 75 Which
2202 1977 17 75 I
2232 1977 57 75 de-

1301 2025 25 75 “
1349 2025 60 75 fire
1420 2025 90 75 Jome
1525 2025 127 75 certain
1663 2025 185 75 gentlemen
1864 2025 43 75 of
1921 2025 49 75 my
1990 2025 239 75 acquaintance
2253 2025 36 75 to

1300 2071 24 75 “
1349 2071 54 75 lay
1425 2071 44 75 up
1491 2071 33 75 in
1548 2071 85 75 their
1655 2071 109 75 hearts
1789 2071 34 75 as
1848 2071 19 75 a
1890 2071 78 75 very
1983 2071 59 75 fee
2044 2071 124 75 finable
2191 2071 97 75 innu-

1301 2118 23 75 “
1351 2118 115 75 endo.”

1347 2166 68 75 We
1430 2166 110 75 would
1555 2166 58 75 not
1629 2166 81 75 have
1728 2166 99 75 dwelt
1844 2166 34 75 lb
1897 2166 77 75 long
1989 2166 84 75 upon
2087 2166 64 75 this
2164 2166 124 75 article,

1301 2212 65 75 had
1381 2212 26 75 it
1422 2212 59 75 not
1505 2212 80 75 been
1601 2212 36 75 to
1653 2212 114 75 guard,
1793 2212 34 75 as
1844 2212 50 75 far
1911 2212 33 75 as
1969 2212 63 75 our
2051 2212 155 75 influence
2230 2212 66 75 ex-,

1300 2259 106 75 tends,
1431 2259 58 75 the
1503 2259 106 75 minds
1625 2259 41 75 of
1684 2259 90 75 thofe
1798 2259 75 75 who
1894 2259 75 75 may
1992 2259 39 75 be
2054 2259 238 75 unacquainted

1301 2306 78 75 with
1396 2306 56 75 the
1472 2306 135 75 genuine
1623 2306 170 75 principles
1809 2306 41 75 of
1867 2306 202 75 philofophy,
2094 2306 86 75 from
2196 2306 99 75 being

1301 2353 52 75 led
1370 2353 68 75 into
1456 2353 18 75 a
1490 2353 112 75 wrong
1612 2353 92 75 track
1720 2353 41 75 of
1773 2353 230 75 inveftigation.

1255 2399 167 75 ./Ether,
1447 2399 34 75 in
1498 2399 185 75 chymiftry,
1701 2399 19 75 a
1736 2399 90 75 name
1842 2399 93 75 given
1951 2399 36 75 to
2004 2399 63 75 any
2081 2399 132 75 volatile
2229 2399 62 75 fpi-

1303 2446 54 75 rit.
1405 2446 78 75 The
1500 2446 89 75 fpirit
1605 2446 104 75 which
1727 2446 163 75 generally
1906 2446 76 75 goes
2004 2446 44 75 by
2063 2446 71 75 that
2155 2446 91 75 name
2263 2446 27 75 is

1302 2493 159 75 procured
1475 2493 45 75 by
1536 2493 150 75 difiilling
1701 2493 89 75 fpirit
1807 2493 39 75 of
1864 2493 81 75 wine
1957 2493 79 75 with
2048 2493 46 75 oil
2110 2493 40 75 of
2168 2493 121 75 vitriol,

1304 2540 61 75 and
1381 2540 78 75 then
1482 2540 223 75 precipitating
1729 2540 80 75 with
1833 2540 39 75 an
1896 2540 108 75 alkali.
2055 2540 62 75 See
2140 2540 156 75 Chemi-

1305 2586 113 75 stry.

1256 2631 281 75 iETHERIAL,
1555 2631 40 75 an
1611 2631 121 75 epithet
1748 2631 52 75 for
1817 2631 61 75 any
1894 2631 92 75 thing
1997 2631 168 75 partaking
2180 2631 40 75 of
2234 2631 58 75 the

1303 2678 112 75 nature
1431 2678 40 75 of
1488 2678 114 75 aether.

1256 2723 255 75 /ETHIOPIS,
1537 2723 31 75 in
1584 2723 134 75 botany,
1744 2723 20 75 a
1777 2723 164 75 fynonime
1957 2723 40 75 of
2018 2723 18 75 a
2051 2723 118 75 fpecies
2182 2723 40 75 of
2232 2723 60 75 fal-

1303 2772 65 75 via.
1417 2772 64 75 See
1493 2772 161 75 Salvia.

1257 2817 223 75 ALTHIOPS
1509 2817 153 75 mineral,
1694 2817 19 75 a
1739 2817 201 75 preparation
1966 2817 41 75 of
2025 2817 150 75 mercury
2200 2817 94 75 made

1305 2865 44 75 by
1365 2865 136 75 rubbing
1516 2865 96 75 equal
1629 2865 171 75 quantities
1818 2865 41 75 of
1876 2865 192 75 quickfilver
2081 2865 63 75 and
2159 2865 84 75 flour
2259 2865 44 75 of

1306 2909 130 75 fulphur
1452 2909 32 75 in
1498 2909 18 75 a
1527 2909 132 75 mortar,
1678 2909 50 75 till
1740 2909 56 75 the
1807 2909 147 75 mercury
1967 2909 122 75 wholly
2101 2909 194 75 difappears,

1307 2957 62 75 and
1385 2957 19 75 a
1419 2957 61 75 fine
1497 2957 94 75 black
1607 2957 131 75 pov/der
1753 2957 150 75 remains.

1259 3003 192 75 jEthiops
1476 3003 105 75 albus,
1615 3003 20 75 a
1660 3003 203 75 preparation
1890 3003 42 75 of
1957 3003 149 75 mercury
2130 3003 92 75 made
2249 3003 45 75 by

2155 3045 140 75 rubbing
