2493 3387
762 124 489 75 ASTRO

188 191 164 75 defcribed
369 191 44 75 by
433 191 55 75 the
505 191 62 75 nail
583 191 65 75 will
665 191 153 75 referable
834 191 31 75 in
886 191 169 75 miniature
1074 191 33 75 as
1128 191 97 75 much

189 239 40 75 of
240 239 55 75 the
318 239 119 75 earth’s
460 239 113 75 annual
591 239 76 75 path
686 239 101 75 round
805 239 54 75 the
876 239 67 75 fun,
969 239 33 75 as
1020 239 25 75 it
1068 239 157 75 defcnbes

190 286 105 75 whilft
313 286 55 75 the
384 286 96 75 moon
497 286 77 75 goes
592 286 32 75 as
645 286 88 75 often
752 286 102 75 round
870 286 55 75 the
942 286 90 75 earth
1050 286 33 75 as
1100 286 54 75 the
1171 286 54 75 pin

189 332 77 75 does
291 332 105 75 round
425 332 54 75 the
505 332 83 75 nail;
624 332 63 75 and
712 332 55 75 the
794 332 95 75 curve
913 332 166 75 defcribed
1102 332 44 75 by
1170 332 55 75 the

189 378 65 75 nail
272 378 65 75 will
353 378 81 75 have
450 378 86 75 fome
553 378 211 75 refemblance
791 378 41 75 of
851 378 55 75 the
931 378 123 75 moon’s
1070 378 77 75 path
1165 378 59 75 du-

190 424 70 75 ring
276 424 34 75 fo
326 424 94 75 many
437 424 174 75 lunations.

236 470 65 75 Let
317 470 37 75 us
371 470 73 75 now
467 470 130 75 fuppofe
620 470 72 75 that
719 470 56 75 the
802 470 106 75 radius
937 470 41 75 of
1000 470 56 75 the
1084 470 140 75 circular

188 517 96 75 curve
300 517 166 75 defcribed
482 517 42 75 by
540 517 56 75 the
613 517 62 75 nail
691 517 31 75 in
740 517 55 75 the
810 517 72 75 axle
899 517 26 75 is
944 517 34 75 to
997 517 54 75 the
1068 517 107 75 radius
1188 517 41 75 of

187 564 55 75 the
258 564 97 75 circle
371 564 105 75 which
494 564 55 75 the
572 564 52 75 pin
642 564 30 75 in
691 564 55 75 the
762 564 78 75 nave
856 564 158 75 defcribes
1039 564 104 75 round
1167 564 56 75 the

190 611 85 75 axle,
302 611 33 75 as
356 611 91 75 3374-
464 611 34 75 to
520 611 12 75 i
551 611 10 75 ;
588 611 104 75 which
710 611 25 75 is
753 611 54 75 the
824 611 184 75 proportion
1026 611 39 75 of
1088 611 55 75 the
1171 611 49 75 ra-

187 657 71 75 dius
280 657 37 75 or
334 657 233 75 femidiameter
593 657 40 75 of
649 657 55 75 the
726 657 118 75 earth’s
861 657 85 75 orbit
962 657 34 75 to
1024 657 71 75 that
1111 657 40 75 of
1166 657 55 75 the

190 703 137 75 moon’s,
352 703 38 75 or
407 703 39 75 of
463 703 55 75 the
535 703 135 75 circular
686 703 94 75 curve
798 703 359 75 ^1234567
1177 703 44 75 .5,

189 750 61 75 &c.
275 750 35 75 to
335 750 55 75 the
417 750 84 75 little
529 750 95 75 circle
688 750 9 75 ;
724 750 63 75 and
813 750 89 75 then,
929 750 101 75 whilft
1058 750 56 75 the
1147 750 74 75 pro-

189 796 128 75 greffive
335 796 61 75 nail
413 796 157 75 defcribes
600 796 54 75 the
679 796 65 75 faid
770 796 94 75 curve
892 796 85 75 from
995 796 36 75 A
1045 796 35 75 to
1097 796 43 75 E,
1166 796 56 75 the

188 841 52 75 pin
259 841 65 75 will
340 841 42 75 go
399 841 79 75 once
495 841 103 75 round
623 841 57 75 the
702 841 63 75 nail
790 841 78 75 with
891 841 115 75 regard
1024 841 33 75 to
1075 841 55 75 the
1148 841 74 75 cen-

187 888 50 75 tre
252 888 40 75 of
302 888 41 75 its
361 888 88 75 path,
475 888 62 75 and
556 888 32 75 in
615 888 36 75 fo
668 888 111 75 doing,
804 888 66 75 will
887 888 141 75 defcribe
1046 888 55 75 the
1118 888 100 75 curve

185 935 109 75 abode.
341 935 77 75 The
433 935 121 75 former
569 935 70 75 will
653 935 39 75 be
709 935 18 75 a
743 935 71 75 true
831 935 250 75 reprefentation
1105 935 41 75 of
1164 935 56 75 the

185 981 119 75 earth’s
324 981 73 75 path
415 981 52 75 for
478 981 61 75 one
550 981 158 75 lunation,
726 981 60 75 and
800 981 55 75 the
867 981 96 75 latter
976 981 39 75 of
1027 981 55 75 the
1095 981 125 75 moon’s

187 1027 52 75 for
255 1027 70 75 that
342 1027 89 75 time.
481 1027 90 75 Here
587 1027 48 75 we
653 1027 73 75 may
742 1027 46 75 fet
804 1027 81 75 afide
903 1027 55 75 the
973 1027 201 75 inequalities
1187 1027 40 75 of

186 1074 55 75 the
257 1074 124 75 moon’s
399 1074 137 75 motion,
562 1074 61 75 and
650 1074 71 75 alfo,
743 1074 54 75 the
824 1074 119 75 earth’s
972 1074 128 75 moving
1117 1074 104 75 round

185 1120 41 75 its
240 1120 147 75 common
401 1120 109 75 centre
523 1120 40 75 of
572 1120 127 75 gravity
715 1120 63 75 and
793 1120 55 75 the
864 1120 123 75 moon’s
1000 1120 8 75 :
1028 1120 57 75 All
1101 1120 124 75 which,-

186 1166 32 75 if
231 1166 78 75 they
325 1166 83 75 were
425 1166 87 75 truly
528 1166 112 75 copied
657 1166 31 75 in
706 1166 62 75 this
792 1166 213 75 experiment,
1030 1166 109 75 would
1163 1166 58 75 not

184 1212 132 75 fenfibly
333 1212 81 75 alter
431 1212 55 75 the
503 1212 99 75 figure
618 1212 41 75 of
668 1212 56 75 the
741 1212 93 75 paths
852 1212 164 75 defcribed
1029 1212 42 75 by
1083 1212 56 75 the
1155 1212 64 75 nail

185 1259 61 75 and
263 1259 65 75 pin,
353 1259 78 75 even
448 1259 122 75 though
589 1259 77 75 they
681 1259 112 75 fhould
814 1259 59 75 rub
891 1259 116 75 againft
1025 1259 17 75 a
1059 1259 84 75 plain
1160 1259 57 75 up-

184 1305 86 75 right
287 1305 122 75 furface
426 1305 41 75 all
486 1305 54 75 the
557 1305 83 75 way,
666 1305 62 75 and
752 1305 89 75 leave
870 1305 83 75 their
981 1305 106 75 tracks
1112 1305 107 75 vifible

185 1351 85 75 upon
286 1351 38 75 it.
374 1351 76 75 And
465 1351 31 75 if
508 1351 54 75 the
586 1351 123 75 chariot
727 1351 63 75 was
807 1351 110 75 driven
935 1351 142 75 forward
1088 1351 41 75 on
1141 1351 77 75 fuch

187 1398 18 75 a
221 1398 125 75 convex
363 1398 86 75 piece
466 1398 39 75 of
517 1398 138 75 ground,
679 1398 36 75 fo
732 1398 32 75 as
782 1398 35 75 to
833 1398 74 75 turn
933 1398 57 75 the
1012 1398 102 75 wheel
1130 1398 87 75 feve-

188 1443 46 75 ral
252 1443 92 75 times
364 1443 115 75 round,
505 1443 55 75 the
575 1443 93 75 track
693 1443 115 75 of'the
824 1443 52 75 pin
893 1443 32 75 in
943 1443 55 75 the
1013 1443 80 75 nave
1110 1443 110 75 would

188 1489 61 75 ftill
266 1489 38 75 be
320 1489 138 75 concave
473 1489 123 75 toward
613 1489 55 75 the
685 1489 107 75 centre
816 1489 41 75 of
878 1489 57 75 the
963 1489 135 75 circular
1122 1489 95 75 curve

187 1536 164 75 defcribed
366 1536 44 75 by
425 1536 57 75 the
498 1536 51 75 pin
567 1536 32 75 in
616 1536 55 75 the
687 1536 73 75 axle
772 1536 10 75 ;
810 1536 33 75 as
869 1536 56 75 the
949 1536 124 75 moon’s
1098 1536 76 75 path
1191 1536 27 75 is

186 1582 116 75 always
327 1582 136 75 concave
480 1582 35 75 to
531 1582 56 75 the
602 1582 57 75 fun
675 1582 31 75 in
732 1582 55 75 the
816 1582 111 75 centre
952 1582 40 75 of
1014 1582 57 75 the
1097 1582 122 75 earth’s

186 1628 113 75 annual
317 1628 95 75 orbit.

233 1675 37 75 In
289 1675 63 75 this
369 1675 155 75 diagram,
550 1675 56 75 the
622 1675 135 75 thickeft
774 1675 94 75 curve
885 1675 64 75 line
967 1675 142 75 ABCD,
1139 1675 78 75 with

184 1722 56 75 the
255 1722 143 75 numeral
414 1722 116 75 figures
547 1722 46 75 fet
621 1722 35 75 to
679 1722 37 75 it,
742 1722 174 75 reprefents
941 1722 33 75 as
998 1722 96 75 much
1111 1722 38 75 of
1162 1722 55 75 the

185 1768 118 75 earth’s
322 1768 113 75 annual
453 1768 83 75 orbit
552 1768 33 75 as
603 1768 25 75 it
645 1768 156 75 defcribes
817 1768 31 75 in
868 1768 41 75 32
929 1768 77 75 days
1037 1768 82 75 from
1143 1768 76 75 weft

185 1815 35 75 to
237 1815 84 75 eaft;
348 1815 53 75 the
422 1815 84 75 little
522 1815 111 75 circles
651 1815 33 75 at
700 1815 97 75 abode
812 1815 83 75 ftiew
919 1815 56 75 the
992 1815 123 75 moon’s
1132 1815 86 75 orbit

184 1861 31 75 in
233 1861 62 75 due
311 1861 185 75 proportion
514 1861 35 75 to
566 1861 55 75 the
638 1861 120 75 earth’s
770 1861 9 75 ;
807 1861 62 75 and
893 1861 55 75 the
973 1861 134 75 fmalleft
1121 1861 96 75 curve

185 1908 124 75 abodef
316 1908 177 75 reprefents
510 1908 55 75 the
580 1908 64 75 line
661 1908 41 75 of
724 1908 55 75 the
796 1908 122 75 moon’s
932 1908 76 75 path
1025 1908 31 75 in
1070 1908 54 75 the
1140 1908 77 75 hea-

182 1954 75 75 vens
269 1954 51 75 for
335 1954 40 75 32
389 1954 91 75 days,
494 1954 175 75 accounted
683 1954 82 75 from
778 1954 60 75 any
849 1954 171 75 particular
1034 1954 68 75 new
1120 1954 95 75 moon

184 2000 30 75 at
225 2000 19 75 a
293 2000 77 75 The
379 2000 156 75 machine,
552 2000 92 75 Plate
653 2000 132 75 XLIX.
799 2000 56 75 fig.
868 2000 31 75 2.
919 2000 26 75 is
960 2000 50 75 for
1023 2000 193 75 delineating

183 2047 56 75 the
257 2047 122 75 moon’s
399 2047 90 75 path,
515 2047 62 75 and
593 2047 66 75 will
675 2047 40 75 be
731 2047 282 75 defcribed,.with
1029 2047 56 75 the
1101 2047 61 75 reft
1181 2047 41 75 of

182 2092 56 75 tbe
266 2092 217 75 aftronomical
513 2092 193 75 machinery,
732 2092 32 75 in
792 2092 55 75 the
863 2092 56 75 laft
934 2092 143 75 chapter.
1138 2092 78 75 The

184 2138 56 75 fun
261 2138 27 75 is
304 2138 150 75 fuppofed
473 2138 36 75 to
525 2138 39 75 be
580 2138 32 75 in
629 2138 55 75 the
702 2138 106 75 centre
825 2138 40 75 of
876 2138 54 75 the
948 2138 94 75 curve
1064 2138 37 75 A
1118 2138 14 75 1
1155 2138 18 75 2
1195 2138 27 75 y

186 2187 191 75 4567.#,
394 2187 61 75 &c.
473 2187 62 75 and
551 2187 159 75 fheTmall
720 2187 121 75 Ndotted
858 2187 110 75 circles
980 2187 85 75 upon
1074 2187 25 75 it
1109 2187 106 75 repre-

183 2230 68 75 lent
268 2230 55 75 the
340 2230 122 75 moon’s
478 2230 97 75 orbit,
600 2230 40 75 of
651 2230 104 75 which
772 2230 56 75 the
846 2230 105 75 radius
968 2230 26 75 is
1012 2230 32 75 in
1060 2230 55 75 the
1131 2230 84 75 fame

183 2277 239 75 proportiomto
438 2277 55 75 the
509 2277 123 75 earth’s-
659 2277 75 75 path
759 2277 33 75 in
820 2277 63 75 this
911 2277 137 75 fcheme,
1074 2277 69 75 that
1160 2277 55 75 the

183 2323 105 75 radius
306 2323 39 75 of
353 2323 54 75 the
424 2323 122 75 moon’s
559 2323 88 75 brbit
660 2323 39 75 in-
708 2323 55 75 the
779 2323 138 75 heavens
933 2323 91 75 bears
1041 2323 34 75 to
1092 2323 55 75 the
1165 2323 49 75 ra-

185 2371 71 75 dius
274 2371 40 75 of
325 2371 54 75 the
396 2371 120 75 earth’s
530 2371 111 75 annual
658 2371 76 75 path
752 2371 101 75 round
871 2371 55 75 the
942 2371 56 75 fun
1007 2371 11 75 j
1036 2371 70 75 that
1122 2371 40 75 is,
1181 2371 45 75 as:

184 2417 154 75 240,000
360 2417 36 75 to
421 2417 226 75 81,000,000,
671 2417 37 75 or
724 2417 33 75 as
779 2417 13 75 i
813 2417 36 75 to
867 2417 123 75 3374..

231 2462 110 75 When
357 2462 56 75 the
429 2462 90 75 earth
547 2462 27 75 is
602 2462 33 75 at
652 2462 45 75 A,
722 2462 56 75 the
795 2462 70 75 new
882 2462 95 75 moon
993 2462 37 75 is.
1037 2462 34 75 at
1082 2462 42 75 a;
1151 2462 68 75 and-

184 2508 30 75 in
234 2508 53 75 the
304 2508 92 75 feven
420 2508 78 75 days
515 2508 71 75 that
604 2508 54 75 the
675 2508 90 75 earth
786 2508 162 75 defcribes'
968 2508 55 75 the
1040 2508 96 75 curve
1157 2508 13 75 1
1194 2508 17 75 2

186 2556 190 75 34567,
402 2556 55 75 the
486 2556 107 75 moon,
618 2556 32 75 in
678 2556 248 75 accompanying
953 2556 56 75 the
1037 2556 90 75 earth
1155 2556 57 75 de-

183 2601 115 75 fcribes
323 2601 55 75 the
406 2601 95 75 curve
524 2601 65 75 ab-
628 2601 61 75 and
716 2601 26 75 is
770 2601 32 75 in
829 2601 59 75 her
910 2601 63 75 firft
997 2601 133 75 quarter
1145 2601 33 75 at
1194 2601 19 75 b

183 2647 93 75 when
303 2647 56 75 the
383 2647 91 75 earth
501 2647 27 75 is
551 2647 33 75 at
601 2647 44 75 2?.
692 2647 50 75 As
770 2647 55 75 the
837 2647 5 75 .
852 2647 91 75 earth
970 2647 158 75 defcribes
1158 2647 55 75 the

184 2695 95 75 curve
307 2695 30 75 2?
355 2695 20 75 8
395 2695 20 75 9
437 2695 41 75 10
500 2695 35 75 11
563 2695 37 75 12
625 2695 37 75 13
687 2695 53 75 14,
766 2695 55 75 the
848 2695 94 75 moon
970 2695 157 75 defcribes
1157 2695 75 75 the'

184 2741 93 75 curve
295 2741 57 75 d;
379 2741 63 75 and
468 2741 28 75 is
524 2741 32 75 at
584 2741 28 75 c,
639 2741 138 75 oppofife
805 2741 36 75 to
868 2741 55 75 the
950 2741 69 75 fun,
1045 2741 92 75 when
1155 2741 57 75 the

184 2786 89 75 earth
302 2786 27 75 is
353 2786 31 75 at
409 2786 36 75 C.
502 2786 122 75 Whilft
651 2786 54 75 the
734 2786 90 75 earth
848 2786 157 75 defcribes
1033 2786 55 75 the
1117 2786 96 75 curve

184 2835 28 75 C
237 2835 38 75 15
300 2835 40 75 16
363 2835 38 75 17
426 2835 38 75 18
488 2835 39 75 19
554 2835 44 75 20
617 2835 40 75 21
679 2835 58 75 22,
773 2835 55 75 the
852 2835 95 75 moon
975 2835 157 75 defcribes
1156 2835 56 75 the

184 2879 94 75 curve
295 2879 62 75 <r<2;
385 2879 59 75 and
473 2879 26 75 is
526 2879 33 75 in
581 2879 58 75 her
667 2879 89 75 third
784 2879 131 75 quarter
943 2879 32 75 at
1000 2879 25 75 <2
1048 2879 92 75 when
1157 2879 55 75 the
1222 2879 7 75 .

184 2926 90 75 earth
291 2926 27 75 is
335 2926 32 75 at
384 2926 48 75 Z).
482 2926 91 75 Once
599 2926 101 75 more,
724 2926 102 75 whilft
853 2926 56 75 the
936 2926 91 75 earth
1054 2926 158 75 defcribes
1229 2926 5 75 .

183 2974 55 75 the
255 2974 95 75 curve
368 2974 35 75 D
423 2974 40 75 23
484 2974 44 75 24
548 2974 40 75 25
609 2974 43 75 26
671 2974 42 75 27
733 2974 43 75 28
795 2974 59 75 29,
871 2974 56 75 the
943 2974 95 75 moon
1053 2974 177 75 defcribes:

1331 121 43 75 N
1453 121 40 75 O
1572 121 49 75 M
1701 121 52 75 Y.

2225 121 84 75 467

1273 185 55 75 the
1344 185 95 75 curve
1456 185 50 75 Je,
1532 185 62 75 and
1618 185 25 75 is
1674 185 91 75 again
1788 185 33 75 in
1849 185 201 75 conjunction
2067 185 33 75 at
2116 185 18 75 e
2149 185 78 75 with
2251 185 57 75 the

1271 230 54 75 fun
1344 230 92 75 when
1453 230 55 75 the
1525 230 90 75 earth
1632 230 27 75 is
1678 230 32 75 at
1726 230 44 75 E,
1796 230 143 75 between
1963 230 55 75 the
2035 230 83 75 29th
2140 230 61 75 and
2221 230 87 75 30th-

1268 277 64 75 day
1349 277 39 75 of
1395 277 55 75 the
1464 277 123 75 moon’s
1604 277 71 75 age,
1701 277 177 75 accounted
1896 277 42 75 by
1955 277 54 75 the
2027 277 142 75 numeral
2187 277 117 75 figures

1269 324 83 75 from
1369 324 56 75 the
1442 324 69 75 new
1528 324 95 75 moon
1641 324 33 75 at
1691 324 46 75 A.
1771 324 38 75 In
1826 324 178 75 defcribing
2016 324 56 75 the
2084 324 96 75 curve
2191 324 111 75 abode,

1270 371 54 75 the
1342 371 94 75 moon
1454 371 76 75 goes
1548 371 102 75 round
1667 371 55 75 the
1739 371 187 75 progreffive
1951 371 89 75 earth
2060 371 32 75 as
2110 371 101 75 really
2227 371 33 75 as
2277 371 33 75 if

1268 417 50 75 ftie
1334 417 64 75 had
1415 417 76 75 kept
1508 417 31 75 in
1556 417 56 75 the
1628 417 115 75 dotted
1758 417 96 75 circle
1872 417 46 75 A,
1944 417 63 75 and
2023 417 56 75 the
2095 417 92 75 earth
2199 417 103 75 conti-

1267 466 89 75 nued
1367 466 210 75 immoveable
1594 466 33 75 in
1643 466 56 75 the
1716 466 108 75 centre
1841 466 40 75 of
1892 466 70 75 that
1980 466 109 75 circle.

1316 511 77 75 And
1417 511 75 75 thus
1510 511 47 75 we
1573 511 63 75 fee,
1661 511 71 75 that
1749 511 156 75 although
1922 511 55 75 the
1993 511 95 75 moon
2106 511 79 75 goes
2200 511 104 75 round

1268 558 55 75 the
1351 558 92 75 earth
1459 558 32 75 in
1508 558 19 75 a
1543 558 107 75 circle,
1676 558 79 75 with
1772 558 118 75 refpedt
1905 558 35 75 to
1957 558 55 75 the
2034 558 119 75 earth’s
2181 558 123 75 centre,

1267 604 57 75 her
1341 604 66 75 real
1424 604 76 75 path
1518 604 32 75 in
1568 604 55 75 the
1647 604 137 75 heavens
1809 604 26 75 is
1859 604 56 75 not
1938 604 79 75 very
2033 604 150 75 different
2198 604 32 75 in
2248 604 58 75 ap-

1267 651 154 75 pearance
1438 651 84 75 from
1539 651 55 75 the
1612 651 118 75 earth’s
1743 651 90 75 path.
1866 651 57 75 To
1934 651 83 75 ftiew
2029 651 70 75 that
2112 651 55 75 the
2179 651 124 75 moon’s

1267 697 76 75 path
1364 697 27 75 is
1409 697 137 75 concave
1563 697 35 75 to
1616 697 54 75 the
1685 697 69 75 fun,
1779 697 78 75 even
1882 697 32 75 at
1942 697 55 75 the
2015 697 75 75 time
2107 697 40 75 of
2169 697 151 75 change,.

1269 743 25 75 it
1311 743 26 75 is
1356 743 124 75 carried
1496 743 41 75 on
1555 743 18 75 a
1588 743 85 75 little
1690 743 123 75 farther
1829 743 69 75 into
1914 743 19 75 a
1954 743 116 75 fecond
2085 743 157 75 lunation,
2268 743 34 75 as

1270 793 81 49 t0^

1313 837 77 75 The
1406 837 123 75 moon’s
1547 837 143 75 abfolute
1706 837 123 75 motion
1856 837 86 75 from
1969 837 59 75 her
2055 837 121 75 change
2193 837 34 75 to
2244 837 60 75 her

1267 881 63 75 firft
1346 881 144 75 quarter,
1515 881 37 75 or
1568 881 85 75 from
1669 881 20 75 a
1706 881 36 75 to
1758 881 30 75 b,
1809 881 26 75 is
1852 881 34 75 fo
1902 881 94 75 much
2013 881 112 75 flower
2145 881 76 75 than
2246 881 57 75 the

1268 930 131 75 earth’s,
1426 930 70 75 that
1512 930 51 75 ftie
1587 930 73 75 falls
1679 930 67 75 240
1764 930 156 75 thoufahd
1945 930 90 75 miles
2053 930 112 75 (equal
2195 930 34 75 to
2247 930 56 75 the

1267 976 232 75 femidiameter
1515 976 40 75 of
1565 976 58 75 he*f
1640 976 101 75 orbit)
1760 976 119 75 behind
1905 976 55 75 the
1987 976 91 75 earth
2103 976 33 75 at
2160 976 56 75 her
2240 976 64 75 firft

1268 1022 130 75 quarter
1422 1022 31 75 in
1471 1022 30 75 b,
1527 1022 94 75 when
1644 1022 55 75 the
1728 1022 90 75 earth
1835 1022 26 75 is
1879 1022 30 75 in
1928 1022 53 75 5;
2008 1022 70 75 that
2094 1022 39 75 is,
2160 1022 51 75 ftie
2229 1022 73 75 falls

1265 1069 81 75 back
1363 1069 20 75 a
1397 1069 90 75 fpace
1503 1069 95 75 equal
1615 1069 35 75 to
1667 1069 59 75 her
1741 1069 138 75 diftance
1901 1069 85 75 from
1997 1069 55 75 the
2064 1069 105 75 eajth.
2203 1069 100 75 From

1264 1115 70 75 fhat
1350 1115 77 75 time
1443 1115 57 75 her
1517 1115 124 75 morion
1663 1115 27 75 is
1707 1115 168 75 gradually
1892 1115 197 75 accelerated
2105 1115 35 75 to
2157 1115 58 75 her
2243 1115 58 75 op-

1264 1162 131 75 pofition
1412 1162 38 75 or
1469 1162 61 75 full
1555 1162 33 75 at
1604 1162 30 75 e,
1660 1162 63 75 and
1739 1162 77 75 then
1832 1162 52 75 ftie
1904 1162 26 75 is
1954 1162 91 75 come
2067 1162 43 75 up
2135 1162 32 75 as
2194 1162 51 75 far
2268 1162 34 75 as

1265 1208 54 75 the
1336 1208 105 75 earth,
1459 1208 117 75 having
1593 1208 148 75 regained
1758 1208 86 75 what
1861 1208 52 75 ftie
1924 1208 59 75 loft
2000 1208 32 75 in
2049 1208 58 75 her
2123 1208 65 75 firft
2205 1208 116 75 quar-

1263 1254 49 75 ter
1327 1254 86 75 from
1430 1254 20 75 a
1468 1254 35 75 to
1521 1254 30 75 b.
1601 1254 98 75 From
1716 1254 55 75 the
1788 1254 61 75 full
1865 1254 35 75 to
1924 1254 54 75 the
1995 1254 56 75 laft
2068 1254 131 75 quarter
2215 1254 32 75 at
2263 1254 39 75 d,
2312 1254 5 75 .

1263 1301 58 75 her
1337 1301 123 75 motion
1477 1301 164 75 continues
1659 1301 210 75 accelerated,
1894 1301 35 75 fo
1953 1301 33 75 as
2004 1301 35 75 to
2059 1301 39 75 be
2111 1301 64 75 juft
2192 1301 33 75 as
2251 1301 51 75 far

1264 1348 109 75 before
1390 1348 55 75 the
1465 1348 92 75 earth
1577 1348 32 75 at
1628 1348 48 75 D,
1703 1348 33 75 as
1754 1348 52 75 flie
1822 1348 65 75 was
1904 1348 118 75 behind
2050 1348 26 75 it
2097 1348 32 75 at
2157 1348 60 75 her
2236 1348 66 75 firft

1264 1395 129 75 quarter
1410 1395 31 75 in
1460 1395 29 75 b.
1539 1395 78 75 But,
1644 1395 86 75 from
1755 1395 24 75 d
1799 1395 36 75 to
1851 1395 17 75 e
1883 1395 59 75 her
1958 1395 122 75 motion
2097 1395 27 75 is
2149 1395 153 75 retarded

1263 1441 44 75 fo,
1335 1441 70 75 that
1425 1441 52 75 flie
1492 1441 82 75 lofes
1592 1441 33 75 as
1650 1441 98 75 much
1762 1441 80 75 with
1863 1441 119 75 refpedt
1996 1441 36 75 to
2049 1441 55 75 the
2115 1441 91 75 earth
2220 1441 33 75 as
2273 1441 27 75 is

1263 1488 94 75 equal
1375 1488 34 75 to
1424 1488 59 75 her
1500 1488 136 75 diftance
1653 1488 85 75 from
1754 1488 38 75 it,
1818 1488 38 75 or
1878 1488 35 75 to
1933 1488 55 75 the
2012 1488 234 75 femidiameter
2265 1488 44 75 of

1263 1533 58 75 her
1344 1533 110 75 orbit;
1481 1533 62 75 and
1572 1533 42 75 by
1631 1533 72 75 that
1725 1533 107 75 means
1861 1533 51 75 ftie
1938 1533 112 75 comes
2071 1533 35 75 to
2133 1533 28 75 e,
2188 1533 62 75 and
2274 1533 28 75 is

1263 1581 75 75 then
1355 1581 32 75 in
1408 1581 201 75 conjunction
1626 1581 79 75 with
1721 1581 56 75 the
1796 1581 69 75 fun,
1891 1581 33 75 as
1941 1581 71 75 feen
2029 1581 85 75 from
2137 1581 54 75 the
2209 1581 93 75 earth

1263 1626 33 75 at
1312 1626 42 75 E.
1405 1626 112 75 Hence
1544 1626 47 75 we
1612 1626 79 75 find,
1717 1626 70 75 that
1804 1626 55 75 the
1877 1626 124 75 moon’s
2019 1626 143 75 abfolute
2178 1626 124 75 motion

1263 1672 26 75 is
1307 1672 108 75 flower
1431 1672 78 75 than
1536 1672 55 75 the
1619 1672 119 75 earth’s
1763 1672 85 75 fjom
1864 1672 57 75 her
1939 1672 87 75 third
2043 1672 131 75 quarter
2190 1672 35 75 to
2242 1672 60 75 her

1263 1718 64 75 firft
1341 1718 10 75 ;
1378 1718 62 75 and
1460 1718 121 75 fwifter
1598 1718 75 75 than
1691 1718 55 75 the
1763 1718 119 75 earth’s
1899 1718 86 75 from
2000 1718 59 75 her
2080 1718 64 75 firft
2169 1718 132 75 quarter

1263 1765 33 75 to
1313 1765 58 75 her
1388 1765 87 75 third
1487 1765 9 75 :
1523 1765 71 75 Her
1606 1765 76 75 path
1701 1765 93 75 being
1806 1765 60 75 lefs
1879 1765 116 75 curved
2015 1765 75 75 than
2105 1765 56 75 the
2178 1765 121 75 earth’s

1262 1813 32 75 in
1310 1813 55 75 the
1381 1813 122 75 former
1519 1813 81 75 cafe,
1619 1813 62 75 and
1697 1813 89 75 more
1801 1813 32 75 in
1847 1813 55 75 the
1917 1813 109 75 latter.
2075 1813 64 75 Yet
2156 1813 25 75 it
2197 1813 27 75 is
2236 1813 63 75 ftill

1262 1858 75 75 bent
1354 1858 55 75 the
1434 1858 83 75 fame
1545 1858 72 75 way
1643 1858 139 75 towards
1800 1858 56 75 the
1871 1858 77 75 fun;
1977 1858 52 75 for
2044 1858 32 75 if
2095 1858 47 75 we
2160 1858 138 75 imagine

1261 1905 56 75 the
1344 1905 167 75 concavity
1535 1905 41 75 5f
1595 1905 55 75 the
1679 1905 128 75 earth’s-
1825 1905 86 75 orbit
1939 1905 34 75 to
1998 1905 39 75 be
2064 1905 164 75 meafured
2256 1905 44 75 by
2315 1905 7 75 •

1261 1952 55 75 the
1334 1952 110 75 length
1463 1952 40 75 of
1515 1952 19 75 a
1549 1952 242 75 perpendicular
1806 1952 64 75 line
1887 1952 63 75 Cg*
1971 1952 46 75 let
2035 1952 95 75 down
2142 1952 85 75 from
2243 1952 57 75 the

1262 1999 226 75 earth’s.place
1504 1999 84 75 upon
1606 1999 56 75 the
1678 1999 33 75 ft'
1711 1999 98 75 raight
1824 1999 64 75 line
1907 1999 63 75 bgd
1983 1999 33 75 at
2033 1999 56 75 the
2106 1999 60 75 full
2189 1999 39 75 of
2241 1999 57 75 the
2313 1999 6 75 .

1261 2045 109 75 moon,
1396 2045 63 75 and
1471 2045 190 75 connecfling
1684 2045 55 75 the
1756 2045 104 75 places
1878 2045 40 75 of
1933 2045 56 75 the
2006 2045 91 75 earth
2114 2045 33 75 at
2164 2045 55 75 the
2236 2045 63 75 end

1262 2091 39 75 of
1313 2091 55 75 the
1384 2091 125 75 moon’s
1532 2091 66 75 firft
1621 2091 61 75 and
1707 2091 89 75 third
1823 2091 160 75 quarters,
2006 2091 72 75 thqt
2101 2091 111 75 length
2230 2091 68 75 will

1262 2137 38 75 be
1318 2137 97 75 about
1433 2137 70 75 640
1519 2137 156 75 thoufand
1694 2137 110 75 miles;
1823 2137 61 75 and
1901 2137 179 75 the,moon,
2098 2137 92 75 when
2211 2137 83 75 new,
2313 2137 5 75 .

1262 2184 78 75 only
1362 2184 232 75 approaching.
1604 2184 110 75 nearer
1747 2184 36 75 to
1810 2184 56 75 the
1893 2184 67 75 fun,
1975 2184 43 75 by
2041 2184 68 75 240
2138 2184 159 75 thdufand

1260 2230 90 75 miles
1368 2230 78 75 than
1465 2230 57 75 the
1545 2230 92 75 earth
1661 2230 45 75 is,-
1726 2230 56 75 the
1805 2230 110 75 length
1933 2230 40 75 of
1985 2230 53 75 the
2056 2230 239 75 perpendicular

1259 2276 44 75 let
1328 2276 95 75 down
1447 2276 85 75 from
1555 2276 59 75 her
1637 2276 89 75 place
1750 2276 36 75 at
1809 2276 71 75 that
1910 2276 78 75 rime
2014 2276 85 75 upon
2124 2276 55 75 the
2211 2276 84 75 fame

1260 2322 131 75 ftraight
1416 2322 75 75 line,
1517 2322 62 75 and
1594 2322 106 75 which
1718 2322 97 75 (hews
1833 2322 55 75 the
1901 2322 168 75 concavity
2085 2322 40 75 of
2135 2322 70 75 that
2222 2322 74 75 part

1261 2370 39 75 of
1319 2370 58 75 her
1398 2370 89 75 path,
1513 2370 65 75 will
1596 2370 42 75 be
1649 2370 97 75 about
1766 2370 68 75 400
1849 2370 158 75 thoufand
2024 2370 104 75 miles.

1307 2415 76 75 The
1399 2415 125 75 moon’s
1536 2415 76 75 path
1625 2415 94 75 being
1731 2415 138 75 concave
1886 2415 35 75 to
1938 2415 57 75 the
2008 2415 56 75 fun
2082 2415 212 75 throughout,
2311 2415 8 75 ,

1261 2462 203 75 demoftrates
1493 2462 70 75 that
1586 2462 59 75 her
1668 2462 128 75 gravity
1819 2462 145 75 towards
1989 2462 55 75 the
2068 2462 69 75 fun,
2178 2462 33 75 at
2235 2462 60 75 her

1260 2508 214 75 conjunction,
1510 2508 136 75 exceeds
1681 2508 59 75 her
1766 2508 128 75 gravity
1922 2508 138 75 towards
2095 2508 56 75 the
2184 2508 107 75 earth.

1261 2554 77 75 And
1354 2554 31 75 if
1395 2554 49 75 we
1461 2554 140 75 confider
1616 2554 71 75 that
1704 2554 54 75 the
1776 2554 149 75 quantity
1940 2554 41 75 of
1991 2554 116 75 matter
2118 2554 33 75 in
2163 2554 55 75 the
2234 2554 57 75 fun

1260 2603 27 75 is
1303 2603 109 75 almoft
1431 2603 67 75 230
1515 2603 156 75 thoufand
1687 2603 92 75 times
1797 2603 32 75 as
1847 2603 89 75 great
1953 2603 33 75 as
2015 2603 55 75 the
2092 2603 149 75 quantity
2257 2603 42 75 of

1259 2647 114 75 matter
1391 2647 30 75 in
1439 2647 54 75 the
1510 2647 102 75 earth,
1638 2647 62 75 and
1717 2647 70 75 that
1805 2647 53 75 the
1875 2647 167 75 attraction
2060 2647 40 75 of
2115 2647 77 75 each
2206 2647 87 75 body

1260 2694 176 75 diminifties
1450 2694 32 75 as
1496 2694 53 75 the
1566 2694 112 75 fquare
1695 2694 40 75 of
1749 2694 55 75 the
1824 2694 137 75 diftance
1980 2694 82 75 from
2081 2694 25 75 it
2122 2694 168 75 increafes,

1259 2740 47 75 we
1323 2740 75 75 (hall
1415 2740 76 75 fdon
1508 2740 77 75 find,
1611 2740 70 75 that
1697 2740 56 75 the
1769 2740 90 75 point
1875 2740 40 75 of
1929 2740 95 75 equal
2048 2740 167 75 attraction
2234 2740 55 75 be-

1258 2786 102 75 tween
1377 2786 54 75 the
1447 2786 91 75 earth
1554 2786 63 75 and
1633 2786 59 75 the
1712 2786 56 75 fun
1794 2786 27 75 is
1839 2786 97 75 about
1955 2786 44 75 70
2023 2786 158 75 thoufatad
2196 2786 89 75 miles

1259 2832 111 75 nearer
1382 2832 54 75 the
1449 2832 89 75 earth
1551 2832 75 75 than
1639 2832 55 75 the
1711 2832 94 75 moon
1822 2832 26 75 is
1866 2832 32 75 at
1915 2832 58 75 her
1989 2832 135 75 change.
2172 2832 32 75 It
2216 2832 74 75 may

1259 2880 71 75 now
1347 2880 115 75 appear
1481 2880 179 75 furprifing,
1685 2880 72 75 that
1781 2880 54 75 the
1858 2880 95 75 moon
1970 2880 77 75 does
2065 2880 57 75 not
2143 2880 146 75 abandon

1260 2927 53 75 the
1330 2927 89 75 earth
1437 2927 92 75 when
1546 2927 51 75 (he
1625 2927 26 75 is
1678 2927 152 75 between"
1849 2927 26 75 it
1902 2927 63 75 and
1981 2927 55 75 the
2063 2927 68 75 fun,
2151 2927 138 75 .becaufe

1259 2975 50 75 (he
1325 2975 27 75 k
1373 2975 217 75 confiderably
1607 2975 87 75 more
1711 2975 154 75 nitrated
1882 2975 43 75 by
1942 2975 57 75 the
2012 2975 57 75 fun
2085 2975 79 75 than
2173 2975 43 75 by
2233 2975 58 75 the
2306 2975 9 75 :

2199 3025 114 75 earth:s
