2397 3387
517 154 235 75 BAR

138 220 149 75 BARD,
312 220 17 75 a
346 220 77 75 poet
445 220 117 75 among
589 220 55 75 the
671 220 126 75 ancient
814 220 106 75 Gauls
943 220 63 75 and
1026 220 145 75 Britons,

190 267 75 75 who
281 267 182 75 celebrated
489 267 56 75 the
564 267 113 75 praifes
697 267 40 75 of
759 267 129 75 heroes,
912 267 78 75 with
1008 267 18 75 a
1041 267 80 75 view
1140 267 35 75 to

186 313 158 75 inculcate
368 313 117 75 virtue,
512 313 62 75 and
601 313 180 75 fometimes
799 313 34 75 to
851 313 169 75 terminate
1047 313 17 75 a
1080 313 94 75 diffe-

188 361 93 75 rence
298 361 144 75 between
459 361 67 75 two
542 361 113 75 armies
673 361 33 75 at
723 361 54 75 the
794 361 90 75 point
901 361 40 75 of
952 361 223 75 engagement.

187 407 33 75 It
247 407 27 75 is
302 407 137 75 dfputed
465 407 141 75 wherein
634 407 57 75 the
719 407 94 75 bards
845 407 138 75 differed
1011 407 85 75 from
1119 407 56 75 the

189 454 108 75 druids
310 454 8 75 :
348 454 97 75 Some
461 454 136 75 pretend
611 454 72 75 that
707 454 87 75 thefe
811 454 85 75 werd
917 454 55 75 the
988 454 109 75 priefts
1115 454 62 75 and

190 500 220 75 philofophers
428 500 40 75 of
491 500 54 75 the
562 500 121 75 nation,
710 500 63 75 and
790 500 69 75 that
883 500 90 75 thofe
998 500 84 75 were
1098 500 78 75 only

188 549 56 75 the
260 549 91 75 poets
369 549 62 75 and
442 549 188 75 hiftorians;
656 549 59 75 but
730 549 25 75 it
772 549 27 75 is
816 549 89 75 more
929 549 153 75 probable
1106 549 71 75 that

189 595 95 75 druid
300 595 66 75 was
379 595 18 75 a
413 595 129 75 general
565 595 103 75 word,
693 595 270 75 comprehending
980 595 56 75 the
1053 595 122 75 priefts,

189 642 55 75 the
267 642 132 75 judges,
432 642 56 75 the
513 642 182 75 inftrudtors
715 642 40 75 of
775 642 114 75 youth,
919 642 63 75 and
1005 642 56 75 the
1079 642 96 75 bards

192 689 38 75 or
246 689 105 75 poets.

142 736 255 75 BARDANA,
422 736 31 75 in
470 736 134 75 botany.
655 736 61 75 See
732 736 207 75 Arctium.

142 783 220 75 BARDED,
387 783 32 75 in
436 783 163 75 heraldry,
624 783 56 75 the
695 783 84 75 fame
796 783 79 75 with
892 783 214 75 caparifoned.

143 830 282 75 BARDELLE,
458 830 32 75 in
518 830 56 75 the
599 830 146 75 menage,
776 830 20 75 a
810 830 109 75 faddle
946 830 93 75 made
1066 830 32 75 in
1122 830 56 75 the

191 877 83 75 form
293 877 40 75 of
356 877 19 75 a
390 877 90 75 great
496 877 120 75 faddle,
643 877 57 75 but
718 877 75 75 only
809 877 40 75 of
862 877 89 75 cloth
968 877 114 75 fluffed
1098 877 80 75 with

191 923 105 75 ftraw,
322 923 62 75 and
407 923 67 75 tied
491 923 83 75 tight
590 923 96 75 down
705 923 77 75 with
808 923 208 75 packthread,
1041 923 138 75 without

192 971 102 75 either
312 971 136 75 leather,
465 971 109 75 wood,
592 971 38 75 or
645 971 83 75 iron.
770 971 40 75 In
826 971 86 75 Italy
923 971 77 75 they
1012 971 66 75 trot
1095 971 84 75 their

195 1018 80 75 colts
294 1018 77 75 with
390 1018 74 75 fuch
482 1018 136 75 faddles.

146 1064 387 75 BARDESANISTS,
558 1064 32 75 in
614 1064 270 75 church-hiftory,
910 1064 160 75 Chriftian
1087 1064 92 75 here-

192 1112 60 75 tics
276 1112 40 75 of
327 1112 56 75 the
406 1112 115 75 fecond
543 1112 144 75 century,
713 1112 74 75 who
813 1112 195 75 piaintained
1036 1112 70 75 that
1123 1112 55 75 the

193 1157 84 75 devil
295 1157 63 75 was
369 1157 19 75 a
405 1157 209 75 felf-exiftent
630 1157 218 75 independent
862 1157 95 75 being
969 1157 9 75 ;
1006 1157 70 75 that
1085 1157 92 75 Jefus

192 1205 107 75 Chrift
317 1205 63 75 was
394 1205 56 75 not
466 1205 81 75 born
559 1205 39 75 of
610 1205 19 75 a
645 1205 138 75 woman,
800 1205 59 75 but
875 1205 141 75 brought
1029 1205 49 75 his
1091 1205 88 75 body

193 1251 79 75 with
290 1251 66 75 him
374 1251 84 75 from
474 1251 121 75 heaven
609 1251 12 75 ;
647 1251 63 75 and
723 1251 117 75 denied
857 1251 57 75 the
925 1251 206 75 refurre&ion
1144 1251 40 75 of

193 1299 56 75 the
266 1299 99 75 body.

146 1346 315 75 BARDEWICK,
480 1346 18 75 a
513 1346 89 75 town
618 1346 32 75 in
668 1346 120 75 Lower
801 1346 133 75 Saxony
949 1346 32 75 in
999 1346 180 75 Germany,

193 1393 97 75 about
305 1393 92 75 feven
415 1393 89 75 miles
528 1393 96 75 north
650 1393 40 75 of
702 1393 211 75 Lunenburg.
962 1393 33 75 It
1011 1393 25 75 is
1061 1393 119 75 fubjedt

193 1441 35 75 to
244 1441 56 75 the
323 1441 117 75 eledtor
463 1441 41 75 of
523 1441 165 75 Hanover,
714 1441 62 75 and
792 1441 134 75 fituated
942 1441 33 75 in
996 1441 63 75 io°
1133 1441 45 75 E.

194 1488 87 75 long,
300 1488 62 75 and
381 1488 40 75 53
421 1470 25 49 0
460 1488 57 75 4c/
533 1488 48 75 N.
598 1488 59 75 lat.

147 1534 175 75 BARDS,
348 1534 141 75 Bardi.
541 1534 62 75 See
619 1534 123 75 Bard.

147 1582 146 75 Bards,
318 1582 32 75 in
375 1582 54 75 the
446 1582 50 75 art
520 1582 41 75 of
581 1582 153 75 cookery,
766 1582 102 75 broad
891 1582 88 75 flices
1002 1582 40 75 of
1063 1582 116 75 bacon,

195 1628 79 75 with
292 1628 104 75 which
421 1628 130 75 pullets,
577 1628 129 75 capons,
733 1628 143 75 pigeons,
905 1628 66 75 6'c.
997 1628 53 75 are
1077 1628 100 75 fome-

193 1675 94 75 times
300 1675 149 75 covered,
461 1675 110 75 before
584 1675 77 75 they
671 1675 53 75 are
734 1675 134 75 roafted,
885 1675 118 75 baked,
1019 1675 39 75 or
1069 1675 109 75 other-

197 1722 74 75 wife
287 1722 135 75 dreffed.

148 1770 185 75 BARDT,
359 1770 18 75 a
393 1770 177 75 port-town
582 1770 40 75 of
632 1770 202 75 Pomerania,
851 1770 32 75 in
901 1770 187 75 Germany;
1115 1770 26 75 it
1153 1770 27 75 is

196 1816 119 75 fubjedt
331 1816 35 75 to
380 1816 150 75 Sweden,
545 1816 64 75 and
620 1816 134 75 fituated
765 1816 33 75 in
812 1816 38 75 13
850 1798 26 49 0
888 1816 44 75 20
954 1816 44 75 E.
1015 1816 89 75 long,
1116 1816 64 75 and

203 1864 43 75 54
246 1846 17 49 0
283 1864 55 75 20'
355 1864 48 75 N.
420 1864 57 75 lat.

150 1909 233 75 BAREITH,
409 1909 18 75 a
442 1909 88 75 town
548 1909 40 75 of
610 1909 177 75 Franconia
803 1909 31 75 in
851 1909 180 75 Germany,
1147 1909 33 75 in

197 1956 56 75 the
269 1956 210 75 margraviate
498 1956 40 75 of
549 1956 171 75 Culbach;
734 1956 45 75 ,in
803 1956 36 75 12
839 1938 24 49 0
878 1956 47 75 20
925 1938 8 49 /
950 1956 44 75 E.
1010 1956 90 75 long,
1118 1956 63 75 and

202 2004 59 75 50°
279 2004 46 75 N.
345 2004 45 75 lat

150 2050 285 75 BARENTON,
462 2050 18 75 a
495 2050 87 75 town
598 2050 40 75 of
647 2050 101 75 lower
766 2050 194 75 Normandy
972 2050 32 75 in
1020 2050 136 75 France.

151 2096 220 75 BAR-FEE,
398 2096 18 75 a
432 2096 50 75 fee
499 2096 41 75 of
551 2096 122 75 twenty
690 2096 97 75 pence
804 2096 106 75 which
927 2096 96 75 every
1039 2096 143 75 prifoner

200 2142 162 75 acquitted
374 2142 39 75 of
425 2142 111 75 felony
557 2142 77 75 pays
652 2142 35 75 to
703 2142 55 75 the
771 2142 121 75 goaler.

151 2190 275 75 BARFLEUR,
444 2190 19 75 a
473 2190 87 75 town
573 2190 63 75 and
645 2190 76 75 cape
734 2190 39 75 of
780 2190 203 75 Normandy,
1001 2190 32 75 in
1046 2190 135 75 France,

200 2236 97 75 about
320 2236 38 75 12
386 2236 90 75 miles
497 2236 64 75 eaft
579 2236 41 75 ofj
636 2236 172 75 Cherburg
822 2236 10 75 ;
858 2236 32 75 in
912 2236 36 75 i°
969 2236 52 75 15'
1041 2236 62 75 W.
1120 2236 63 75 and

200 2284 46 75 49
246 2266 17 49 0
282 2284 43 75 47
325 2266 13 49 /
338 2284 13 75 .
369 2284 49 75 N.
433 2284 62 75 lat.
514 2284 13 75 »

153 2330 181 75 BARGE,
358 2330 33 75 in
409 2330 90 75 naval
516 2330 123 75 affairs,
665 2330 19 75 a
698 2330 78 75 boat
792 2330 41 75 of
848 2330 78 75 ftate
949 2330 63 75 and
1027 2330 155 75 pleafure,

200 2376 142 75 adorned
359 2376 79 75 with
450 2376 126 75 various
587 2376 195 75 ornaments,
799 2376 118 75 having
928 2376 86 75 bales
1027 2376 63 75 and
1100 2376 82 75 tilts,

199 2423 62 75 and
296 2423 80 75 feats
408 2423 136 75 covered
574 2423 79 75 with
685 2423 144 75 cufhions
857 2423 62 75 and
948 2423 137 75 carpets,
1122 2423 63 75 and

199 2470 139 75 benches
362 2470 52 75 for
440 2470 97 75 many
557 2470 94 75 oars;
685 2470 34 75 as
743 2470 56 75 the
817 2470 228 75 lord-mayor’s
1073 2470 110 75 barge,

199 2521 20 75 a
234 2521 185 75 company’s
434 2521 110 75 barge,
569 2521 38 75 an
625 2521 161 75 admiral’s
803 2521 109 75 barge,
930 2521 65 75 be.
1044 2521 33 75 It
1093 2521 26 75 is
1137 2521 46 75 al-

198 2566 35 75 fo
249 2566 55 75 the
320 2566 91 75 name
428 2566 40 75 of
480 2566 18 75 a
513 2566 240 75 flat-bottomed
768 2566 95 75 velfel
874 2566 169 75 employed
1054 2566 52 75 for
1117 2566 55 75 car

199 2612 94 75 rying
309 2612 101 75 goods
427 2612 31 75 in
484 2612 19 75 a
526 2612 165 75 navigable
715 2612 104 75 river;
846 2612 32 75 as
901 2612 90 75 thofe
1018 2612 87 75 upon
1130 2612 55 75 the

203 2657 84 75 river
302 2657 162 75 Thames,
484 2657 104 75 called
602 2657 229 75 weft-country^
853 2657 125 75 barges.

154 2705 149 75 Barge,
327 2705 33 75 in
377 2705 218 75 ornithology.
646 2705 63 75 See
725 2705 206 75 Scolopax.

154 2752 289 75 BARGE-coa/’/er,
468 2752 31 75 in
527 2752 220 75 architedlure,
773 2752 19 75 a
820 2752 91 75 beam
939 2752 151 75 mortifed
1115 2752 69 75 into

204 2797 145 75 another,
376 2797 41 75 to.
436 2797 182 75 ftrengthen
634 2797 55 75 the
704 2797 157 75 building.

156 2845 271 75 BARGE-caar/k,
451 2845 78 75 with
558 2845 208 75 bricklayers,
793 2845 18 75 a
834 2845 83 75 term
937 2845 76 75 ufed
1038 2845 52 75 for
1113 2845 71 75 that

204 2892 71 75 part
299 2892 40 75 of
374 2892 56 75 the
453 2892 93 75 tiling
573 2892 106 75 which
705 2892 136 75 projects
866 2892 76 75 over
965 2892 142 75 without
1130 2892 56 75 the

201 2938 154 75 principal
372 2938 130 75 rafters,
527 2938 32 75 in
572 2938 41 75 all
630 2938 82 75 forts
729 2938 39 75 of
776 2938 171 75 buildings,
973 2938 106 75 where
1093 2938 92 75 there

204 2984 26 75 is
252 2984 102 75 either
378 2984 18 75 a
419 2984 94 75 gable
530 2984 36 75 or
583 2984 19 75 a
616 2984 218 75 kirkin-head.
883 2984 63 75 See
969 2984 133 75 Gable
1122 2984 65 75 and

199 3032 125 75 Head,

1628 154 233 75 BAR

1222 220 328 75 BARGEMONT.
1576 220 19 75 a
1611 220 87 75 town
1715 220 41 75 of
1766 220 164 75 Provence
1946 220 32 75 in
1996 220 133 75 France,
2154 220 32 75 in
2202 220 57 75 the

1271 268 123 75 diocefe
1411 268 41 75 of
1467 268 127 75 Frejus.

1222 314 248 75 BARILLIA,
1504 314 18 75 a
1546 314 77 75 kind
1646 314 42 75 of
1706 314 131 75 Spanifh
1865 314 139 75 pot-afh,
2038 314 77 75 ufed
2141 314 32 75 in
2203 314 55 75 the

1272 360 202 75 glals-trade.

1224 409 189 75 BARING
1430 409 42 75 o/'
1472 409 105 75 /tisr.r,
1601 409 32 75 in
1650 409 207 75 agriculture,
1882 409 56 75 the
1950 409 110 75 taking
2072 409 89 75 away
2173 409 87 75 fome

1272 454 39 75 of
1322 454 55 75 the
1394 454 91 75 earth
1502 454 99 75 about
1621 454 55 75 the
1694 454 101 75 roots,
1820 454 71 75 that
1912 454 54 75 the
1983 454 197 75 winter-rain
2198 454 63 75 and

1272 501 204 75 fnow-water
1491 501 73 75 may
1582 501 163 75 penetrate
1762 501 125 75 further
1899 501 69 75 into
1980 501 55 75 the
2048 501 101 75 roots.
2174 501 85 75 This

1274 547 26 75 is
1318 547 184 75 frequently
1520 547 153 75 pra&ifed
1689 547 31 75 in
1738 547 55 75 the
1810 547 144 75 autumn.

1225 596 227 75 BARJOLS,
1478 596 19 75 a
1521 596 88 75 town
1632 596 41 75 of
1694 596 164 75 Provence
1874 596 33 75 in
1924 596 134 75 France,
2083 596 33 75 in
2141 596 44 75 6°

1274 641 43 75 E.
1344 641 88 75 long,
1459 641 62 75 and
1540 641 41 75 43
1581 623 25 49 0
1629 641 51 75 qb'
1698 641 48 75 N.
1759 641 58 75 lat.

1226 689 262 75 BARIPICNI,
1515 689 37 75 or
1577 689 114 75 Suoni
1712 689 226 75 Baripicni,
1964 689 31 75 in
2013 689 109 75 mufic,
2147 689 114 75 fignify

1274 739 31 75 in
1323 739 126 75 general
1467 739 62 75 any
1544 739 77 75 low,
1647 739 108 75 grave,
1782 739 36 75 or
1835 739 80 75 deep
1935 739 112 75 found.

1226 783 143 75 BARK,
1396 783 31 75 in
1445 783 55 75 the
1517 783 151 75 anatomy
1690 783 40 75 of
1749 783 117 75 plants,
1894 783 55 75 the
1977 783 143 75 exterior
2136 783 72 75 part
2224 783 43 75 of

1274 830 96 75 trees,
1396 830 246 75 correfponding
1666 830 34 75 to
1720 830 55 75 the
1799 830 67 75 fldn
1889 830 40 75 of
1948 830 39 75 an
2012 830 128 75 animal.
2199 830 62 75 See

1273 877 307 75 Agriculture,
1607 877 19 75 p
1660 877 58 75 43.

1227 923 122 75 Bark,
1375 923 36 75 or
1437 923 174 75 Jesuit’s
1628 923 123 75 Bark,
1776 923 26 75 is
1824 923 17 75 a
1859 923 90 75 name
1965 923 91 75 given
2074 923 43 75 by
2132 923 72 75 way
2226 923 40 75 of

1275 970 161 75 eminence
1452 970 35 75 to
1510 970 56 75 the
1586 970 190 75 quinquina.
1826 970 62 75 See
1904 970 248 75 Quinquina.

1227 1017 122 75 Bark,
1375 1017 32 75 in
1424 1017 195 75 navigation,
1645 1017 19 75 a
1680 1017 82 75 little
1787 1017 92 75 veffel
1907 1017 78 75 with
2011 1017 66 75 two
2105 1017 37 75 or
2170 1017 92 75 three

1275 1064 175 75 triangular
1465 1064 92 75 fails;
1582 1064 71 75 but,
1670 1064 171 75 according
1857 1064 35 75 to
1908 1064 141 75 Guillet,
2074 1064 24 75 it
2115 1064 26 75 is
2160 1064 18 75 a
2193 1064 68 75 vef-

1274 1111 46 75 fel
1334 1111 78 75 with
1432 1111 90 75 three
1539 1111 107 75 marts,
1664 1111 71 75 viz.
1761 1111 18 75 a
1791 1111 188 75 main-maft,
2007 1111 174 75 fore-maft,
2200 1111 63 75 and

1274 1160 212 75 mizen-maft.
1537 1160 32 75 It
1586 1160 117 75 carries
1721 1160 98 75 about
1835 1160 66 75 two
1917 1160 148 75 hundred
2081 1160 84 75 tons.

1227 1206 214 75 BARKAN,
1467 1206 19 75 a
1514 1206 87 75 town
1629 1206 40 75 of
1688 1206 169 75 Hungary,
1883 1206 198 75 remarkable
2113 1206 51 75 for
2195 1206 68 75 two

1275 1252 146 75 vidtories
1446 1252 106 75 which
1566 1252 56 75 the
1645 1252 177 75 Chriftians
1839 1252 151 75 obtained
2006 1252 91 75 there
2114 1252 77 75 over
2207 1252 56 75 the

1274 1298 125 75 Turks,
1425 1298 55 75 the
1501 1298 59 75 one
1577 1298 32 75 in
1634 1298 101 75 1664,
1760 1298 64 75 and
1847 1298 55 75 the
1924 1298 93 75 other
2034 1298 32 75 in
2087 1298 103 75 1683.

1228 1345 245 75 BARKARY,
1499 1345 18 75 a
1538 1345 181 75 tan-houfe,
1745 1345 38 75 or
1799 1345 89 75 place
1905 1345 50 75 for
1975 1345 136 75 keeping
2127 1345 92 75 bark,

1227 1394 276 75 fStiKK-binding,
1530 1394 17 75 a
1563 1394 168 75 diftemper
1751 1394 140 75 incident
1919 1394 35 75 to
1978 1394 97 75 trees,
2102 1394 100 75 cured
2218 1394 44 75 by

1276 1439 118 75 flitting
1410 1439 55 75 the
1482 1439 92 75 bark,
1592 1439 36 75 or
1641 1439 125 75 cutting
1784 1439 94 75 along
1895 1439 55 75 the
1970 1439 102 75 grain.

1228 1486 265 75 Bark-galling,
1517 1486 27 75 is
1562 1486 92 75 when
1672 1486 55 75 the
1743 1486 84 75 trees
1851 1486 54 75 are
1921 1486 107 75 galled
2040 1486 79 75 with
2135 1486 126 75 thorns,

1277 1533 62 75 be.
1390 1533 31 75 It
1441 1533 26 75 is
1485 1533 98 75 cured
1600 1533 42 75 by
1658 1533 131 75 binding
1806 1533 72 75 clay
1894 1533 41 75 on
1952 1533 55 75 the
2020 1533 107 75 galled
2143 1533 119 75 places.

1228 1580 253 75 BARK-/«;z£Mf,
1507 1580 38 75 or
1563 1580 132 75 Barca
1714 1580 108 75 longa,
1840 1580 19 75 a
1874 1580 91 75 fmall
1980 1580 64 75 low
2061 1580 202 75 ftiarp-built,

1276 1626 56 75 but
1360 1626 79 75 very
1465 1626 77 75 long
1568 1626 92 75 veflel
1686 1626 138 75 without
1841 1626 19 75 a
1874 1626 95 75 deck.
2019 1626 32 75 It
2076 1626 77 75 goes
2181 1626 81 75 with

1274 1674 71 75 fails
1362 1674 62 75 and
1440 1674 83 75 oars,
1551 1674 61 75 and
1629 1674 26 75 is
1673 1674 77 75 very
1765 1674 146 75 common
1935 1674 33 75 in
1986 1674 110 75 Spain.

1227 1722 423 75 BARKHAMSTEAD,
1677 1722 19 75 a
1722 1722 229 75 market-town
1967 1722 31 75 in
2023 1722 56 75 the
2102 1722 74 75 weft
2192 1722 72 75 part

1275 1767 40 75 of
1326 1767 254 75 Hertfordlhire,
1607 1767 97 75 about
1720 1767 147 75 eighteen
1890 1767 91 75 miles
2010 1767 74 75 weft
2108 1767 39 75 of
2160 1767 104 75 Hert-

1276 1814 85 75 ford,
1387 1814 32 75 in
1438 1814 32 75 4'
1485 1814 62 75 W.
1565 1814 89 75 long,
1680 1814 62 75 and
1766 1814 39 75 5i
1805 1796 26 49 p
1852 1814 55 75 40'
1924 1814 47 75 N.
1989 1814 58 75 lat.

1229 1861 237 75 BARKING,
1492 1861 19 75 a
1533 1861 109 75 filhing
1660 1861 86 75 town
1776 1861 40 75 of
1838 1861 112 75 Eflex,
1975 1861 135 75 fituated
2137 1861 42 75 on
2208 1861 55 75 the

1278 1906 83 75 river
1375 1906 159 75 Thames,
1559 1906 98 75 about
1673 1906 88 75 eight
1785 1906 90 75 miles
1892 1906 63 75 eaft
1978 1906 40 75 of
2029 1906 153 75 London.

1229 1954 181 75 Barking
1440 1954 43 75 of
1499 1954 97 75 trees,
1632 1954 55 75 the
1713 1954 125 75 peeling
1866 1954 53 75 off
1942 1954 56 75 the
2025 1954 73 75 rind
2114 1954 38 75 or
2169 1954 92 75 bark.

1277 2000 84 75 This
1385 2000 80 75 muft
1492 2000 40 75 be
1555 2000 96 75 done,
1677 2000 32 75 in
1735 2000 60 75 our
1811 2000 140 75 climate,
1976 2000 32 75 in
2025 2000 56 75 the
2097 2000 113 75 month
2227 2000 42 75 of

1277 2047 96 75 May,
1399 2047 131 75 becaufe
1552 2047 33 75 at
1608 2047 71 75 that
1703 2047 78 75 time
1807 2047 55 75 the
1886 2047 53 75 fap
1956 2047 39 75 of
2017 2047 56 75 the
2089 2047 68 75 tree
2173 2047 89 75 fepa-

1277 2095 83 75 rates
1377 2095 56 75 the
1448 2095 78 75 bark
1545 2095 83 75 from
1645 2095 56 75 the
1714 2095 108 75 wood.
1855 2095 32 75 It
1904 2095 108 75 would
2028 2095 40 75 be
2084 2095 78 75 very
2178 2095 85 75 diffi-

1278 2140 65 75 cult
1360 2140 36 75 to
1411 2140 142 75 perform
1576 2140 25 75 it
1622 2140 33 75 at
1678 2140 62 75 any
1756 2140 94 75 other
1866 2140 76 75 time
1959 2140 40 75 of
2018 2140 56 75 the
2091 2140 88 75 year,
2203 2140 60 75 un-

1276 2189 60 75 lefs
1353 2189 56 75 the
1425 2189 107 75 feafon
1549 2189 65 75 was
1630 2189 180 75 extremely
1826 2189 63 75 wet
1913 2189 64 75 and
1993 2189 101 75 rainy,
2121 2189 50 75 for
2188 2189 77 75 heat

1277 2235 61 75 and
1354 2235 131 75 drynefs
1502 2235 53 75 are
1572 2235 18 75 a
1605 2235 80 75 very
1702 2235 91 75 great
1807 2235 191 75 hinderance
2013 2235 36 75 to
2064 2235 39 75 it.

1229 2283 242 75 BARKLEY,
1497 2283 18 75 a
1539 2283 226 75 market-town
1794 2283 41 75 of
1856 2283 284 75 Gloucefterffiire,
2166 2283 98 75 about

1278 2330 108 75 fifteen
1398 2330 91 75 miles
1499 2330 185 75 fouth-weft
1695 2330 41 75 of
1742 2330 204 75 Gloucefter,
1958 2330 32 75 in
2004 2330 18 75 2
2022 2312 25 49 0
2061 2330 55 75 35^
2126 2330 57 75 W.
2194 2330 67 75 Ion.

1277 2375 61 75 and
1354 2375 59 75 51°
1427 2375 56 75 4c/
1494 2375 47 75 N.
1555 2375 58 75 lat.

1231 2424 259 75 BARKWAY,
1523 2424 20 75 a
1570 2424 228 75 market-town
1822 2424 33 75 in
1883 2424 253 75 Hertfordffiire,
2161 2424 103 75 under

1279 2470 54 75 the
1350 2470 154 75 meridian
1528 2470 40 75 of
1586 2470 154 75 London,
1766 2470 63 75 and
1852 2470 111 75 fifteen
1991 2470 91 75 miles
2111 2470 91 75 fouth
2228 2470 41 75 of

1278 2517 203 75 Cambridge.

1231 2565 282 75 BARLEDUC,
1538 2565 56 75 the
1611 2565 114 75 capital
1750 2565 40 75 of
1807 2565 57 75 the
1880 2565 108 75 duchy
2012 2565 41 75 of
2071 2565 78 75 Bar.
2200 2565 65 75 See

1278 2610 92 75 Bar.

1232 2658 323 75 BARLEMONT,
1582 2658 18 75 a
1624 2658 87 75 town
1739 2658 40 75 of
1801 2658 166 75 Hainault,
1993 2658 31 75 in
2052 2658 56 75 the
2137 2658 125 75 French

1278 2705 229 75 Netherlands,
1534 2705 134 75 fituated
1684 2705 41 75 on
1746 2705 55 75 the
1821 2705 83 75 river
1926 2705 145 75 Sambre,
2097 2705 97 75 about
2211 2705 51 75 fif-

1278 2750 72 75 teen
1383 2750 90 75 miles
1501 2750 93 75 fouth
1618 2750 41 75 of
1685 2750 113 75 Mons.
1830 2750 77 75 m3
1907 2732 25 49 0
1950 2750 47 75 40
1997 2732 10 49 /
2023 2750 45 75 E.
2084 2750 89 75 long,
2199 2750 64 75 and

1282 2798 64 75 50°
1370 2798 39 75 to
1409 2780 12 49 7
1444 2798 47 75 N.
1508 2798 58 75 lat.

1231 2845 281 75 BARLETTA,
1537 2845 18 75 a
1572 2845 175 75 port-town
1764 2845 42 75 of
1815 2845 105 75 Barri,
1938 2845 31 75 in
1986 2845 56 75 the
2058 2845 152 75 kingdom
2227 2845 41 75 of

1280 2890 133 75 Naples,
1439 2890 131 75 fituated
1602 2890 41 75 on
1667 2890 55 75 the
1746 2890 75 75 gulf
1838 2890 39 75 of
1898 2890 134 75 Venice,
2057 2890 206 75 twenty-two

1278 2937 91 75 miles
1386 2937 74 75 weft
1475 2937 41 75 of
1528 2937 104 75 Barri,
1659 2937 30 75 in
1712 2937 58 75 17°
1787 2937 44 75 E.
1848 2937 88 75 long,
1962 2937 61 75 and
2041 2937 62 75 41°
2121 2937 47 75 N.
2185 2937 60 75 lat.

1232 2986 206 75 BARLEY,
1461 2986 34 75 in
1513 2986 131 75 botany.
1694 2986 62 75 See
1772 2986 217 75 Hordeum.
2086 3033 187 75 Barley--

1070 166 18 75 (
1147 166 80 75 522
1289 166 18 75 )
