2517 3387
804 217 34 75 B
959 216 40 75 O
1116 216 41 75 T
1273 216 40 75 A
1429 216 41 75 N
1595 216 46 75 V.

2204 225 78 75 635

169 376 153 75 SEC
352 376 49 75 T.
475 376 44 75 II.
635 376 66 75 Of
732 376 67 75 the
841 376 211 75 Method
1089 376 47 75 of
1168 376 181 75 reducing
1388 376 189 75 Plants
1616 376 36 75 to
1686 376 216 75 Classes,
1946 376 201 75 Orders,
2193 376 86 75 Ge-

228 431 131 75 nera,
400 431 84 75 and
518 431 219 75 Species;
781 431 84 75 and
893 431 47 75 of
969 431 276 75 invefligating
1282 431 103 75 their
1425 431 209 75 generic
1673 431 86 75 and
1799 431 213 75 specific
2051 431 153 75 names
2234 431 46 75 by

225 487 148 75 certain
403 487 150 75 marks
584 487 41 75 or
652 487 302 75 characters.

167 595 87 75 "'Oc
254 577 15 49 r
269 595 33 75 E
325 595 154 75 obferved
494 595 32 75 in
543 595 54 75 the
613 595 119 75 former
753 595 128 75 feftion,
907 595 69 75 that
999 595 32 75 in
1049 595 55 75 the
1121 595 73 75 pro-

193 641 20 75 ^
229 641 16 75 ’
318 641 83 75 grefs
419 641 41 75 of
477 641 64 75 this
557 641 71 75 part
644 641 40 75 of
702 641 118 75 botany
843 641 94 75 many
953 641 150 75 different
1128 641 66 75 me-

166 686 97 75 thods
280 686 65 75 had
360 686 80 75 been
457 686 153 75 followed
626 686 43 75 by
683 686 149 75 different
850 686 142 75 authors.
1043 686 151 75 Casfalpi-

166 732 69 75 nus,
262 732 32 75 R
305 732 43 75 iy,
374 732 176 75 Bauhinus,
574 732 74 75 Van
663 732 128 75 Royan,
816 732 146 75 Ricinus,
979 732 216 75 Tournefort,

166 779 165 75 Linnteus,
358 779 173 75 Sauvages,
555 779 80 75 have
658 779 78 75 each
761 779 138 75 adopted
922 779 22 75 a
965 779 139 75 peculiar
1131 779 65 75 me-

167 824 81 75 thod
262 824 40 75 of
319 824 248 75 chara&erizing
584 824 61 75 and
661 824 125 75 claffing
809 824 117 75 plants.
975 824 32 75 It
1032 824 110 75 would
1158 824 40 75 be

167 870 112 75 foolifli
296 870 34 75 to
345 870 124 75 diffrad
485 870 55 75 the
563 870 155 75 attention
735 870 40 75 of
793 870 56 75 the
873 870 112 75 reader
1010 870 43 75 by
1080 870 39 75 an
1139 870 57 75 ex-

167 918 159 75 planation
343 918 40 75 of
402 918 40 75 all
460 918 87 75 thefe
560 918 161 75 methods.
769 918 68 75 We
854 918 76 75 fhall
948 918 162 75 therefore
1122 918 74 75 pro-

167 964 76 75 ceed
262 964 35 75 to
320 964 127 75 explain
471 964 71 75 that
566 964 40 75 of
626 964 163 75 Linnaeus,
813 964 107 75 which
944 964 27 75 is
988 964 135 75 perhaps
1142 964 55 75 the

166 1007 74 75 only
257 1007 59 75 one
333 1007 71 75 now
420 1007 114 75 taught
546 1007 31 75 in
591 1007 142 75 Europe.

212 1056 84 75 This
322 1056 132 75 method
481 1056 40 75 of
540 1056 150 75 reducing
718 1056 104 75 plants
851 1056 35 75 to
913 1056 122 75 claffes,
1068 1056 127 75 genera,

168 1103 62 75 and
245 1103 128 75 fpecies,
397 1103 27 75 is
441 1103 141 75 founded
606 1103 84 75 upon
716 1103 54 75 the
794 1103 189 75 fuppofition
1009 1103 68 75 that
1100 1103 93 75 vege-

167 1149 99 75 tables
280 1149 171 75 propagate
464 1149 84 75 their
560 1149 117 75 fpecies
689 1149 32 75 in
734 1149 18 75 a
764 1149 131 75 manner
906 1149 114 75 fimilar
1033 1149 34 75 to
1079 1149 70 75 that
1162 1149 40 75 of

167 1195 142 75 animals.
357 1195 152 75 Linnteus
527 1195 195 75 endeavours
739 1195 35 75 to
789 1195 131 75 fupport
935 1195 66 75 this
1017 1195 181 75 hypoihefis

1244 594 43 75 by
1304 594 54 75 the
1377 594 93 75 many
1487 594 159 75 analogies
1667 594 69 75 that
1755 594 108 75 fubhft
1887 594 141 75 between
2047 594 103 75 plants
2167 594 62 75 and
2247 594 30 75 a-

1244 640 123 75 nimals,
1393 640 106 75 which
1516 640 76 75 (hail
1610 640 39 75 be
1672 640 89 75 more
1784 640 207 75 particularly
2015 640 131 75 pointed
2168 640 57 75 out
2247 640 34 75 in

1243 687 55 75 the
1314 687 89 75 third
1418 687 129 75 fe&ion.
1597 687 32 75 It
1645 687 26 75 is
1688 687 86 75 from
1790 687 62 75 this
1869 687 224 75 circutnftance
2110 687 71 75 that
2198 687 81 75 Lin-

1245 732 112 75 nams’s
1374 732 112 75 fyftem
1503 732 37 75 of
1562 732 120 75 botany
1697 732 57 75 has
1771 732 57 75 got
1844 732 56 75 the
1915 732 92 75 name
2029 732 41 75 of
2087 732 56 75 the
2160 732 123 75 Jexuat

1235 780 126 75 fjftem.
1411 780 76 75 The
1511 780 106 75 names
1640 780 41 75 of
1699 780 50 75 his
1774 780 120 75 ciaffes,
1919 780 124 75 orders,
2069 780 63 75 <hc.
2160 780 53 75 are
2238 780 43 75 all

1246 824 132 75 derived
1394 824 83 75 from
1488 824 64 75 this
1568 824 128 75 theory.
1737 824 53 75 He
1803 824 79 75 calls,
1894 824 55 75 the
1961 824 130 75 ftamina
2103 824 40 75 of
2154 824 125 75 flowers

1246 872 55 75 the
1318 872 112 75 males,
1456 872 37 75 or
1510 872 54 75 the
1581 872 81 75 male
1679 872 87 75 parts
1788 872 41 75 of
1847 872 206 75 generation;
2081 872 62 75 and
2159 872 55 75 the
2230 872 48 75 pi-

1245 918 63 75 fHls
1324 918 155 75 females,
1504 918 39 75 or
1559 918 54 75 the
1630 918 114 75 female
1760 918 88 75 parts
1865 918 41 75 of
1924 918 197 75 generation.
2166 918 113 75 Plants

1245 964 105 75 whofe
1366 964 125 75 flowers
1514 964 129 75 contain
1667 964 78 75 both
1767 964 83 75 male
1874 964 62 75 and
1960 964 114 75 female
2100 964 101 75 parts,
2226 964 54 75 are

1244 1011 66 75 faid
1326 1011 35 75 to
1377 1011 40 75 be
1432 1011 283 75 hermaphrodites,
1740 1011 59 75 &c.
1851 1011 62 75 His
1930 1011 120 75 claffes,
2075 1011 124 75 orders,
2217 1011 64 75 and

1244 1057 129 75 genera,
1398 1057 53 75 are
1468 1057 42 75 ah
1527 1057 130 75 derived
1674 1057 85 75 from
1775 1057 57 75 the
1850 1057 145 75 number,
2020 1057 159 75 fituation,
2206 1057 73 75 pro-

1244 1103 142 75 portion,
1407 1103 64 75 and
1495 1103 94 75 other
1616 1103 240 75 circumftances
1881 1103 164 75 attending
2070 1103 86 75 tliefe
2177 1103 100 75 parts,

1246 1151 32 75 as
1295 1151 66 75 will
1378 1151 114 75 appear
1508 1151 85 75 from
1611 1151 55 75 the
1683 1151 167 75 following
1866 1151 136 75 fcheme.

433 1307 311 75 SCHEME
794 1307 50 75 of
874 1307 61 75 the
979 1307 243 75 Sexual
1268 1307 260 75 System.

1690 1307 66 75 See
1785 1307 114 75 Plate
1933 1307 115 75 LIU.

260 1391 116 75 Either
398 1391 153 75 publicly,
578 1391 24 75 i.
624 1391 29 75 e.
679 1391 81 75 have
776 1391 108 75 vilible
901 1391 137 75 flowers.

310 1438 10 75 '
330 1438 217 75 Monoclinia,
572 1438 98 75 males
687 1438 61 75 and
764 1438 131 75 females
911 1438 32 75 in
960 1438 55 75 the
1032 1438 82 75 fame
1139 1438 162 75 bed:—/.
1319 1438 27 75 e.
1372 1438 77 75 The
1474 1438 125 75 flowers
1625 1438 52 75 are
1700 1438 43 75 all
1768 1438 273 75 hermaphrodite,
2073 1438 118 75 having
2214 1438 61 75 ila-

612 1485 83 75 mina
710 1485 61 75 and
789 1485 99 75 piliils
905 1485 31 75 in
952 1485 56 75 the
1025 1485 83 75 fame
1125 1485 125 75 flower..

375 1530 16 75 f
401 1530 185 75 Diffinitas,
611 1530 56 75 the
684 1530 98 75 males
799 1530 37 75 or
851 1530 131 75 ftamina
993 1530 218 75 unconnected
1227 1530 78 75 with
1322 1530 77 75 each
1414 1530 106 75 other.

473 1578 318 75 Indifferentijfmus,
816 1578 57 75 the
888 1578 98 75 males
1003 1578 37 75 or
1056 1578 131 75 ftamina
1197 1578 116 75 having
1329 1578 43 75 no
1388 1578 209 75 determinate
1613 1578 189 75 proportion
1818 1578 139 75 betwixt
1973 1578 77 75 each
2074 1578 93 75 other
2191 1578 32 75 as
2240 1578 35 75 to

610 1623 123 75 length.

522 1680 29 75 1.
575 1680 261 75 Monandria,
895 1680 16 75 /
947 1680 29 75 e.
1001 1680 62 75 one
1079 1680 82 75 male
1178 1680 37 75 or
1232 1680 116 75 ftamen
1365 1680 32 75 in
1413 1680 20 75 a
1448 1680 260 75 hermaphrodite
1724 1680 125 75 flov/er.

518 1727 32 75 2.
576 1727 218 75 Diandria,

1003 1727 65 75 two
1085 1727 98 75 males
1199 1727 37 75 or
1253 1727 141 75 ftamina.

519 1771 33 75 3.
575 1771 246 75 Triandria,

999 1771 90 75 three
1107 1771 110 75 males.

518 1817 34 75 4.
577 1817 279 75 Tetrandria,

999 1817 74 75 four
1089 1817 112 75 males.

519 1863 31 75 5.
575 1863 271 75 Pentandria,

999 1863 61 75 five
1076 1863 111 75 males.

519 1911 30 75 6.
576 1911 252 75 Hexandria,

1000 1911 46 75 fix
1062 1911 110 75 males.

519 1957 30 75 7.
577 1957 274 75 Heptandria,

1002 1957 91 75 feven
1109 1957 111 75 males.

516 2005 34 75 &.
574 2005 253 75 Octandria,

1002 2005 88 75 eight
1106 2005 112 75 males.

517 2049 33 75 9.
574 2049 272 75 Enneandria,

1005 2049 70 75 nine
1092 2049 111 75 males.

496 2096 53 75 10.
575 2096 250 75 Decandria,

1005 2096 54 75 ten
1076 2096 111 75 males.

496 2139 53 75 ix.
577 2139 308 75 Dodecandria,
1007 2139 108 75 eleven
1132 2139 110 75 males.

498 2188 52 75 12.
575 2188 257 75 Icosandria,

1003 2188 134 75 twenty,
1161 2188 38 75 or
1216 2188 88 75 more
1320 2188 97 75 males
1433 2188 142 75 inferted
1594 2188 71 75 into
1689 2188 55 75 the
1766 2188 98 75 calix,
1886 2188 64 75 and
1973 2188 57 75 not
2052 2188 70 75 into
2146 2188 56 75 the
2218 2188 49 75 re-

611 2231 154 75 ceptacle.

499 2278 50 75 13.
572 2278 271 75 Polyandrja,

1004 2278 42 75 all
1063 2278 100 75 above
1182 2278 121 75 twenty
1320 2278 98 75 males
1434 2278 137 75 inferted
1587 2278 69 75 into
1672 2278 55 75 the
1739 2278 189 75 receptacle.

443 2324 267 75 ySubordinatio,
735 2324 66 75 two
818 2324 40 75 of
876 2324 57 75 the
948 2324 97 75 males
1063 2324 37 75 or
1116 2324 129 75 ftamina
1260 2324 174 75 uniformly
1450 2324 119 75 fhorter
1585 2324 77 75 than
1679 2324 56 75 the
1749 2324 73 75 reft.

497 2371 51 75 14.
575 2371 250 75 Didvhamia,

1013 2371 73 75 four
1102 2371 111 75 males,
1238 2371 66 75 two
1320 2371 41 75 of
1379 2371 90 75 them
1486 2371 174 75 uniformly
1677 2371 121 75 fhorter
1815 2371 76 75 than
1908 2371 55 75 the
1982 2371 93 75 other
2091 2371 78 75 two,

497 2417 12 75 1
519 2417 30 75 j.
574 2417 337 75 Tetradynamia,
989 2417 72 75 fix
1077 2417 109 75 males,
1204 2417 65 75 two
1285 2417 41 75 of
1345 2417 105 75 which
1467 2417 53 75 are
1537 2417 173 75 uniformly
1727 2417 120 75 fhorter
1862 2417 79 75 than
1958 2417 54 75 the
2028 2417 73 75 reft.

373 2462 195 75 \j4ffinUas,
591 2462 54 75 the
662 2462 97 75 males
776 2462 38 75 or
829 2462 130 75 ftamina
975 2462 103 75 either
1094 2462 171 75 connedted
1280 2462 36 75 to
1329 2462 78 75 each
1424 2462 105 75 other,
1554 2462 37 75 or
1603 2462 35 75 to
1654 2462 55 75 the
1726 2462 160 75 piftillum.

499 2512 54 75 16.
577 2512 89 75 Mon
676 2512 148 75 gdelph
834 2512 51 75 ia,
914 2512 55 75 the
987 2512 97 75 males
1107 2512 36 75 or
1159 2512 131 75 ftamina
1305 2512 110 75 united
1431 2512 67 75 into
1513 2512 59 75 one
1588 2512 86 75 body
1691 2512 43 75 by
1745 2512 55 75 the
1816 2512 169 75 filaments.

498 2556 53 75 17.
579 2556 264 75 Diadelphia,
868 2556 55 75 the
940 2556 129 75 ftamina
1085 2556 110 75 united
1211 2556 68 75 into
1294 2556 67 75 two
1377 2556 109 75 bodies
1503 2556 41 75 or
1557 2556 132 75 bundles
1706 2556 42 75 by
1765 2556 55 75 the
1832 2556 169 75 filaments.

498 2605 51 75 18.
576 2605 318 75 PoLYADELPHtA,
918 2605 56 75 the
991 2605 129 75 ftamina
1135 2605 112 75 united
1262 2605 67 75 into
1347 2605 90 75 three
1454 2605 37 75 or
1506 2605 88 75 more
1610 2605 132 75 bundles
1754 2605 44 75 by
1808 2605 55 75 the
1880 2605 170 75 filaments.

499 2648 52 75 19.
578 2648 261 75 Syngenesia,
864 2648 54 75 the
935 2648 129 75 ftamina
1079 2648 109 75 united
1204 2648 31 75 in
1250 2648 17 75 a
1283 2648 185 75 cylindrical
1479 2648 86 75 form
1580 2648 44 75 by
1639 2648 54 75 the
1711 2648 150 75 antlrerse.

496 2697 54 75 20:
577 2697 253 75 Gynanoria,
855 2697 54 75 the
927 2697 127 75 ftamina
1070 2697 139 75 inferted
1223 2697 69 75 into
1308 2697 55 75 the
1379 2697 160 75 piftillum.

330 2742 165 75 Diclinia,
520 2742 98 75 males
636 2742 61 75 and
713 2742 129 75 females
861 2742 33 75 in
910 2742 139 75 feparate
1068 2742 78 75 beds
1197 2742 73 75 /Ye.
1295 2742 104 75 plants
1426 2742 69 75 that
1511 2742 81 75 have
1609 2742 82 75 male
1708 2742 64 75 and
1787 2742 114 75 female
1917 2742 124 75 flowers
2061 2742 31 75 in
2111 2742 55 75 the
2181 2742 84 75 fame

609 2787 130 75 fpecies.

493 2837 55 75 21.
574 2837 229 75 Monoecia,
828 2837 82 75 male
927 2837 62 75 and
1004 2837 115 75 female
1136 2837 125 75 flowers
1277 2837 33 75 in
1326 2837 55 75 the
1393 2837 83 75 fame
1493 2837 100 75 plant.

494 2883 56 75 22.
576 2883 186 75 Dioecia,
787 2883 81 75 male
883 2883 124 75 flowers
1023 2883 33 75 in
1072 2883 61 75 one
1149 2883 100 75 plant,
1274 2883 63 75 and
1352 2883 131 75 females
1500 2883 32 75 in
1549 2883 146 75 another,
1720 2883 39 75 of
1779 2883 54 75 the
1850 2883 83 75 fame
1950 2883 131 75 fpecies.

495 2929 55 75 23.
577 2929 253 75 Polygamia,
855 2929 95 75 male,
975 2929 125 75 female,
1125 2929 62 75 and
1205 2929 255 75 hermaphrodite
1476 2929 124 75 flowers
1617 2929 32 75 in
1666 2929 55 75 the
1737 2929 83 75 fame
1836 2929 130 75 fpecies.

258 2975 50 75 Or
327 2975 237 75 clandeftinely,
589 2975 25 75 /.
632 2975 29 75 e.
687 2975 104 75 whofe
803 2975 85 75 parts
905 2975 39 75 of
964 2975 220 75 fructification
1201 2975 56 75 are
1269 2975 151 75 invifible.

492 3023 56 75 24.
574 3023 305 75 Cryptogamia,
904 3023 54 75 the
973 3023 125 75 flowers
1115 3023 152 75 invifible,
1292 3023 35 75 fo
1350 3023 71 75 that
1437 3023 78 75 they
1530 3023 118 75 cannot
1664 3023 39 75 be
1719 3023 121 75 ranked
1861 3023 170 75 according
2046 3023 36 75 to
2102 3023 57 75 the
2174 3023 88 75 parts

609 3067 38 75 of
664 3067 234 75 frudtification.

2153 3114 118 75 Thefe-
