2406 3327
1309 98 38 75 T
1423 98 44 75 U
1544 98 35 75 R
1655 98 49 75 E.

2109 104 55 75 49

513 102 42 75 A
633 102 41 75 G
750 102 36 75 R
864 102 18 75 I
960 102 35 75 C
1074 102 44 75 U
1198 102 35 75 L

110 170 76 75 The
203 170 163 75 operation
383 170 39 75 of
434 170 85 75 alhes
536 170 85 75 upon
638 170 55 75 the
708 170 59 75 foil
782 170 79 75 muft
873 170 161 75 therefore
1050 170 41 75 be

63 217 40 75 of
115 217 55 75 the
183 217 82 75 fame
281 217 111 75 nature
408 217 80 75 with
505 217 71 75 that
592 217 40 75 of
642 217 89 75 lime,
749 217 76 75 only
841 217 27 75 it
881 217 27 75 is
920 217 88 75 more
1019 217 70 75 vio-

63 261 67 75 lent
156 261 62 75 and
243 261 133 75 fuddea,
406 261 64 75 and
495 261 230 75 confequently
752 261 25 75 it
805 261 26 75 is
859 261 113 75 fooner
999 261 88 75 over.

63 308 86 75 This
173 308 27 75 is
228 308 176 75 confirmed
419 308 43 75 by
478 308 203 75 experience.
727 308 102 75 After
841 308 80 75 land
935 308 57 75 has
1009 308 81 75 been

63 354 151 75 manured
229 354 81 75 with
326 354 98 75 alhes,
440 354 58 75 the
514 354 65 75 firll
595 354 76 75 crop
685 354 29 75 is
732 354 184 75 commonly
925 354 79 75 very
1013 354 76 75 lux-

62 399 127 75 uriant;
216 399 58 75 but
295 399 21 75 a
339 399 117 75 fecond
480 399 77 75 crop
580 399 110 75 almoft
715 399 143 75 entirely,
868 399 148 75 exhaulis
1033 399 58 75 the

62 446 87 75 land.
198 446 112 75 Hence
327 446 85 75 alhes
429 446 112 75 Ihould
557 446 39 75 be
611 446 67 75 laid
692 446 41 75 on
750 446 32 75 in
799 446 90 75 fmall
897 446 192 75 .quantities,

62 493 65 75 and
142 493 115 75 Ihould
270 493 57 75 not
343 493 40 75 be
399 493 127 75 applied
544 493 34 75 to
596 493 79 75 land
699 493 172 75 exhaulted
894 493 44 75 by
960 493 75 75 lime
1052 493 39 75 or

62 538 122 75 marie;
210 538 125 75 neither
354 538 113 75 Ihould
483 538 77 75 they
577 538 39 75 be
635 538 162 75 repeated,
822 538 40 75 or
877 538 154 75 followed
1047 538 44 75 by

61 583 89 75 thefe
167 583 159 75 manures.

109 629 107 75 Burnt
243 629 72 75 turf
331 629 27 75 is
385 629 165 75 generally
573 629 243 75 recommended
840 629 34 75 as
900 629 19 75 a
945 629 142 75 manure.

62 675 105 75 Turfs
184 675 54 75 are
254 675 115 75 chiefly
392 675 168 75 compofed
583 675 41 75 of
642 675 181 75 vegetables
838 675 10 75 ;
879 675 85 75 their
989 675 98 75 alhes,

63 721 175 75 therefore,
255 721 80 75 mull;
352 721 38 75 be
405 721 42 75 of
456 721 56 75 the
525 721 81 75 fame
623 721 111 75 nature
746 721 79 75 with
841 721 90 75 thofe
943 721 40 75 of
992 721 97 75 wood

62 766 38 75 or
112 766 62 75 any
191 766 93 75 other
299 766 166 75 vegetable
479 766 172 75 fubltance.
699 766 33 75 It
748 766 27 75 is
791 766 101 75 found
903 766 43 75 by
961 766 127 75 experi-

62 813 89 75 ence,
176 813 73 75 that
263 813 55 75 the
334 813 136 75 burning
493 813 41 75 of
551 813 83 75 turfs
659 813 91 75 turns
772 813 57 75 out
852 813 35 75 to
912 813 176 75 advantage

62 858 32 75 in
118 858 187 75 proportion
324 858 34 75 to
379 858 55 75 the
450 858 133 75 number
599 858 40 75 of
649 858 89 75 roots
756 858 79 75 they
850 858 146 75 contain;
1024 858 63 75 and

62 905 162 75 therefore
247 905 88 75 land,
360 905 80 75 with
464 905 20 75 a
507 905 102 75 tough
636 905 103 75 fward
772 905 39 75 of
826 905 103 75 grals,
955 905 27 75 is
1006 905 32 75 m
1061 905 26 75 ft

63 950 117 75 proper
196 950 34 75 to
248 950 39 75 be
303 950 167 75 improved
484 950 33 75 in
533 950 64 75 this
615 950 141 75 manner.

110 996 38 75 In
170 996 136 75 burning
321 996 82 75 turf,
427 996 56 75 the
502 996 101 75 heaps
620 996 80 75 mull
715 996 41 75 be
772 996 138 75 Covered
921 996 36 75 in
973 996 77 75 fuch
1067 996 20 75 a

61 1042 130 75 manner
207 1042 33 75 as
256 1042 36 75 to
314 1042 132 75 prevent
461 1042 55 75 the
539 1042 92 75 flame
655 1042 85 75 from
764 1042 154 75 breaking
945 1042 77 75 out;
1048 1042 37 75 o-

60 1089 148 75 therwife
222 1089 57 75 the
295 1089 80 75 moft
394 1089 103 75 ufeful
512 1089 71 75 part
601 1089 40 75 of
651 1089 56 75 the
723 1089 86 75 alhes
828 1089 64 75 will
913 1089 45 75 fly
976 1089 60 75 off.

107 1134 57 75 To
181 1134 133 75 prevent
331 1134 96 75 burnt
442 1134 78 75 land
534 1134 86 75 from
643 1134 96 75 being
758 1134 185 75 exhaufted,
968 1134 61 75 one
1047 1134 38 75 or

60 1181 66 75 two
159 1181 92 75 crops
279 1181 76 75 only
382 1181 113 75 Ihould
521 1181 43 75 be.
587 1181 109 75 taken,
730 1181 63 75 and
819 1181 76 75 then
926 1181 55 75 the
1007 1181 78 75 land

61 1227 101 75 ought
192 1227 35 75 to
249 1227 40 75 be
320 1227 66 75 laid
413 1227 57 75 out
495 1227 32 75 in
555 1227 99 75 grafs.
713 1227 48 75 Its
790 1227 135 75 fertility
950 1227 67 75 will
1045 1227 39 75 be

61 1274 126 75 greatly
208 1274 175 75 increafed,
407 1274 32 75 if
461 1274 19 75 a
506 1274 83 75 little
616 1274 88 75 dung
729 1274 40 75 be
794 1274 105 75 added
923 1274 83 75 after
1029 1274 56 75 the

59 1318 65 75 firft
140 1318 90 75 crop.

492 1429 65 75 Of
576 1429 96 75 Soot.

109 1507 76 75 Soo
200 1507 16 75 r
235 1507 143 75 contains
395 1507 58 75 oil,
478 1507 71 75 fait,
576 1507 63 75 and
653 1507 105 75 earth.
806 1507 33 75 It
852 1507 165 75 promotes
1032 1507 55 75 ve-

65 1552 142 75 getation
235 1552 32 75 in
296 1552 55 75 the
374 1552 81 75 fame
480 1552 130 75 manner
638 1552 34 75 as
698 1552 89 75 dung
812 1552 37 75 or
880 1552 206 75 Ihell-marle.

64 1597 81 75 Soot
161 1597 26 75 is
204 1597 163 75 generally
382 1597 127 75 applied
524 1597 32 75 in
580 1597 55 75 the
653 1597 117 75 Spring
786 1597 33 75 as
842 1597 19 75 a
883 1597 206 75 top-drefling

62 1643 35 75 to
113 1643 113 75 winter
241 1643 78 75 corn
335 1643 37 75 or
388 1643 99 75 grafs.
534 1643 78 75 The
624 1643 108 75 effects
750 1643 39 75 of
799 1643 70 75 foot
884 1643 76 75 ufed
975 1643 32 75 in
1024 1643 64 75 this

63 1688 71 75 way
150 1688 54 75 are
221 1688 33 75 fo
271 1688 134 75 fudden,
431 1688 70 75 that
519 1688 78 75 they
612 1688 164 75 evidently
798 1688 114 75 appear
935 1688 83 75 after
1034 1688 55 75 the

63 1733 64 75 firft
144 1733 80 75 rain.
280 1733 67 75 But
362 1733 41 75 its
419 1733 119 75 virtues
556 1733 53 75 are
625 1733 183 75 commonly
824 1733 173 75 exhaufted
1011 1733 45 75 by
1071 1733 19 75 a

64 1780 96 75 fingle
179 1780 88 75 crop.
317 1780 173 75 However,
516 1780 93 75 when
619 1780 61 75 the
708 1780 109 75 effefts
834 1780 40 75 of
896 1780 70 75 foot
982 1780 53 75 are
1053 1780 35 75 o-

62 1826 68 75 ver,
148 1826 55 75 the
214 1826 57 75 foil
287 1826 26 75 is
330 1826 57 75 not
400 1826 187 75 exhaufted,
605 1826 33 75 as
654 1826 45 75 by
714 1826 85 75 allies
816 1826 38 75 or
862 1826 142 75 lime;.it
1016 1826 74 75 may

62 1872 161 75 therefore
239 1872 40 75 be
295 1872 150 75 repeated
460 1872 33 75 as
509 1872 90 75 often
615 1872 34 75 as
666 1872 54 75 the
743 1872 118 75 farmer
883 1872 108 75 thinks
1014 1872 73 75 pro-

63 1917 55 75 per
130 1917 9 75 ;
166 1917 37 75 or
220 1917 25 75 it
261 1917 73 75 may
361 1917 40 75 be
427 1917 154 75 followed
607 1917 80 75 with
709 1917 181 75 advantage
917 1917 44 75 by
988 1917 99 75 alhes,

65 1965 86 75 lime,
176 1965 38 75 or
237 1965 112 75 marie.

425 2077 66 75 Of
509 2077 218 75 Sea-weed.

110 2150 81 75 All
209 2150 104 75 plants
324 2150 72 75 that
411 2150 90 75 grow
514 2150 85 75 upon
615 2150 107 75 rocks,
739 2150 113 75 within
869 2150 93 75 reach
979 2150 40 75 of
1030 2150 55 75 the

61 2196 62 75 fea,
149 2196 52 75 are
220 2196 87 75 good
321 2196 158 75 manures.
526 2196 110 75 Thefe
661 2196 52 75 are
737 2196 184 75 frequently
936 2196 151 75 loofened

61 2242 63 75 and
139 2242 109 75 driven
265 2242 123 75 a-lhore
403 2242 45 75 by
462 2242 55 75 the
533 2242 80 75 tide.
661 2242 100 75 They
783 2242 52 75 are
852 2242 40 75 of
903 2242 19 75 a
936 2242 64 75 foft
1015 2242 70 75 pul-

61 2289 45 75 py
128 2289 126 75 nature,
280 2289 62 75 and
357 2289 77 75 foon
448 2289 143 75 putrefy.

109 2337 183 75 Sea-weeds
314 2337 145 75 promote
482 2337 182 75 vegetation
679 2337 33 75 in
727 2337 56 75 the
798 2337 85 75 fame
904 2337 131 75 manner
1051 2337 34 75 as

59 2380 88 75 dung
158 2380 37 75 or
204 2380 94 75 foot;
326 2380 57 75 but
399 2380 84 75 their
499 2380 108 75 effects
624 2380 53 75 are
693 2380 56 75 not
765 2380 33 75 fo
814 2380 111 75 lafting
936 2380 35 75 as
984 2380 99 75 dung.

60 2427 174 75 However,
251 2427 77 75 they
339 2427 53 75 are
403 2427 179 75 preferable
594 2427 35 75 to
640 2427 87 75 dung
738 2427 32 75 in
787 2427 62 75 this
867 2427 129 75 refpeft,
1014 2427 70 75 that

60 2473 79 75 they
153 2473 43 75 do
212 2473 56 75 not
284 2473 139 75 produce
440 2473 33 75 fo
489 2473 96 75 many
599 2473 118 75 weeds.

107 2519 98 75 They
221 2519 74 75 may
306 2519 39 75 be
358 2519 127 75 applied
498 2519 37 75 to
551 2519 76 75 land
641 2519 33 75 in
691 2519 62 75 any
764 2519 163 75 fituation,
952 2519 64 75 and
1030 2519 55 75 are

59 2565 176 75 peculiarly
250 2565 119 75 proper
382 2565 53 75 for
458 2565 77 75 land
552 2565 71 75 that
647 2565 27 75 is
699 2565 174 75 exhaufted
894 2565 44 75 by
955 2565 76 75 lime
1047 2565 37 75 or

61 2611 99 75 alhes.
209 2611 111 75 When
336 2611 84 75 their
435 2611 109 75 effects
559 2611 100 75 ceafe,
676 2611 55 75 the
743 2611 75 75 land
833 2611 26 75 is
872 2611 57 75 not
944 2611 139 75 injured,

60 2656 62 75 and
141 2656 62 75 any
218 2656 79 75 kind
312 2656 40 75 of
362 2656 131 75 manure
509 2656 74 75 may
604 2656 40 75 bp
660 2656 77 75 ufed
751 2656 84 75 after
852 2656 101 75 them.

106 2703 76 75 The
198 2703 124 75 oftener
337 2703 173 75 fea-weeds
526 2703 54 75 are
596 2703 138 75 applied,
759 2703 56 75 the
838 2703 76 75 land
936 2703 148 75 becomes

60 2749 55 75 the
142 2749 116 75 richer.
316 2749 86 75 This
429 2749 26 75 is
483 2749 174 75 confirmed
680 2749 44 75 by
746 2749 201 75 experience.
1006 2749 78 75 The

60 2794 90 75 lands
167 2794 76 75 npar
258 2794 56 75 the
329 2794 118 75 Ihores,
472 2794 107 75 where
596 2794 55 75 the
670 2794 107 75 weeds
792 2794 82 75 have
901 2794 80 75 been
1008 2794 77 75 long

61 2840 76 75 ufed
153 2840 35 75 as
199 2840 157 75 manures,
380 2840 55 75 are
458 2840 115 75 among
589 2840 55 75 the
656 2840 113 75 richeft
780 2840 33 75 in
828 2840 168 75 Scotland,
1021 2840 64 75 and

60 2887 81 75 have
153 2887 82 75 been
251 2887 77 75 kept
344 2887 110 75 almoft
470 2887 176 75 conftantly
661 2887 32 75 in
705 2887 122 75 tillage.

108 2932 97 75 Vol.
223 2932 30 75 I.
278 2932 71 75 No.
369 2932 33 75 3.

969 2964 17 49 3

1539 227 65 75 Of
1623 227 142 75 Shells.

1184 305 100 75 Beds
1299 305 39 75 of
1348 305 93 75 IheJls
1452 305 54 75 are
1522 305 35 75 to
1571 305 43 75 he
1630 305 67 75 met
1716 305 79 75 with
1810 305 33 75 in
1859 305 95 75 many
1969 305 119 75 places,
2105 305 59 75 but

1137 351 206 75 particularly
1358 351 76 75 near
1449 351 55 75 the
1516 351 175 75 fea-lhore.

1184 397 108 75 Thefe
1308 397 91 75 Ihells
1417 397 137 75 ferment
1569 397 78 75 with
1666 397 100 75 acids,
1791 397 75 75 and,
1890 397 65 75 like
1980 397 93 75 other
2095 397 67 75 ani-

1136 444 267 75 mal-fubftances,
1428 444 128 75 contain
1572 444 57 75 oil,
1646 444 72 75 fait,
1736 444 63 75 and
1810 444 103 75 earth.
1962 444 106 75 Their
2084 444 76 75 ope-

1137 488 103 75 ration
1262 488 26 75 is
1306 488 154 75 fuppofed
1476 488 35 75 to
1528 488 39 75 be
1585 488 40 75 of
1636 488 55 75 the
1707 488 83 75 fame
1815 488 78 75 kind
1919 488 81 75 with
2028 488 70 75 that
2125 488 41 75 of

1135 539 192 75 Ihell-roarle
1339 539 8 75 :
1374 539 79 75 But,
1479 539 33 75 as
1529 539 80 75 they
1622 539 75 75 take
1724 539 21 75 a
1767 539 78 75 long
1870 539 78 75 time
1964 539 36 75 to
2015 539 146 75 dilfolve,

1136 581 84 75 their
1240 581 108 75 effefts
1365 581 79 75 muft
1470 581 40 75 be
1537 581 111 75 flower
1675 581 64 75 and
1766 581 144 75 weaker:
1936 581 101 75 They
2060 581 103 75 ought

1136 628 160 75 therefore
1320 628 35 75 to
1381 628 39 75 be
1444 628 126 75 applied
1596 628 32 75 in
1656 628 89 75 large
1772 628 188 75 quantities,
1992 628 171 75 otherwife

1136 672 83 75 their
1235 672 166 75 operation
1418 672 66 75 will
1507 672 38 75 be
1570 672 116 75 hardly
1702 672 208 75 perceptible.

1183 720 105 75 Shells
1306 720 132 75 exhauft
1454 720 56 75 the
1525 720 87 75 land,
1637 720 58 75 but
1712 720 57 75 not
1780 720 75 75 near
1871 720 34 75 fo
1917 720 95 75 much
2028 720 33 75 as
2085 720 77 75 lime

1133 765 37 75 or
1186 765 105 75 afhes;
1319 765 25 75 it
1360 765 27 75 is
1404 765 161 75 therefore
1590 765 161 75 improper
1774 765 36 75 to
1834 765 53 75 ufe
1910 765 89 75 them
2014 765 145 75 immedi-

1132 812 87 75 ately
1234 812 85 75 after
1334 812 87 75 thefe
1437 812 161 75 manures.

1178 859 111 75 When
1300 859 93 75 Ihells
1409 859 53 75 are
1478 859 102 75 found
1588 859 104 75 below
1701 859 54 75 the
1768 859 123 75 furface
1902 859 41 75 of
1949 859 56 75 the
2016 859 140 75 ground,

1132 905 33 75 as
1193 905 78 75 they
1285 905 165 75 generally
1466 905 65 75 are,
1556 905 79 75 they
1649 905 112 75 Ihould
1774 905 41 75 be
1830 905 142 75 expofed
1984 905 38 75 to
2038 905 56 75 the
2111 905 47 75 air

1131 949 52 75 for
1202 949 90 75 feme
1316 949 78 75 time
1420 949 111 75 before
1556 949 81 75 they
1655 949 53 75 are
1728 949 163 75 ploughed
1909 949 52 75 in:
1996 949 85 75 This
2102 949 58 75 not

1131 996 77 75 only
1231 996 92 75 aflifts
1348 996 84 75 their
1462 996 236 75 fermentation,
1730 996 59 75 but
1812 996 162 75 promotes
1997 996 83 75 their
2100 996 59 75 pu-

1131 1043 182 75 trefaction.

1130 1152 65 75 Of
1215 1152 215 75 Vegetables
1457 1152 43 75 in
1531 1152 53 75 an
1610 1152 120 75 entire
1756 1152 130 75 State,
1915 1152 41 75 or
1961 1152 112 75 fown
2086 1152 72 75 for

1578 1211 179 75 Manure.

1176 1278 43 75 It
1245 1278 27 75 is
1298 1278 19 75 a
1332 1278 135 75 practice
1482 1278 33 75 in
1531 1278 95 75 many
1641 1278 118 75 places,
1784 1278 206 75 particularly
2013 1278 33 75 in
2067 1278 90 75 Eng-

1131 1324 88 75 land,
1250 1324 35 75 to
1312 1324 66 75 few
1409 1324 119 75 turnip,
1559 1324 103 75 peafe,
1696 1324 218 75 buck-wheat,
1940 1324 66 75 <&c.
2036 1324 63 75 and
2122 1324 37 75 to

1129 1370 126 75 plough
1272 1370 89 75 them
1379 1370 95 75 down
1490 1370 52 75 for
1557 1370 167 75 manuring
1739 1370 55 75 the
1810 1370 88 75 land.

1177 1416 86 75 This
1280 1416 134 75 practice
1434 1416 26 75 is
1480 1416 139 75 thought
1636 1416 43 75 by
1690 1416 85 75 feme
1791 1416 113 75 people
1920 1416 39 75 to
1975 1416 40 75 be
2033 1416 125 75 attend-

1128 1462 45 75 ed
1188 1462 80 75 with
1284 1462 41 75 no
1342 1462 195 75 advantage;
1562 1462 132 75 becaufe
1711 1462 54 75 the
1782 1462 118 75 plants,
1918 1462 93 75 when
2022 1462 136 75 plough-

1133 1507 41 75 ed
1189 1507 107 75 down,
1314 1507 58 75 can
1388 1507 124 75 convey
1527 1507 42 75 no
1585 1507 88 75 more
1694 1507 81 75 food
1791 1507 34 75 to
1842 1507 56 75 the
1917 1507 59 75 foil
1987 1507 77 75 than
2080 1507 79 75 they

1134 1554 73 75 take
1224 1554 85 75 from
1324 1554 39 75 it.
1412 1554 68 75 But
1495 1554 26 75 it
1537 1554 102 75 ought
1658 1554 35 75 to
1709 1554 39 75 be
1763 1554 194 75 confidered,
1986 1554 72 75 that
2072 1554 88 75 feme

1134 1600 40 75 of
1184 1600 55 75 the
1253 1600 108 75 plants
1378 1600 170 75 employed
1570 1600 33 75 in
1630 1600 65 75 this
1719 1600 130 75 manner
1876 1600 76 75 pufti
1969 1600 84 75 their
2068 1600 90 75 roots

1133 1647 105 75 below
1254 1647 54 75 the
1326 1647 93 75 reach
1436 1647 41 75 of
1487 1647 55 75 the
1558 1647 135 75 plough,
1722 1647 63 75 and
1800 1647 76 75 fuck
1892 1647 42 75 up
1952 1647 55 75 the
2023 1647 80 75 food
2122 1647 36 75 to

1134 1693 56 75 the
1212 1693 143 75 furface;
1381 1693 56 75 the
1463 1693 75 75 feed
1561 1693 71 75 that
1655 1693 27 75 is
1711 1693 87 75 fown
1813 1693 140 75 likewife
1979 1693 144 75 contains
2139 1693 20 75 a

1134 1740 302 75 great-proportion
1458 1740 41 75 of
1519 1740 166 75 vegetable
1710 1740 101 75 food;
1843 1740 120 75 befides
1990 1740 87 75 what
2100 1740 59 75 the

1133 1786 116 75 plants,
1259 1786 93 75 when
1363 1786 155 75 growing,
1532 1786 74 75 may
1617 1786 107 75 derive
1736 1786 84 75 from
1831 1786 56 75 the
1899 1786 60 75 air,
1968 1786 64 75 <fyc.
2058 1786 100 75 Froot

1134 1832 87 75 thefe
1236 1832 238 75 circumftances
1490 1832 26 75 it
1532 1832 75 75 may
1617 1832 44 75 be
1684 1832 152 75 inferred,
1861 1832 71 75 that
1947 1832 78 75 they
2040 1832 116 75 actual-

1133 1878 35 75 ly
1183 1878 110 75 return
1309 1878 89 75 more
1414 1878 213 75 nourifliment
1650 1878 36 75 to
1701 1878 55 75 the
1772 1878 59 75 foil
1843 1878 80 75 than
1939 1878 79 75 they
2033 1878 125 75 extraCt

1134 1927 85 75 from
1242 1927 40 75 it.
1336 1927 78 75 The
1431 1927 149 75 covering
1597 1927 40 75 of
1648 1927 55 75 the
1719 1927 122 75 furface
1857 1927 26 75 is
1901 1927 65 75 alfo
1983 1927 39 75 an
2039 1927 117 75 advan-

1133 1971 74 75 tage
1221 1971 8 75 :
1256 1971 111 75 Every
1379 1971 118 75 farmer
1519 1971 125 75 knows,
1660 1971 72 75 that
1747 1971 93 75 when
1856 1971 56 75 the
1927 1971 58 75 foil
2000 1971 58 75 has
2076 1971 81 75 been

1133 2017 138 75 covered
1285 2017 53 75 for
1354 2017 18 75 a
1388 2017 212 75 confiderable
1611 2017 77 75 time
1701 2017 46 75 by
1763 2017 18 75 a
1796 2017 107 75 ftrong
1913 2017 77 75 crop
2003 2017 40 75 of
2052 2017 104 75 peafe,

1133 2062 38 75 or
1188 2062 62 75 any
1265 2062 94 75 other
1381 2062 77 75 corn
1473 2062 66 75 laid
1561 2062 108 75 down,
1695 2062 54 75 the
1780 2062 71 75 foil,
1876 2062 124 75 though
2016 2062 141 75 natural-

1133 2109 34 75 ly
1182 2109 82 75 hard
1280 2109 63 75 and
1357 2109 76 75 ftiff,
1457 2109 147 75 becomes
1619 2109 80 75 foft,
1724 2109 140 75 mellow,
1889 2109 62 75 and
1968 2109 81 75 free.

1525 2221 65 75 Of
1610 2221 143 75 Water.

1178 2297 257 75 Rain-water
1461 2297 141 75 contains
1619 2297 20 75 a
1654 2297 213 75 confiderable
1882 2297 151 75 quantity
2046 2297 43 75 of
2100 2297 55 75 ve-

1130 2342 125 75 getable
1267 2342 92 75 food.
1391 2342 112 75 When
1518 2342 26 75 it
1560 2342 74 75 falls
1651 2342 85 75 upon
1747 2342 76 75 land
1834 2342 70 75 that
1915 2342 57 75 has
1985 2342 19 75 a
2014 2342 140 75 defeent,

1131 2388 43 75 by
1192 2388 136 75 running
1344 2388 58 75 off,
1427 2388 25 75 it
1469 2388 79 75 muft
1564 2388 92 75 carry
1678 2388 94 75 along
1800 2388 78 75 with
1895 2388 25 75 it
1935 2388 85 75 feme
2037 2388 40 75 of
2099 2388 57 75 the

1130 2438 87 75 fineft
1232 2438 146 75 particles
1396 2438 40 75 of
1446 2438 55 75 the
1517 2438 57 75 foil
1591 2438 63 75 and
1665 2438 55 75 the
1735 2438 165 75 vegetable
1915 2438 81 75 food
2011 2438 143 75 contain-

1130 2481 41 75 ed
1186 2481 33 75 in
1236 2481 101 75 them.
1370 2481 37 75 If
1418 2481 63 75 this
1494 2481 112 75 water,
1620 2481 89 75 then,
1726 2481 26 75 is
1764 2481 45 75 let
1820 2481 32 75 in
1865 2481 84 75 upon
1961 2481 19 75 a
1991 2481 87 75 field,
2091 2481 64 75 and

1131 2528 136 75 allowed
1281 2528 37 75 to
1333 2528 105 75 fettle,
1462 2528 56 75 the
1540 2528 77 75 land
1640 2528 67 75 will
1723 2528 122 75 receive
1861 2528 86 75 from
1962 2528 27 75 it
2005 2528 57 75 not
2077 2528 80 75 only

1130 2573 55 75 the
1213 2573 166 75 vegetable
1402 2573 82 75 food
1510 2573 170 75 contained
1703 2573 33 75 in
1759 2573 57 75 the
1840 2573 102 75 water
1964 2573 98 75 itfelf,
2096 2573 58 75 but

1129 2620 137 75 likewife
1283 2620 87 75 what
1385 2620 26 75 is
1423 2620 168 75 contained
1602 2620 31 75 in
1650 2620 55 75 the
1716 2620 149 75 particles
1877 2620 40 75 of
1927 2620 92 75 earth
2030 2620 124 75 carried

1130 2666 51 75 off
1191 2666 86 75 from
1296 2666 56 75 the
1366 2666 115 75 higher
1496 2666 153 75 grounds.

1175 2712 85 75 This
1283 2712 132 75 method
1438 2712 41 75 of
1500 2712 166 75 manuring
1692 2712 59 75 can
1774 2712 77 75 only
1865 2712 41 75 be
1921 2712 77 75 ufed
2013 2712 32 75 in
2061 2712 91 75 fields

1128 2758 106 75 which
1250 2758 42 75 lie
1307 2758 43 75 on
1366 2758 55 75 the
1437 2758 80 75 fides
1533 2758 40 75 of
1584 2758 113 75 rivers,
1721 2758 40 75 or
1782 2758 76 75 fuch
1876 2758 33 75 as
1926 2758 58 75 can
2000 2758 40 75 be
2057 2758 95 75 eafily

1129 2805 144 75 drained.
1320 2805 39 75 In
1375 2805 164 75 praCtifing
1555 2805 38 75 it,
1610 2805 55 75 the
1677 2805 99 75 water
1792 2805 78 75 muft
1887 2805 56 75 not
1958 2805 40 75 be
2014 2805 137 75 allowed

1128 2850 36 75 to
1181 2850 59 75 run
1255 2850 52 75 off
1318 2850 165 75 violently,
1517 2850 167 75 otherwife
1708 2850 26 75 it
1761 2850 77 75 does
1862 2850 88 75 more
1972 2850 77 75 hurt
2073 2850 76 75 than

1129 2898 98 75 good.
1276 2898 96 75 Land
1395 2898 33 75 in
1454 2898 87 75 grafs
1564 2898 28 75 is
1617 2898 79 75 moft
1720 2898 116 75 proper
1859 2898 53 75 for
1934 2898 64 75 this
2015 2898 78 75 kind
2114 2898 41 75 of

1650 2949 35 75 N

1971 2949 178 75 manuring.
