2498 3377
560 127 248 75 ANN

1125 127 99 75 (3

184 204 183 75 ANKER,
393 204 19 75 a
428 204 105 75 liquid
547 204 142 75 meafure
706 204 32 75 at
758 204 216 75 Amfterdam.
1023 204 34 75 It
1073 204 142 75 contains

232 250 98 75 about
348 250 41 75 32
407 250 124 75 gallons
548 250 143 75 Englifh'
691 250 159 75 meafure.

185 299 119 75 ANN,
321 299 38 75 or
371 299 204 75 ANNAT,,in
589 299 94 75 Scots
692 299 77 75 law,
787 299 27 75 is
834 299 75 75 half
927 299 20 75 a
962 299 104 75 year’s
1081 299 133 75 ftipend,

232 343 107 75 which
355 343 55 75 the
426 343 61 75 law
504 343 86 75 gives
608 343 35 75 to
671 343 56 75 the
742 343 172 75 executors
940 343 42 75 of
1001 343 154 75 minifters
1180 343 41 75 of

232 391 54 75 the
298 391 120 75 church
436 391 41 75 of
488 391 167 75 Scotland,
681 391 76 75 over
773 391 63 75 and
855 391 100 75 above
972 391 87 75 what
1075 391 64 75 was
1152 391 63 75 due

230 438 35 75 to
278 438 55 75 the
346 438 139 75 minifter
496 438 139 75 himfelf,
645 438 52 75 for
709 438 49 75 his
768 438 221 75 incumbency.
1008 438 63 75 See
1083 438 130 75 Scots

231 484 104 75 Law,
361 484 83 75 title,
468 484 242 75 Ecdefiajiical
717 484 144 75 perfins.

181 531 153 75 ANNA,
350 531 35 75 in
399 531 128 75 Roman
544 531 174 75 antiquity,
736 531 39 75 an
791 531 192 75 appellation
994 531 94 75 given
1104 531 37 75 to
1156 531 58 75 the

229 578 109 75 moon.
389 578 62 75 See
467 578 57 75 the
543 578 110 75 article
669 578 142 75 Moon.

181 625 125 75 Anna,
331 625 33 75 in
380 625 197 75 geography,
602 625 20 75 a
638 625 66 75 city
729 625 42 75 of
787 625 122 75 Arabia
924 625 129 75 Petrea,
1077 625 136 75 fltuated

228 671 43 75 on
283 671 56 75 the
351 671 131 75 weftern
497 671 90 75 fhore
604 671 40 75 of
654 671 56 75 the
722 671 85 75 river
821 671 195 75 Euphrates,
1034 671 33 75 in
1078 671 41 75 41
1119 653 25 49 0
1157 671 57 75 33'

229 717 40 75 of
280 717 45 75 E.
342 717 89 75 long,
457 717 62 75 and
538 717 40 75 33
578 699 21 49 0
620 717 45 75 30
665 699 11 49 /
698 717 49 75 N.
764 717 59 75 lat.

181 764 335 75 ANNAACIOUS,
534 764 19 75 a
568 764 113 75 people
697 764 41 75 of
748 764 113 75 Brafil,
879 764 32 75 in
924 764 163 75 America,
1105 764 107 75 whofe

229 809 136 75 country
380 809 133 75 borders
530 809 43 75 on
589 809 55 75 the
662 809 209 75 government
890 809 41 75 of
941 809 102 75 Porto
1056 809 138 75 Seguro.

181 858 285 75 ANNABERG,
491 858 20 75 a
526 858 96 75 fmalL
640 858 89 75 town
751 858 42 75 of
809 858 181 75 Germany,
1015 858 31 75 in
1062 858 56 75 the
1135 858 75 75 pro-

228 903 90 75 vince
337 903 40 75 of
388 903 131 75 Mifnia,
545 903 133 75 fltuated
694 903 76 75 near
793 903 56 75 the
865 903 85 75 river
967 903 121 75 Schop,
1114 903 98 75 about

232 949 36 75 11
289 949 145 75 German
450 949 89 75 miles
561 949 83 75 from
662 949 138 75 Leipfic.

180 997 225 75 ANNAGH,
430 997 56 75 the
502 997 92 75 name
610 997 41 75 of
674 997 66 75 two
767 997 103 75 towns
886 997 34 75 in
936 997 141 75 Ireland,
1103 997 59 75 one
1178 997 33 75 in

226 1043 55 75 the
297 1043 151 75 province
463 1043 41 75 of
518 1043 122 75 Ullter,
666 1043 63 75 and
746 1043 54 75 the
816 1043 95 75 other
927 1043 34 75 in
974 1043 55 75 the
1041 1043 119 75 county
1176 1043 40 75 of

227 1089 141 75 Downe.

179 1136 218 75 ANNALE,
422 1136 32 75 in
475 1136 54 75 the
545 1136 121 75 church
690 1136 41 75 of
750 1136 120 75 Rome,
897 1136 19 75 a
931 1136 82 75 term
1032 1136 128 75 applied
1175 1136 36 75 to

226 1182 56 75 the
306 1182 109 75 maifes
447 1182 182 75 celebrated
651 1182 52 75 for
725 1182 57 75 the
805 1182 84 75 dead
911 1182 117 75 during
1054 1182 22 75 a
1103 1182 107 75 whole

227 1228 90 75 year.

178 1276 212 75 ANNALS,
414 1276 34 75 in
474 1276 133 75 matters
632 1276 41 75 of
691 1276 178 75 literature,
903 1276 19 75 a
948 1276 119 75 fpecies
1092 1276 41 75 of
1158 1276 50 75 hi-

224 1322 99 75 ftory,
347 1322 106 75 which
477 1322 115 75 relates
617 1322 110 75 events
750 1322 33 75 in
808 1322 55 75 the
890 1322 240 75 chronological
1156 1322 53 75 or-

225 1368 58 75 der
299 1368 139 75 wherein
463 1368 77 75 they
555 1368 178 75 happened.
791 1368 101 75 They
907 1368 97 75 differ
1029 1368 85 75 from
1137 1368 72 75 per-

226 1414 64 75 fe£t
320 1414 120 75 hiftory
462 1414 33 75 in
520 1414 76 75 this,
622 1414 72 75 that
718 1414 109 75 annals
855 1414 53 75 are
933 1414 19 75 a
974 1414 75 75 bare
1075 1414 135 75 relation

227 1460 40 75 of
285 1460 87 75 what
396 1460 166 75 happened
577 1460 97 75 every
690 1460 87 75 year,
802 1460 34 75 as
853 1460 20 75 a
885 1460 129 75 journal
1029 1460 27 75 is
1073 1460 41 75 of
1124 1460 87 75 what

227 1507 98 75 paffes
352 1507 96 75 every
475 1507 82 75 day;
583 1507 142 75 whereas
751 1507 120 75 hiftory
896 1507 127 75 relates,
1049 1507 57 75 not
1132 1507 78 75 only

228 1553 55 75 the
300 1553 205 75 tranfaftions
522 1553 202 75 themfelves,
749 1553 58 75 hut
824 1553 65 75 alfo
914 1553 55 75 the
993 1553 120 75 caufes,
1138 1553 70 75 mo-

187 1600 27 75 ~
227 1600 94 75 tives,
347 1600 63 75 and
425 1600 122 75 fprings
564 1600 40 75 of
621 1600 132 75 aftions,

179 1647 245 75 ANNALES,
450 1647 124 75 inlaw.
624 1647 61 75 See
700 1647 243 75 Yearlings.

178 1693 326 75 ANNAMABOE,
531 1693 38 75 an
587 1693 132 75 Englifh
735 1693 125 75 fadtory
876 1693 41 75 on
937 1693 55 75 the
1011 1693 79 75 gold
1111 1693 96 75 coaft,

227 1739 32 75 in
277 1739 142 75 Guinea,
443 1739 33 75 in
492 1739 128 75 Africa.

180 1787 189 75 ANNAN,
405 1787 56 75 the
489 1787 117 75 capital
634 1787 41 75 of
695 1787 56 75 the
777 1787 81 75 fhire
886 1787 40 75 of
945 1787 203 75 Annandale,
1176 1787 32 75 in

226 1832 168 75 Scotland,
418 1832 134 75 fituated
568 1832 84 75 upon
672 1832 19 75 a
713 1832 84 75 river
812 1832 42 75 of
876 1832 56 75 the
947 1832 84 75 fame
1046 1832 104 75 name,
1175 1832 33 75 in

230 1878 15 75 3
245 1860 25 49 0
296 1878 62 75 W.
375 1878 89 75 long,
490 1878 63 75 and
575 1878 44 75 54
619 1860 20 49 0
660 1878 56 75 40'
740 1878 47 75 N.
807 1878 57 75 lat.

179 1926 292 75 ANNAPOLIS,
498 1926 54 75 the
569 1926 115 75 capital
702 1926 40 75 of
752 1926 189 75 Maryland,
967 1926 20 75 a
1006 1926 118 75 Britifh
1152 1926 54 75 co-

225 1971 77 75 lony
323 1971 33 75 in
380 1971 49 75 N.
449 1971 165 75 America,
639 1971 35 75 in
700 1971 66 75 78°
784 1971 61 75 W.
869 1971 90 75 long,
985 1971 63 75 and
1065 1971 44 75 39
1109 1953 23 49 0
1152 1971 59 75 25^

225 2019 48 75 N.
293 2019 58 75 lat.

178 2064 292 75 ANNAPOLIS,
494 2064 28 75 is
544 2064 67 75 alfo
624 2064 56 75 the
696 2064 91 75 name
807 2064 41 75 of
858 2064 55 75 the
930 2064 113 75 capital
1059 2064 44 75 of
1111 2064 97 75 Nova

228 2109 121 75 Scotia,
374 2109 134 75 fituated
529 2109 33 75 in
579 2109 67 75 64°
665 2109 61 75 W.
744 2109 89 75 long,
858 2109 62 75 and
938 2109 41 75 45
979 2091 25 49 0
1023 2109 47 75 N.
1088 2109 59 75 lat.

179 2155 245 75 ANNATES,
449 2155 116 75 among
591 2155 216 75 ecclefiaftical
830 2155 137 75 writers,
992 2155 20 75 a
1038 2155 104 75 year’s
1158 2155 48 75 in-

177 2201 5 75 •
225 2201 92 75 come
333 2201 40 75 of
384 2201 19 75 a
417 2201 140 75 fpiritual
576 2201 113 75 living.

274 2247 108 75 Thefe
408 2247 98 75 were,
531 2247 33 75 in
587 2247 125 75 ancient
738 2247 107 75 times,
871 2247 92 75 given
991 2247 36 75 to
1051 2247 56 75 the
1124 2247 83 75 pope

226 2293 140 75 through
383 2293 42 75 all
442 2293 236 75 Chriftendom,
704 2293 86 75 upon
807 2293 55 75 the
877 2293 129 75 deceafe
1026 2293 40 75 of
1077 2293 62 75 any
1157 2293 50 75 bi-

225 2341 88 75 fhop,
329 2341 113 75 abbot,
457 2341 38 75 or
505 2341 217 75 parifh-clerk,
740 2341 62 75 and
818 2341 83 75 were
924 2341 73 75 paid
1016 2341 43 75 by
1074 2341 50 75 his
1138 2341 68 75 fuc-

225 2386 111 75 cefibr.
383 2386 50 75 At
444 2386 55 75 the
514 2386 209 75 reformation
740 2386 79 75 they
837 2386 85 75 were
938 2386 96 75 taken
1050 2386 85 75 from
1151 2386 59 75 the

228 2433 91 75 pope,
343 2433 63 75 and
422 2433 105 75 vefted
542 2433 32 75 in
591 2433 55 75 the
662 2433 97 75 king;
787 2433 62 75 and
864 2433 121 75 finally,
1011 2433 103 75 queen
1130 2433 77 75 Ann

225 2479 139 75 reftored
379 2479 87 75 them
483 2479 35 75 to
530 2479 55 75 the
601 2479 132 75 church,
759 2479 43 75 by
817 2479 238 75 appropriating
1071 2479 88 75 them
1171 2479 35 75 to

224 2526 55 75 the
297 2526 236 75 augmentation
553 2526 42 75 of
606 2526 80 75 poor
701 2526 127 75 livings.

178 2572 308 75 ANNEALING,
510 2572 252 75 ovNealing,
789 2572 55 75 the
868 2572 137 75 burning
1027 2572 38 75 or
1087 2572 119 75 baking

223 2619 95 75 glafs,
344 2619 131 75 earthen
492 2619 95 75 ware,
607 2619 64 75 tic.
697 2619 33 75 in
747 2619 39 75 an
798 2619 82 75 oven
897 2619 37 75 or
949 2619 144 75 furnace.
1143 2619 63 75 See

223 2665 199 75 Nealing.

176 2712 152 75 ANNE,
352 2712 39 75 or
423 2712 51 75 St
500 2712 226 75 Anne’/-^,
751 2712 20 75 a
788 2712 118 75 feftival
923 2712 40 75 of
974 2712 55 75 the
1046 2712 161 75 Chriftian

221 2758 135 75 church,
381 2758 184 75 celebrated
580 2758 42 75 by
638 2758 56 75 the
711 2758 114 75 Latins
842 2758 42 75 on
911 2758 55 75 the
983 2758 223 75 twenty-fixth

223 2804 41 75 of
274 2804 90 75 July,
381 2804 59 75 but
450 2804 44 75 by
506 2804 56 75 the
579 2804 127 75 Greeks
723 2804 43 75 on
782 2804 54 75 the
852 2804 90 75 ninth
960 2804 40 75 of
1011 2804 194 75 December.

223 2849 33 75 It
272 2849 26 75 is
315 2849 76 75 kept
407 2849 32 75 in
454 2849 127 75 honour
599 2849 42 75 of
651 2849 107 75 Anne,
775 2849 38 75 or
824 2849 109 75 Anna,
958 2849 128 75 mother
1101 2849 39 75 of
1152 2849 55 75 the

224 2896 114 75 Virgin
355 2896 112 75 Mary,

271 2944 96 75 Vol.
393 2944 31 75 I.
472 2944 71 75 No.
572 2944 55 75 14.

1149 2944 19 75 3

1240 133 47 75 17
1345 133 19 75 )

1683 133 247 75 ANN

1265 203 213 75 ANNECY,
1504 203 19 75 a
1539 203 88 75 town
1644 203 40 75 of
1696 203 54 75 the
1766 203 108 75 duchy
1890 203 41 75 of
1944 203 121 75 Savoy,
2090 203 135 75 fituated
2240 203 58 75 up-

1312 250 41 75 on
1384 250 20 75 a
1430 250 72 75 lake
1529 250 41 75 of
1588 250 56 75 the
1670 250 85 75 fame
1781 250 104 75 name,
1910 250 120 75 fubjedt
2047 250 35 75 to
2099 250 56 75 the
2170 250 78 75 king
2264 250 41 75 of

1314 296 157 75 Sardinia,
1496 296 79 75 in.6
1575 278 23 49 0
1598 296 65 75 .IO
1663 278 11 49 ,
1697 296 45 75 E.
1760 296 90 75 long,
1876 296 63 75 and
1960 296 68 75 46°
2047 296 48 75 N.
2112 296 60 75 lat.

1265 343 342 75 ANNEXATION,
1633 343 33 75 in
1686 343 76 75 law,
1788 343 18 75 a
1822 343 83 75 term
1927 343 77 75 ufed
2020 343 36 75 to
2076 343 100 75 imply
2192 343 56 75 the
2261 343 37 75 u-

1313 390 102 75 niting
1430 390 41 75 of
1481 390 91 75 lands
1590 390 38 75 or
1651 390 88 75 rents
1756 390 35 75 to
1808 390 55 75 the
1880 390 122 75 crown.

1264 438 123 75 ANNI
1405 438 137 75 nubiles,
1567 438 33 75 in
1615 438 75 75 law,
1714 438 133 75 denotes
1864 438 56 75 the
1935 438 231 75 marriageable
2181 438 61 75 age
2263 438 41 75 of

1313 484 18 75 a
1344 484 139 75 woman,
1510 484 70 75 viz.
1606 484 84 75 after
1705 484 53 75 ftie
1774 484 57 75 has
1848 484 126 75 arrived
1990 484 34 75 at
2042 484 128 75 twelve.

1264 530 308 75 ANNIENTED,
1594 530 32 75 in
1647 530 73 75 law,
1745 530 133 75 fignifies
1890 530 151 75 annulled
2053 530 38 75 or
2102 530 93 75 made
2208 530 89 75 void.

1262 577 382 75 ANNIHILATION,
1671 577 54 75 the
1742 577 48 75 adt
1806 577 41 75 of
1857 577 152 75 reducing
2022 577 62 75 any
2099 577 131 75 created
2240 577 56 75 be-

1310 623 53 75 ing
1380 623 68 75 into
1465 623 146 75 nothing.

1263 669 362 75 ANNIVERSARY,
1643 669 56 75 the
1716 669 113 75 annual
1843 669 108 75 return
1969 669 42 75 of
2016 669 63 75 any
2095 669 200 75 remarkable

1309 717 75 75 day.
1432 717 217 75 Anniverfary
1659 717 93 75 days,
1769 717 32 75 in
1819 717 57 75 old
1890 717 94 75 times
2000 717 90 75 more
2106 717 189 75 particular-

1308 764 46 75 ly,
1372 764 140 75 denoted
1529 764 90 75 thofe
1629 764 80 75 days
1725 764 33 75 in
1770 764 107 75 which
1892 764 40 75 an
1944 764 93 75 office
2054 764 65 75 was
2136 764 158 75 perform-

1310 811 41 75 ed
1367 811 53 75 for
1436 811 55 75 the
1508 811 84 75 fouls
1609 811 41 75 of
1661 811 56 75 the
1732 811 165 75 deceafed,
1922 811 39 75 or
1972 811 57 75 the
2044 811 199 75 martyrdom
2258 811 42 75 of

1308 858 56 75 the
1384 858 94 75 faints
1496 858 64 75 was
1578 858 181 75 celebrated
1775 858 33 75 in
1824 858 55 75 the
1896 858 135 75 church.

1263 905 254 75 ANNOBON,
1543 905 39 75 an
1599 905 99 75 ifland
1713 905 40 75 of
1765 905 128 75 Africa,
1918 905 43 75 on
1983 905 56 75 the
2055 905 84 75 coaft
2153 905 44 75 of
2208 905 84 75 Gui-

1309 951 71 75 nea,
1405 951 33 75 in
1459 951 16 75 7
1475 933 25 49 0
1519 951 45 75 E.
1578 951 90 75 long,
1693 951 64 75 and
1777 951 40 75 i°
1839 951 54 75 50'
1910 951 109 75 S.lat.

1260 998 139 75 ANNO
1419 998 150 75 Domini,
1594 998 24 75 i.
1636 998 30 75 e.
1692 998 56 75 the
1774 998 78 75 year
1868 998 41 75 of
1924 998 60 75 our
2000 998 106 75 Lord,
2132 998 56 75 the
2205 998 87 75 com-

1308 1044 146 75 putation
1470 1044 41 75 of
1525 1044 78 75 time
1620 1044 93 75 from'
1722 1044 60 75 our
1800 1044 163 75 Saviour’s
1978 1044 211 75 incarnation.

1260 1090 332 75 ANNOISANCE,
1616 1090 33 75 in
1673 1090 73 75 law,
1772 1090 56 75 the
1844 1090 82 75 fame
1938 1090 80 75 with
2034 1090 146 75 nufance.
2230 1090 63 75 See

1307 1140 199 75 Nusance.

1260 1183 407 75 ANNOMINATION,
1693 1183 32 75 in
1748 1183 153 75 rhetoric,
1927 1183 57 75 the
2007 1183 84 75 fame
2106 1183 81 75 with
2203 1183 89 75 what

1307 1230 26 75 is
1345 1230 168 75 otherwife
1526 1230 348 75 c&Wtdparonomajia.
1910 1230 62 75 See
1984 1230 306 75 Paronomasia.

1260 1277 222 75 ANNONA,
1507 1277 33 75 in
1568 1277 127 75 Roman
1720 1277 172 75 antiquity,
1918 1277 133 75 denotes
2067 1277 156 75 provifion
2239 1277 52 75 for

1307 1323 19 75 a
1353 1323 77 75 year
1457 1323 41 75 of
1516 1323 41 75 all
1582 1323 95 75 forts,
1703 1323 35 75 as
1765 1323 40 75 of
1826 1323 86 75 flefh,
1936 1323 94 75 wine,
2066 1323 64 75 tic.
2166 1323 58 75 but
2256 1323 34 75 e-

1306 1369 151 75 fpecially
1472 1369 41 75 of
1534 1369 91 75 corn.
1674 1369 139 75 Annona
1835 1369 27 75 is
1890 1369 140 75 likewife
2045 1369 57 75 the
2118 1369 174 75 allowance

1307 1417 40 75 of
1358 1417 56 75 oil,
1439 1417 72 75 fait,
1536 1417 111 75 bread,
1672 1417 86 75 flefh,
1784 1417 91 75 corn,
1899 1417 95 75 wine,
2011 1417 75 75 hay,
2105 1417 62 75 and
2183 1417 105 75 ftraw,

1306 1463 104 75 which
1427 1463 65 75 was
1505 1463 150 75 annually
1665 1463 157 75 provided
1836 1463 44 75 by
1892 1463 59 75 the
1958 1463 197 75 contradlors
2168 1463 50 75 for
2229 1463 62 75 the

1305 1509 218 75 maintenance
1540 1509 40 75 of
1590 1509 40 75 an
1647 1509 103 75 army.

1258 1557 222 75 ANNONAC
1501 1557 186 75 prafeftus,
1711 1557 33 75 in
1772 1557 173 75 antiquity,
1976 1557 39 75 an
2043 1557 249 75 extraordinary

1305 1602 192 75 magiftrate,
1522 1602 106 75 whofe
1644 1602 134 75 bufinefs
1796 1602 26 75 it
1839 1602 64 75 was
1921 1602 35 75 to
1970 1602 132 75 prevent
2119 1602 19 75 a
2152 1602 138 75 fcarcity

1305 1649 40 75 of
1363 1649 168 75 provifion,
1556 1649 64 75 and
1636 1649 34 75 to
1687 1649 143 75 regulate
1846 1649 56 75 the
1924 1649 119 75 weight
2070 1649 64 75 and
2157 1649 132 75 finenefs

1304 1695 40 75 of
1353 1695 112 75 bread.

1257 1742 254 75 ANNONAY,
1536 1742 20 75 a
1571 1742 87 75 town
1682 1742 42 75 of
1743 1742 123 75 France
1882 1742 33 75 in
1937 1742 57 75 the
2018 1742 101 75 upper
2134 1742 151 75 Vivares,

1305 1788 134 75 fituated
1455 1788 41 75 on
1513 1788 56 75 the
1594 1788 85 75 river
1695 1788 142 75 Deume,
1864 1788 34 75 in
1917 1788 17 75 5
1934 1770 25 49 0
1978 1788 43 75 22
2051 1788 148 75 E.long.
2224 1788 64 75 and

1304 1836 42 75 45
1346 1818 25 49 0
1394 1836 52 75 15'
1463 1836 47 75 N.
1529 1836 58 75 lat.

1257 1882 186 75 ANNOT,
1462 1882 19 75 a
1496 1882 89 75 fmall
1602 1882 66 75 city
1685 1882 32 75 in
1735 1882 54 75 the
1805 1882 179 75 mountains
2007 1882 41 75 of
2069 1882 166 75 Provence
2252 1882 33 75 in

1304 1928 134 75 France,
1463 1928 33 75 in
1516 1928 17 75 7
1533 1910 23 49 0
1574 1928 47 75 E.
1637 1928 90 75 long,
1753 1928 62 75 and
1834 1928 46 75 44
1880 1910 22 49 0
1921 1928 33 75 4'
1970 1928 48 75 N.
2034 1928 61 75 lat.

1256 1975 345 75 ANNOTATION,
1625 1975 32 75 in
1674 1975 132 75 matters
1819 1975 41 75 of
1870 1975 177 75 literature,
2067 1975 18 75 a
2098 1975 88 75 brief
2197 1975 89 75 com-

1303 2021 158 75 mentary,
1485 2021 38 75 or
1538 2021 127 75 remark
1682 2021 84 75 upon
1784 2021 18 75 a
1818 2021 87 75 book
1923 2021 37 75 or
1977 2021 141 75 writing,
2141 2021 32 75 in
2191 2021 96 75 order

1302 2068 35 75 to
1361 2068 86 75 clear
1474 2068 41 75 up
1543 2068 86 75 fome
1653 2068 136 75 paffage,
1814 2068 39 75 of
1874 2068 90 75 draw
1990 2068 85 75 fome
2102 2068 184 75 conclufion

1303 2113 82 75 from
1410 2113 39 75 it.

1256 2160 175 75 ANNUA
1443 2160 158 75 penjione,
1625 2160 34 75 in
1674 2160 76 75 law,
1775 2160 40 75 an
1839 2160 155 75 old-writ
2012 2160 52 75 for
2079 2160 149 75 granting
2244 2160 42 75 an

1303 2206 114 75 annual
1433 2206 126 75 penfion
1575 2206 35 75 to
1627 2206 60 75 one
1707 2206 41 75 of
1758 2206 56 75 the
1829 2206 105 75 king’s
1955 2206 174 75 chaplains.

1255 2252 222 75 ANNUAL,
1502 2252 32 75 in
1555 2252 18 75 a
1587 2252 128 75 general
1739 2252 98 75 fenfe,
1862 2252 41 75 an
1930 2252 193 75 appellation
2138 2252 94 75 given
2249 2252 35 75 to

1303 2298 161 75 whatever
1485 2298 125 75 returns
1635 2298 98 75 every
1755 2298 88 75 year,
1869 2298 37 75 of
1921 2298 28 75 is
1965 2298 118 75 always
2099 2298 181 75 performed

1303 2344 111 75 within
1433 2344 72 75 that
1521 2344 90 75 fpace
1628 2344 41 75 of
1685 2344 77 75 time
1774 2344 9 75 :
1810 2344 94 75 Thus
1921 2344 50 75 we
1985 2344 67 75 fay,
2076 2344 77 75 The
2169 2344 115 75 annual

1301 2391 123 75 motion
1441 2391 40 75 of
1492 2391 55 75 the
1563 2391 104 75 earth,
1693 2391 113 75 annual
1829 2391 117 75 plants,
1971 2391 66 75 tic.

1254 2437 358 75 ANNUALRENT,
1637 2437 32 75 in
1693 2437 94 75 Scots
1804 2437 74 75 law,
1904 2437 38 75 an
1964 2437 112 75 yearly
2091 2437 97 75 profit
2219 2437 64 75 due

1302 2484 44 75 by
1358 2484 19 75 a
1390 2484 117 75 debtor
1522 2484 33 75 in
1567 2484 18 75 a
1600 2484 68 75 fum
1684 2484 40 75 of
1731 2484 119 75 money
1863 2484 36 75 to
1911 2484 19 75 a
1942 2484 140 75 creditor
2096 2484 54 75 for
2161 2484 56 75 the
2229 2484 54 75 ufe

1303 2531 38 75 of
1347 2531 40 75 it.
1422 2531 61 75 See
1496 2531 128 75 Scots
1638 2531 104 75 Law,
1753 2531 83 75 title.
1849 2531 202 75 Obligations
2063 2531 220 75 arifmgfrom

1301 2577 139 75 confent.

1256 2623 100 75 Right
1372 2623 43 75 of
1420 2623 285 75 Annualrent,
1730 2623 33 75 in
1780 2623 95 75 Scots
1891 2623 75 75 law,
1989 2623 58 75 the
2064 2623 134 75 original
2214 2623 67 75 me-

1303 2669 79 75 thod
1399 2669 40 75 of
1451 2669 176 75 burdening
1640 2669 93 75 lands
1755 2669 79 75 with
1859 2669 39 75 an
1921 2669 112 75 yearly
2056 2669 151 75 payment
2226 2669 57 75 for

1301 2717 55 75 the
1372 2717 74 75 loan
1461 2717 40 75 of
1512 2717 126 75 money,
1661 2717 112 75 before
1794 2717 59 75 the
1878 2717 110 75 taking
2014 2717 41 75 of
2075 2717 128 75 intereft
2229 2717 53 75 for

1301 2765 116 75 money
1444 2765 64 75 was
1537 2765 136 75 allowed
1699 2765 45 75 by
1771 2765 127 75 ftatute.
1948 2765 62 75 See
2032 2765 123 75 Scots
2174 2765 106 75 Law,

1286 2810 3 75 ,
1300 2810 83 75 title,
1412 2810 176 75 Heretalle
1602 2810 68 75 and
1685 2810 159 75 moveable
1860 2810 119 75 rights.

1254 2858 303 75 ANNUENTES
1585 2858 148 75 mufculi,
1759 2858 33 75 in
1820 2858 163 75 anatomy,
2008 2858 57 75 the
2091 2858 84 75 fame
2201 2858 80 75 with

1301 2903 76 75 refti
1401 2903 116 75 interni
1544 2903 154 75 minores.
1749 2903 62 75 See
1827 2903 213 75 Anatomy,
2066 2903 78 75 Part
2160 2903 49 75 II.

1676 2948 22 75 4
1723 2948 33 75 L

1994 2948 286 75 ANNUITIES.
