2483 3387
178 967 26 75 F
206 967 101 75 aiftofs

168 171 84 75 371

629 171 43 75 A
749 171 38 75 R
863 171 18 75 I
959 171 40 75 T
1075 171 44 75 H
1197 171 48 75 M

166 241 100 75 units,
291 241 69 75 tens
369 241 105 75 under
490 241 84 75 tens,
591 241 92 75 Sc,.:
709 241 59 75 but
784 241 30 75 if
827 241 103 75 either
947 241 36 75 or
999 241 82 75 both
1098 241 40 75 of
1149 241 57 75 the

169 287 116 75 factors
310 287 81 75 have
418 287 126 75 ciphers
568 287 42 75 on
638 287 56 75 the
721 287 89 75 right
836 287 100 75 hand,
962 287 47 75 fet
1033 287 84 75 their
1141 287 66 75 firft

168 335 174 75 lignificant
360 335 116 75 figures
492 335 102 75 under
610 335 107 75 other.

217 382 76 75 The
310 382 31 75 01
349 382 63 75 der
423 382 181 75 prefcribed
619 382 31 75 in
674 382 65 75 this
755 382 69 75 rule
841 382 26 75 is
886 382 57 75 not
959 382 179 75 abfolutely
1150 382 59 75 ne-

172 431 129 75 cefiary,
325 431 60 75 but
408 431 80 75 very
514 431 191 75 convenient
733 431 33 75 as
794 431 68 75 will
888 431 116 75 appear
1021 431 34 75 in
1069 431 57 75 the
1150 431 60 75 ex-

172 476 133 75 amples.

219 521 49 75 II.
292 521 181 75 Beginning
489 521 34 75 at
538 521 57 75 the
610 521 88 75 right
713 521 99 75 hand,
838 521 150 75 multiply
1004 521 77 75 each
1110 521 103 75 figure

173 569 39 75 of
223 569 55 75 the
294 569 174 75 multiplier
490 569 70 75 into
587 569 57 75 the
672 569 105 75 whole
805 569 234 75 multiplicand,
1065 569 155 75 carrying,

174 616 33 75 as
224 616 33 75 in
277 616 158 75 addition,
460 616 63 75 and
544 616 128 75 placing
687 616 56 75 the
760 616 191 75 right-hand
965 616 102 75 figure
1082 616 40 75 of
1135 616 79 75 each

173 662 173 75 particular
359 662 134 75 produ&
511 662 137 75 dire&ly
664 662 101 75 under
782 662 55 75 the
853 662 207 75 multiplying
1076 662 112 75 figure.

221 711 67 75 III.
314 711 80 75 Add
410 711 57 75 the
482 711 174 75 particular
672 711 164 75 produdls,
861 711 65 75 and
947 711 86 75 their
1054 711 70 75 fum
1148 711 67 75 will

175 757 39 75 be
232 757 54 75 the
304 757 81 75 total
401 757 147 75 produdl.

225 803 152 75 Examp.
403 803 31 75 I.
483 803 132 75 Having
639 803 114 75 placed
776 803 57 75 the
849 803 176 75 multiplier
1040 803 103 75 under
1159 803 58 75 the

176 850 237 75 multiplicand,
437 850 34 75 as
487 850 143 75 directed
645 850 34 75 in
702 850 87 75 Rule
806 850 30 75 I.
862 850 138 75 proceed
1015 850 35 75 to
1066 850 56 75 the
1139 850 85 75 ope-

747 895 116 75 ration,
880 895 64 75 and
961 895 65 75 fay,
1047 895 18 75 7
1083 895 93 75 times
1195 895 21 75 4

396 943 43 75 94
465 943 233 75 multiplicand,
747 943 95 75 make
869 943 65 75 28;
961 943 48 75 fet
1036 943 56 75 the
1115 943 20 75 8
1161 943 55 75 be-

421 990 17 75 7
465 990 176 75 multipler.
747 990 66 75 low
829 990 33 75 in
878 990 56 75 the
950 990 90 75 place
1055 990 41 75 of
1118 990 98 75 units,

750 1036 60 75 and
833 1036 94 75 carry
954 1036 56 75 the
1039 1036 18 75 2
1082 1036 70 75 tens
1176 1036 40 75 to

369 1086 67 75 658
461 1086 147 75 produfh

750 1086 55 75 the
822 1086 80 75 next
919 1086 101 75 place,
1045 1086 33 75 as
1096 1086 122 75 dirdted

747 1129 31 75 in
795 1129 87 75 Rule
898 1129 50 75 H.
970 1129 109 75 faying
1092 1129 19 75 7
1125 1129 94 75 times

180 1177 21 75 9
218 1177 93 75 make
329 1177 58 75 63,
422 1177 63 75 and
503 1177 18 75 2
540 1177 72 75 that
627 1177 17 75 I
661 1177 126 75 carried
803 1177 92 75 make
912 1177 66 75 65;
1004 1177 47 75 fet
1072 1177 15 75 5
1113 1177 107 75 below

178 1224 32 75 in
222 1224 56 75 the
288 1224 91 75 place
395 1224 41 75 qf
446 1224 84 75 tens,
549 1224 63 75 and
622 1224 56 75 the
691 1224 34 75 6,
743 1224 106 75 which
866 1224 133 75 belongs
1016 1224 35 75 to
1067 1224 56 75 the
1139 1224 80 75 next

179 1274 102 75 place,
306 1274 47 75 fet
380 1274 43 75 on
450 1274 42 75 its
509 1274 61 75 left
587 1274 97 75 hand,
711 1274 90 75 there
817 1274 96 75 being
930 1274 41 75 no
988 1274 126 75 further
1130 1274 90 75 place

180 1317 36 75 to
232 1317 108 75 which
355 1317 27 75 it
398 1317 59 75 can
474 1317 40 75 be
532 1317 145 75 carried;
703 1317 35 75 fo
760 1317 56 75 the
832 1317 135 75 produdt
983 1317 27 75 is
1029 1317 82 75 658.

227 1366 49 75 II.
302 1366 91 75 Here
421 1366 66 75 firft
514 1366 151 75 multiply
693 1366 56 75 the
777 1366 191 75 right-hand
994 1366 102 75 figure
1113 1366 20 75 8
1151 1366 69 75 into

655 1410 56 75 the
738 1410 104 75 whole
871 1410 235 75 multiplicand,
1131 1410 33 75 as
1188 1410 33 75 in

657 1457 55 75 the
724 1457 121 75 former
861 1457 170 75 example;
1057 1457 77 75 then
1148 1457 72 75 pro-

657 1503 91 75 ceed,
766 1503 64 75 and
844 1503 152 75 multiply
1012 1503 140 75 likewife
1165 1503 57 75 the

657 1553 21 75 6
699 1553 70 75 tens
785 1553 71 75 into
872 1553 56 75 the
945 1553 107 75 whole
1068 1553 154 75 multipli-

654 1597 94 75 cand,
772 1597 111 75 faying
910 1597 22 75 6
960 1597 94 75 times
1083 1597 19 75 2
1129 1597 93 75 make

659 1646 62 75 12;
748 1646 46 75 fet
811 1646 56 75 the
892 1646 19 75 2
929 1646 106 75 below
1048 1646 104 75 under
1167 1646 56 75 the

654 1691 55 75 the
724 1691 207 75 multiplying
953 1691 114 75 figure,
1093 1691 71 75 viz.
1189 1691 33 75 in

189 1741 114 75 50456
350 1741 82 75 total
457 1741 148 75 produdt.
653 1741 57 75 the
744 1741 94 75 place
865 1741 41 75 of
923 1741 82 75 tens,
1042 1741 63 75 and
1132 1741 93 75 carry

654 1785 56 75 the
731 1785 13 75 x
765 1785 36 75 to
816 1785 57 75 the
892 1785 79 75 next
996 1785 101 75 place,
1124 1785 33 75 as
1174 1785 49 75 di-

186 1835 108 75 refled
319 1835 33 75 in
380 1835 87 75 Rule
485 1835 50 75 II.
583 1835 77 75 The
677 1835 109 75 reafon
809 1835 76 75 why
900 1835 56 75 the
975 1835 18 75 2
1016 1835 26 75 is
1060 1835 46 75 fet
1123 1835 102 75 under

189 1878 56 75 the
258 1878 204 75 multiplying
474 1878 114 75 figure,
606 1878 38 75 or
656 1878 31 75 in
704 1878 55 75 the
775 1878 91 75 place
882 1878 41 75 of
933 1878 86 75 tens,
1035 1878 41 75 is,
1092 1878 134 75 becaufe

187 1925 56 75 the
259 1925 206 75 multiplying
481 1925 101 75 figure
612 1925 20 75 6
656 1925 27 75 is
708 1925 102 75 really
828 1925 22 75 6
865 1925 70 75 tens
960 1925 37 75 or
1014 1925 59 75 60,
1098 1925 64 75 and
1178 1925 47 75 60

187 1971 93 75 times
299 1971 18 75 2
336 1971 93 75 make
451 1971 83 75 120;
560 1971 34 75 fo
607 1971 71 75 that
694 1971 43 75 by
749 1971 149 75 carrying
909 1971 56 75 the
987 1971 12 75 1
1021 1971 36 75 to
1073 1971 57 75 the
1145 1971 81 75 next

189 2018 102 75 place,
317 2018 64 75 and
408 2018 117 75 fetting
552 2018 96 75 down
678 2018 56 75 20,
760 2018 56 75 the
832 2018 23 75 o
873 2018 111 75 would
1006 2018 59 75 fall
1083 2018 69 75 into
1168 2018 58 75 the

189 2066 91 75 place
289 2066 43 75 of
344 2066 98 75 units,
460 2066 63 75 and
535 2066 107 75 throw
653 2066 57 75 the
723 2066 20 75 2
756 2066 70 75 into
837 2066 56 75 the
905 2066 90 75 place
1008 2066 40 75 of
1058 2066 70 75 tens
1140 2066 10 75 ;
1168 2066 58 75 but

190 2112 33 75 as
241 2112 23 75 o
280 2112 58 75 can
355 2112 93 75 make
465 2112 41 75 no
524 2112 169 75 alteration
710 2112 32 75 in
766 2112 55 75 the
846 2112 146 75 addition
1015 2112 40 75 of
1069 2112 59 75 the
1153 2112 73 75 par-

191 2159 58 75 tial
277 2159 164 75 produ&s,
467 2159 56 75 the
538 2159 119 75 fetting
672 2159 40 75 of
729 2159 27 75 it
771 2159 97 75 down
890 2159 27 75 is
938 2159 100 75 fofely
1054 2159 61 75 and
1129 2159 100 75 juftly

191 2205 148 75 omitted.

240 2252 66 75 III.
323 2252 112 75 When
448 2252 55 75 the
515 2252 176 75 multiplier
702 2252 56 75 has
772 2252 125 75 ciphers
909 2252 42 75 on
962 2252 56 75 the
1030 2252 87 75 right
1128 2252 99 75 hand,

430 2298 33 75 as
479 2298 27 75 it
531 2298 108 75 would
654 2298 41 75 be
710 2298 163 75 evidently
890 2298 59 75 loft
963 2298 116 75 labour
1095 2298 36 75 to
1147 2298 82 75 mul-

430 2344 81 75 tiply
532 2344 43 75 by
587 2344 56 75 the
664 2344 137 75 ciphers,
820 2344 84 75 their
924 2344 76 75 only
1018 2344 52 75 ufe
1086 2344 96 75 being
1194 2344 35 75 to

430 2390 105 75 throw
550 2390 117 75 figures
684 2390 42 75 on
743 2390 85 75 their
843 2390 60 75 left
919 2390 87 75 hand
1028 2390 69 75 into
1114 2390 116 75 higher

430 2438 120 75 places,
575 2438 46 75 fet
637 2438 56 75 the
709 2438 66 75 firft
789 2438 175 75 fignificant
979 2438 117 75 figures
1112 2438 40 75 of
1175 2438 56 75 the

430 2484 117 75 fatfors
574 2484 100 75 tinder
699 2484 115 75 other;
851 2484 75 75 and,
963 2484 86 75 after
1073 2484 57 75 the
1154 2484 76 75 ope-

432 2531 104 75 ration
569 2531 26 75 is
632 2531 142 75 finiftied,
812 2531 106 75 annex
950 2531 56 75 the
1038 2531 126 75 ciphers
1196 2531 41 75 of

433 2577 55 75 the
504 2577 174 75 multiplier
699 2577 35 75 to
757 2577 56 75 the
830 2577 87 75 right
931 2577 88 75 hand
1034 2577 41 75 of
1085 2577 58 75 the
1157 2577 75 75 pro-

434 2624 85 75 duct

246 2673 66 75 IV.
337 2673 113 75 When
461 2673 57 75 the
534 2673 174 75 multiplier
725 2673 58 75 has
803 2673 125 75 ciphers
943 2673 196 75 intermixed
1154 2673 81 75 with

554 2717 173 75 figniHcant
748 2717 129 75 figures,
904 2717 79 75 omit
1009 2717 56 75 the
1095 2717 138 75 ciphers,

320 2767 184 75 29601847
552 2767 133 75 becaufe
697 2767 55 75 the
764 2767 203 75 multiplying
978 2767 43 75 by
1030 2767 88 75 them
1128 2767 109 75 would

370 2813 135 75 300905
555 2813 78 75 only
644 2813 140 75 produce
800 2813 35 75 fo
851 2813 95 75 many
962 2813 80 75 lines
1058 2813 41 75 of
1109 2813 125 75 ciphers

550 2857 65 75 and
631 2857 33 75 lb
680 2857 39 75 be
735 2857 114 75 labour
867 2857 31 75 in
924 2857 72 75 vain
1010 2857 11 75 ;
1058 2857 179 75 wherefore

301 2907 202 75 148009235
555 2907 149 75 multiply
712 2907 106 75 by,the
829 2907 172 75 fignificant
1014 2907 116 75 figures
1138 2907 96 75 only;

253 2954 205 75 266416623
557 2954 58 75 but
632 2954 74 75 take
723 2954 72 75 care
811 2954 35 75 to
863 2954 89 75 place
970 2954 54 75 the
1048 2954 190 75 right-hand

205 3000 191 75 88805541

558 3000 100 75 figure
684 3000 41 75 of
746 3000 78 75 each
851 3000 172 75 particular
1039 3000 134 75 product
1189 3000 49 75 di-

206 3052 303 75 8907343771535
543 3052 4 75 ,
558 3052 102 75 reftly
675 3052 101 75 under
792 3052 56 75 the
863 3052 206 75 multiplying
1100 3052 113 75 figure.

1325 168 34 75 E
1439 168 39 75 T
1556 168 19 75 I
1655 168 36 75 C
1769 168 53 75 R.

1256 259 238 75 Contractions,
1522 259 70 75 and
1604 259 121 75 fwiple
1751 259 91 75 ways
1868 259 42 75 of
1928 259 152 75 working
2097 259 198 75 multiplica-

1616 305 71 75 tion
1718 305 43 75 of
1784 305 158 75 integers.

1311 387 29 75 1.
1365 387 61 75 To
1444 387 151 75 multiply
1611 387 63 75 any
1689 387 134 75 number
1839 387 46 75 by
1908 387 53 75 10,
1977 387 47 75 by
2040 387 78 75 100,
2136 387 44 75 by
2197 387 100 75 1000,

1259 435 66 75 he.
1351 435 34 75 to
1402 435 56 75 the
1475 435 93 75 given
1586 435 133 75 number
1736 435 106 75 annex
1858 435 88 75 one,.
1957 435 78 75 two,
2053 435 91 75 three
2161 435 137 75 ciphers,

1261 481 64 75 he.
1374 481 109 75 Thus,
1510 481 282 75 23X10=230;
1829 481 63 75 and
1918 481 379 75 384X100=38400;

1261 527 63 75 and
1342 527 65 75 745
1419 527 30 75 X
1463 527 291 75 1000=745000.

1310 576 33 75 2.
1366 576 59 75 To
1441 576 152 75 multiply
1609 576 62 75 any
1687 576 133 75 number
1833 576 44 75 by
1898 576 34 75 9,
1945 576 46 75 by
2008 576 57 75 99,
2082 576 45 75 by
2139 576 82 75 999,
2233 576 67 75 'he.

1261 621 151 75 multiply
1425 621 54 75 the
1498 621 92 75 given
1608 621 134 75 number
1758 621 65 75 firft
1840 621 43 75 by
1901 621 53 75 10,
1973 621 43 75 by
2037 621 79 75 100,
2135 621 43 75 by
2201 621 100 75 1000,

1263 668 65 75 he.
1354 668 70 75 that
1440 668 40 75 is,
1506 668 105 75 annex
1626 668 75 75 one,
1728 668 79 75 two,
1830 668 105 75 three,
1959 668 71 75 he.,
2052 668 124 75 ciphers
2194 668 35 75 to
2249 668 51 75 it;

1262 715 85 75 from
1363 715 65 75 this
1445 715 139 75 fubtradt
1601 715 57 75 the
1675 715 93 75 given
1789 715 146 75 number,
1965 715 64 75 and
2053 715 56 75 the
2125 715 179 75 remainder

1262 763 26 75 is
1304 763 57 75 the
1379 763 133 75 produft
1527 763 11 75 ;
1564 763 35 75 as
1622 763 33 75 in
1678 763 57 75 the
1751 763 169 75 following
1936 763 177 75 examples.

1370 817 67 75 Ex.
1467 817 30 75 1.

1760 817 66 75 Ex.
1853 817 35 75 2.

2152 817 67 75 Ex.
2247 817 33 75 3.

1263 863 103 75 Mult.
1440 863 45 75 47

1644 863 106 75 Mult.
1791 863 73 75 627

2018 863 105 75 Mult.
2166 863 69 75 999

1264 957 43 75 by
1336 957 22 75 9
1418 957 69 75 470

1267 1004 82 75 Sub.
1439 1004 43 75 47

1630 957 43 75 by
1691 957 46 75 99
1784 957 117 75 62700

1631 1003 80 75 Sub.
1834 1003 68 75 627

2025 956 45 75 by
2078 956 68 75 999
2165 956 141 75 999000

2027 1002 82 75 Sub.

2238 1015 69 75 999

231 1462 66 75 742
346 1462 236 75 multiplicand.

254 1507 43 75 68
347 1507 189 75 multiplier.

212 1601 116 75 5936"?
348 1601 172 75 particular

184 1648 90 75 4452
309 1648 20 75 5
348 1648 162 75 products.

1266 1098 101 75 prod.
1416 1098 66 75 423

1626 1098 103 75 Prod.
1790 1098 114 75 62073
2017 1098 101 75 Prod.
2169 1098 135 75 998001

1314 1153 99 75 From
1432 1153 64 75 Ex.
1513 1153 33 75 3.
1571 1153 49 75 we
1636 1153 75 75 may
1726 1153 102 75 learn,
1853 1153 32 75 in
1902 1153 141 75 genera!,
2063 1153 68 75 Aat
2149 1153 35 75 to
2200 1153 108 75 multi-

1267 1200 55 75 ply
1345 1200 63 75 any
1423 1200 135 75 number
1571 1200 168 75 confiding
1754 1200 139 75 entirely
1914 1200 41 75 of
1974 1200 51 75 9s
2041 1200 44 75 by
2099 1200 98 75 itfelf,
2222 1200 27 75 is
2272 1200 37 75 to

1267 1247 46 75 let
1335 1247 14 75 x
1368 1247 33 75 in
1417 1247 56 75 the
1489 1247 90 75 place
1596 1247 41 75 of
1656 1247 99 75 units,
1780 1247 78 75 then
1887 1247 33 75 as
1946 1247 96 75 many
2069 1247 139 75 ciphers,
2234 1247 76 75 fave

1268 1293 73 75 one,
1367 1293 34 75 as
1419 1293 93 75 there
1530 1293 54 75 are
1601 1293 49 75 ps
1668 1293 32 75 in
1718 1293 55 75 the
1790 1293 93 75 given
1899 1293 158 75 number;
2085 1293 78 75 then
2186 1293 34 75 8,
2247 1293 64 75 and

1268 1340 42 75 on
1326 1340 55 75 the
1394 1340 60 75 left
1471 1340 87 75 hand
1572 1340 41 75 of
1628 1340 20 75 8
1666 1340 35 75 as
1719 1340 95 75 many
1832 1340 49 75 9s
1899 1340 33 75 as
1949 1340 91 75 there
2057 1340 54 75 are
2123 1340 126 75 ciphers
2266 1340 43 75 on

1270 1387 40 75 its
1328 1387 100 75 right.

1321 1433 34 75 3.
1379 1433 58 75 To
1456 1433 151 75 multiply
1623 1433 62 75 any
1698 1433 137 75 number
1851 1433 44 75 by
1915 1433 40 75 5;
1975 1433 64 75 firft
2059 1433 151 75 multiply
2219 1433 27 75 it
2266 1433 45 75 by

1276 1482 53 75 10,
1347 1482 73 75 that
1435 1482 40 75 is,
1493 1482 107 75 annex
1612 1482 20 75 a
1643 1482 113 75 cipher
1772 1482 36 75 to
1820 1482 39 75 it,
1885 1482 64 75 and
1965 1482 77 75 then
2058 1482 94 75 halve
2171 1482 51 75 it:
2248 1482 64 75 and

1271 1528 34 75 to
1321 1528 150 75 multiply
1487 1528 63 75 any
1562 1528 134 75 number
1714 1528 43 75 by
1773 1528 54 75 15,
1845 1528 53 75 ufe
1911 1528 56 75 the
1981 1528 84 75 fame
2077 1528 152 75 method;
2248 1528 64 75 and

1271 1574 63 75 add
1351 1574 79 75 both
1443 1574 149 75 numbers
1614 1574 162 75 together,
1794 1574 33 75 as
1838 1574 35 75 in
1885 1574 56 75 the
1953 1574 167 75 following
2132 1574 191 75 examples.'

1319 1628 158 75 Multiply
1535 1628 91 75 7439

1865 1628 161 75 Multiply
2075 1628 94 75 9856

1319 1722 44 75 by
1381 1722 18 75 5
1417 1722 15 75 -
1507 1732 115 75 74390

1861 1721 46 75 by
1922 1753 39 49 1S
1961 1721 62 75 -
2056 1721 147 75 985607
2246 1753 47 49 dd

2057 1768 145 75 492803

241 2332 66 75 853
265 2369 116 75 72000

223 2463 87 75 1706

198 2519 86 75 5771

198 2603 187 75 614:6000

1319 1861 143 75 Produft
1511 1861 115 75 37195

1864 1861 142 75 Produdt
2034 1861 138 75 147840

1323 1918 33 75 4.
1381 1918 57 75 To
1456 1918 151 75 multiply
1624 1918 61 75 any
1701 1918 135 75 number
1853 1918 44 75 by
1918 1918 54 75 11,
2002 1918 55 75 12,
2088 1918 53 75 13,
2173 1918 54 75 14,
2258 1918 54 75 15,

1279 1968 53 75 16,
1359 1968 64 75 he.
1449 1968 151 75 multiply
1615 1968 45 75 by
1676 1968 55 75 the
1747 1968 96 75 units
1860 1968 115 75 figure,
2000 1968 64 75 and
2075 1968 64 75 add
2151 1968 55 75 the
2218 1968 97 75 back-

1274 2013 101 75 figure
1391 2013 41 75 of
1442 2013 57 75 the
1515 2013 222 75 multiplicand
1751 2013 35 75 to
1799 2013 54 75 the
1869 2013 153 75 produdt;
2042 2013 63 75 and
2116 2013 36 75 to
2163 2013 152 75 multiply

1275 2059 44 75 by
1336 2059 58 75 21,
1414 2059 58 75 22,
1490 2059 58 75 23,
1568 2059 58 75 24,
1646 2059 58 75 25,
1723 2059 58 75 26,
1801 2059 58 75 27,
1886 2059 65 75 he.
1978 2059 64 75 add
2065 2059 57 75 the
2147 2059 118 75 double
2281 2059 42 75 of

1277 2105 54 75 the
1343 2105 220 75 back-figure;
1584 2105 62 75 and
1662 2105 36 75 to
1710 2105 150 75 multiply
1877 2105 43 75 by
1939 2105 57 75 31,
2016 2105 56 75 32,
2093 2105 57 75 33,
2171 2105 57 75 34,
2250 2105 65 75 he.

1278 2153 63 75 add
1357 2153 56 75 the
1430 2153 96 75 triple
1544 2153 38 75 of
1593 2153 51 75 it;
1672 2153 63 75 and
1750 2153 36 75 to
1802 2153 151 75 multiply
1971 2153 43 75 by
2036 2153 77 75 112,
2136 2153 13 75 x
2161 2153 54 75 13,
2239 2153 77 75 114,

1279 2201 64 75 he.
1369 2201 65 75 add
1449 2201 55 75 the
1521 2201 66 75 two
1610 2201 216 75 back-figures
1837 2201 10 75 ;
1874 2201 63 75 and
1954 2201 35 75 to
2006 2201 150 75 multiply
2172 2201 43 75 by
2237 2201 81 75 101,

1282 2250 79 75 102,
1383 2250 179 75 I03,xi04,
1588 2250 65 75 he.
1678 2250 63 75 add
1758 2250 55 75 the
1829 2250 81 75 next
1925 2250 199 75 back-figure
2139 2250 73 75 fave
2229 2250 85 75 one:

1279 2295 33 75 as
1330 2295 32 75 in
1379 2295 55 75 the
1452 2295 169 75 following
1637 2295 177 75 examples.

1303 2341 66 75 Ex.
1400 2341 31 75 1.

2189 2341 66 75 Ex.
2283 2341 35 75 2.

1304 2390 68 75 876
1397 2390 38 75 or
1450 2390 150 75 multiply
1615 2390 45 75 by
1730 2390 69 75 876
1826 2390 36 75 or
1874 2390 88 75 thus,
1989 2390 68 75 876

2248 2390 72 75 694

1334 2432 34 75 11
1449 2432 36 75 xx
1505 2432 76 75 thus
1706 2432 69 75 876

2012 2432 70 75 876

2278 2432 42 75 14

1281 2530 93 75 9636
1413 2580 76 75 JZx.
1518 2580 33 75 3.

1484 2638 67 75 435
1504 2676 46 75 27

1685 2526 92 75 9636

1991 2526 94 75 9636

1815 2576 64 75 Ex.
1906 2576 36 75 4.

1874 2627 66 75 241

1898 2683 45 75 34

1443 2779 108 75 1'745

1307 2815 66 75 Ex.
1394 2815 34 75 5.

1334 2863 90 75 7234
1472 2863 38 75 or
1531 2863 91 75 thus,
1666 2863 98 75 .7234

1361 2909 61 75 112

1675 2909 90 75 7234

1651 2960 89 75 7234

1285 3002 138 75 81020S

1628 3002 103 75 7234.

1617 3054 137 75 10208

1851 2765 93 75 8194
1945 2809 68 75 Ex.
2039 2809 36 75 6.

1987 2859 74 75 ^63

2000 2905 64 75 119

1949 2999 114 75 31297

2229 2523 92 75 9716

2194 2812 66 75 E.
2287 2812 36 75 7.

2256 2864 65 75 745

2258 2912 63 75 10.3

2209 3003 112 75 76735
