2493 3387
730 147 498 75 ASTRO

178 208 50 75 rill
245 208 55 75 the
316 208 91 75 earth
424 208 105 75 comes
546 208 35 75 to
597 208 57 75 the
669 208 174 75 beginning
859 208 39 75 of
911 208 109 75 Aries,
1046 208 62 75 and
1132 208 78 75 then

180 257 79 75 they
275 257 53 75 are
343 257 94 75 equal
454 257 34 75 as
508 257 134 75 before;
669 257 51 75 for
736 257 57 75 the
808 257 168 75 boundary
992 257 40 75 of
1051 257 81 75 light
1150 257 64 75 and

180 305 149 75 darknefs
345 305 55 75 cut
416 305 56 75 the
487 305 137 75 equator
640 305 62 75 and
727 305 43 75 all
792 305 41 75 its
856 305 147 75 parallels
1029 305 128 75 equally
1175 305 38 75 or

181 350 30 75 in
229 350 122 75 halves.
399 350 78 75 The
492 350 96 75 north
606 350 71 75 pole
694 350 77 75 then
787 350 76 75 goes
875 350 71 75 into
962 350 56 75 the
1034 350 93 75 dark,
1152 350 63 75 and

183 398 164 75 continues
365 398 124 75 therein
506 398 82 75 until
604 398 56 75 the
676 398 92 75 earth
785 398 77 75 goes
878 398 74 75 half
970 398 73 75 way
1060 398 101 75 round
1174 398 40 75 its

181 443 97 75 orbit,
304 443 37 75 or
365 443 85 75 from
475 443 55 75 the
557 443 69 75 23d
648 443 40 75 of
708 443 191 75 September
921 443 52 75 till
993 443 55 75 the
1075 443 81 75 20th
1180 443 41 75 of

182 491 131 75 March.
361 491 39 75 In
425 491 55 75 the
505 491 120 75 middle
649 491 147 75 between
822 491 88 75 thefe
935 491 105 75 times,
1071 491 70 75 viz.
1173 491 43 75 on

181 538 55 75 the
250 538 18 75 2
277 538 41 75 2d
335 538 40 75 of
394 538 197 75 December,
616 538 55 75 the
692 538 95 75 north
804 538 73 75 pole
897 538 26 75 is
941 538 33 75 as
991 538 50 75 far
1059 538 32 75 as
1115 538 27 75 it
1157 538 59 75 can

182 584 38 75 be
232 584 31 75 in
281 584 55 75 the
352 584 94 75 dark,
472 584 105 75 which
596 584 25 75 is
636 584 69 75 234
721 584 145 75 degrees,
892 584 95 75 equal
999 584 35 75 to
1051 584 54 75 the
1122 584 92 75 incli-

180 631 106 75 nation
303 631 40 75 of
362 631 56 75 the
434 631 119 75 earth’s
571 631 70 75 axis
660 631 84 75 from
756 631 18 75 a
793 631 242 75 perpendicular
1053 631 35 75 to
1107 631 40 75 its
1161 631 52 75 or-

180 677 68 75 bit;
275 677 64 75 and
354 677 76 75 then
447 677 56 75 the
520 677 154 75 northern
692 677 148 75 parallels
864 677 54 75 are
940 677 33 75 as
991 677 96 75 much
1109 677 33 75 in
1157 677 58 75 the

180 725 78 75 dark
274 725 33 75 as
324 725 78 75 they
418 725 84 75 were
522 725 32 75 in
575 725 55 75 the
646 725 84 75 light
746 725 42 75 on
805 725 55 75 the
880 725 70 75 21ft
966 725 41 75 of
1025 725 105 75 June;
1158 725 55 75 the

180 771 113 75 winter
310 771 108 75 nights
435 771 95 75 being
547 771 33 75 as
597 771 77 75 long
686 771 33 75 as
737 771 56 75 the
808 771 137 75 fummer
961 771 92 75 days,
1079 771 62 75 and
1158 771 56 75 the

180 818 113 75 winter
308 818 79 75 days
405 818 34 75 as
456 818 87 75 (hort
558 818 34 75 as
605 818 55 75 the
677 818 136 75 fummer
825 818 121 75 nights.
987 818 32 75 It
1031 818 27 75 is
1071 818 142 75 needlefs

179 865 36 75 to
231 865 127 75 enlarge
376 865 124 75 farther
516 865 42 75 on
575 865 65 75 this
656 865 132 75 fubjedt,
814 865 33 75 as
866 865 47 75 we
930 865 76 75 lhall
1023 865 81 75 have
1120 865 93 75 occa-

181 910 62 75 fion
261 910 35 75 to
313 910 140 75 mention
470 910 55 75 the
541 910 127 75 feafons
681 910 91 75 again
785 910 32 75 in
830 910 178 75 defcribing
1020 910 55 75 the
1087 910 124 75 orrery.

181 958 88 75 Only
285 958 64 75 this
367 958 80 75 mull
463 958 41 75 be
519 958 113 75 noted,
657 958 72 75 that
746 958 41 75 all
806 958 71 75 that
901 958 58 75 has
984 958 80 75 been
1088 958 67 75 faid
1180 958 40 75 of

180 1004 53 75 the
246 1004 152 75 northern
416 1004 209 75 hemifphere,
644 1004 55 75 the
716 1004 150 75 contrary
879 1004 79 75 mult
970 1004 40 75 be
1022 1004 193 75 underltood

179 1050 41 75 of
238 1050 55 75 the
305 1050 172 75 fouthern;
504 1050 52 75 for
573 1050 41 75 on
631 1050 151 75 different
798 1050 77 75 fides
888 1050 40 75 of
941 1050 54 75 the
1008 1050 135 75 equator
1160 1050 55 75 the

179 1098 121 75 feafons
318 1098 53 75 are
393 1098 164 75 contrary,
582 1098 133 75 becaufe
740 1098 92 75 when
856 1098 56 75 the
936 1098 155 75 northern
1113 1098 101 75 hemi-

179 1144 111 75 fphere
312 1144 135 75 inclines
472 1144 141 75 towards
630 1144 55 75 the
711 1144 69 75 fun,
816 1144 57 75 the
897 1144 150 75 fouthern
1075 1144 140 75 declines

180 1192 84 75 from
282 1192 79 75 him.

229 1239 46 75 As
301 1239 119 75 Saturn
445 1239 76 75 goes
545 1239 103 75 round
672 1239 55 75 the
750 1239 68 75 fun,
844 1239 50 75 his
911 1239 166 75 obliquely
1094 1239 122 75 polited

179 1285 83 75 ring,
287 1285 63 75 like
369 1285 58 75 our
438 1285 120 75 earth’s
576 1285 83 75 axis,
684 1285 96 75 keeps
793 1285 185 75 parallel.to
994 1285 97 75 itfelf,
1110 1285 61 75 and
1188 1285 26 75 is

179 1333 163 75 therefore
359 1333 116 75 turned
490 1333 156 75 edgewife
662 1333 35 75 to
713 1333 57 75 the
786 1333 55 75 fun
855 1333 94 75 twice
965 1333 33 75 in
1011 1333 19 75 a
1043 1333 173 75 Saturnian

178 1379 88 75 year,
291 1379 106 75 which
414 1379 26 75 is
461 1379 109 75 almolt
588 1379 33 75 as
639 1379 75 75 long
730 1379 35 75 as
792 1379 46 75 30
852 1379 39 75 of
910 1379 60 75 our
992 1379 105 75 years.
1148 1379 68 75 But

179 1425 54 75 the
251 1425 82 75 ring,
359 1425 124 75 though
510 1425 217 75 confiderably
752 1425 114 75 broad,
891 1425 26 75 is
942 1425 57 75 too
1024 1425 70 75 thin
1117 1425 36 75 to
1174 1425 41 75 be

177 1472 71 75 feen
272 1472 42 75 by
332 1472 35 75 us
385 1472 92 75 when
495 1472 25 75 it
537 1472 26 75 is
578 1472 118 75 turned
713 1472 102 75 round
838 1472 156 75 edgewife
1020 1472 35 75 to
1071 1472 56 75 the
1143 1472 70 75 fun,

179 1519 31 75 at
227 1519 104 75 which
346 1519 76 75 time
439 1519 25 75 it
481 1519 26 75 is
521 1519 64 75 alfo
601 1519 156 75 edgewife
774 1519 35 75 to
827 1519 54 75 the
898 1519 104 75 earth,
1028 1519 63 75 and
1107 1519 106 75 there-

178 1567 69 75 fore
264 1567 26 75 it
306 1567 179 75 difappears
502 1567 80 75 once
599 1567 32 75 in
647 1567 98 75 every
761 1567 110 75 fifteen
888 1567 93 75 years
1005 1567 35 75 to
1064 1567 50 75 us.
1163 1567 50 75 As

178 1613 55 75 the
251 1613 56 75 fun
322 1613 101 75 fhines
440 1613 74 75 half
533 1613 19 75 a
572 1613 77 75 year
667 1613 149 75 together
834 1613 42 75 on
892 1613 56 75 the
967 1613 96 75 north
1081 1613 73 75 pole
1177 1613 41 75 of

178 1660 58 75 our
252 1660 104 75 earth,
381 1660 77 75 then
475 1660 181 75 difappears
674 1660 35 75 to
731 1660 39 75 it,
797 1660 62 75 and
883 1660 101 75 Ihines
1010 1660 33 75 as
1069 1660 78 75 long
1170 1660 42 75 on

177 1708 55 75 the
258 1708 91 75 fouth
374 1708 95 75 pole;
502 1708 45 75 fo,
572 1708 117 75 during
711 1708 61 75 one
796 1708 75 75 half
889 1708 41 75 of
951 1708 146 75 Saturn’s
1122 1708 89 75 year,

177 1754 55 75 the
248 1754 56 75 fun
321 1754 100 75 Ihines
445 1754 41 75 on
503 1754 56 75 the
581 1754 96 75 north
701 1754 63 75 fide
780 1754 41 75 of
839 1754 50 75 his
907 1754 82 75 ring,
1015 1754 77 75 then
1109 1754 102 75 difap-

177 1802 92 75 pears
292 1802 35 75 to
344 1802 39 75 it,
408 1802 62 75 and
486 1802 101 75 Ihines
601 1802 36 75 as
654 1802 78 75 long
748 1802 42 75 on
806 1802 40 75 its
864 1802 93 75 fouth
975 1802 75 75 fide.
1099 1802 112 75 When

177 1847 57 75 the
249 1847 119 75 earth’s
385 1847 69 75 axis
470 1847 131 75 inclines
618 1847 123 75 neither
758 1847 35 75 to
811 1847 58 75 nor
885 1847 85 75 from
987 1847 55 75 the
1058 1847 69 75 fun,
1151 1847 60 75 but

178 1895 137 75 lidewife
331 1895 35 75 to
382 1895 80 75 him,
487 1895 41 75 he
545 1895 148 75 inftantly
709 1895 103 75 ceafes
830 1895 35 75 to
881 1895 84 75 Urine
988 1895 42 75 on
1047 1895 60 75 one
1125 1895 84 75 pole,

179 1940 62 75 and
257 1940 110 75 begins
392 1940 33 75 to
453 1940 164 75 enlighten
639 1940 55 75 the
718 1940 114 75 other;
860 1940 63 75 and
946 1940 92 75 when
1063 1940 147 75 Saturn’s

179 1986 71 75 ring
266 1986 131 75 inclines
413 1986 126 75 neither
555 1986 35 75 to
607 1986 58 75 nor
682 1986 84 75 from
782 1986 55 75 the
857 1986 69 75 fun,
951 1986 58 75 but
1026 1986 137 75 fidewife
1175 1986 36 75 to

178 2033 79 75 him,
284 2033 40 75 he
345 2033 102 75 ceafes
466 2033 188 75 tolhine-on
671 2033 56 75 the
743 2033 60 75 one
820 2033 62 75 fide
899 2033 40 75 of
957 2033 39 75 it,
1022 2033 63 75 and
1101 2033 110 75 begins

176 2080 34 75 to
228 2080 84 75 Ihine
323 2080 85 75 upon
425 2080 56 75 the
498 2080 105 75 other.

225 2128 76 75 The
325 2128 119 75 earth’s
468 2128 86 75 orbit
578 2128 96 75 being
697 2128 165 75 elliptical,
888 2128 63 75 and
975 2128 55 75 the
1054 2128 56 75 fun
1135 2128 76 75 con-

178 2174 115 75 llantly
316 2174 135 75 keeping
475 2174 32 75 in
532 2174 42 75 its
595 2174 100 75 lower
719 2174 103 75 focus,
848 2174 105 75 which
976 2174 27 75 is
1025 2174 187 75 1,377,000

179 2221 90 75 miles
282 2221 83 75 from
383 2221 55 75 the
456 2221 119 75 middle
588 2221 90 75 point
694 2221 40 75 of
745 2221 54 75 the
816 2221 112 75 longer
940 2221 83 75 axis,
1047 2221 56 75 the
1119 2221 93 75 earth

180 2268 104 75 comes
304 2268 94 75 twice
414 2268 34 75 fo
460 2268 108 75 much,
594 2268 37 75 or
645 2268 191 75 2,754,000
853 2268 90 75 miles
957 2268 110 75 nearer
1083 2268 55 75 the
1155 2268 56 75 fun

181 2317 31 75 at
225 2317 60 75 one
303 2317 77 75 time
397 2317 39 75 of
454 2317 56 75 the
523 2317 75 75 year
615 2317 77 75 than
710 2317 32 75 at
759 2317 157 75 another;
943 2317 52 75 for
1011 2317 56 75 the
1083 2317 55 75 fun
1156 2317 55 75 ap-

177 2361 131 75 pearing
329 2361 100 75 under
446 2361 19 75 a
480 2361 104 75 larger
600 2361 92 75 angle
709 2361 31 75 in
757 2361 60 75 our
834 2361 115 75 winter
967 2361 77 75 than
1061 2361 148 75 fummer,

178 2408 114 75 proves
308 2408 71 75 that
395 2408 55 75 the
467 2408 91 75 earth
574 2408 27 75 is
617 2408 113 75 nearer
752 2408 56 75 the
832 2408 56 75 fun
912 2408 31 75 in
969 2408 125 75 winter.
1144 2408 69 75 But

178 2455 77 75 here
271 2455 64 75 this
353 2455 125 75 natural
495 2455 141 75 queftion
654 2455 66 75 will
744 2455 91 75 arife,
860 2455 95 75 Why
979 2455 82 75 have
1083 2455 49 75 we
1156 2455 58 75 not

179 2504 55 75 the
259 2504 118 75 hotteft
403 2504 140 75 weather
566 2504 92 75 when
685 2504 55 75 the
757 2504 92 75 earth
865 2504 27 75 is
908 2504 122 75 neareft
1057 2504 55 75 the
1129 2504 55 75 fun
1198 2504 11 75 ?

180 2549 37 75 In
241 2549 133 75 anfwer,
398 2549 26 75 it
442 2549 79 75 mult
543 2549 39 75 be
600 2549 166 75 obferved,
791 2549 70 75 that
878 2549 55 75 the
949 2549 213 75 excentricity
1178 2549 41 75 of

180 2596 56 75 the
253 2596 119 75 earth’s
385 2596 98 75 orbit,
501 2596 38 75 or
560 2596 13 75 1
593 2596 123 75 million
736 2596 65 75 377
820 2596 105 75 miles,
942 2596 92 75 bears
1047 2596 42 75 no
1105 2596 105 75 great-

181 2643 34 75 er
239 2643 185 75 proportion
441 2643 35 75 to
492 2643 55 75 the
563 2643 119 75 earth’s
707 2643 90 75 mean
821 2643 137 75 dillance
975 2643 82 75 from
1076 2643 55 75 the
1155 2643 56 75 fun

181 2688 76 75 than
280 2688 39 75 17
338 2688 77 75 does
438 2688 36 75 to
494 2688 111 75 1000;
632 2688 62 75 and
719 2688 162 75 therefore
906 2688 64 75 this
995 2688 89 75 fmall
1100 2688 110 75 differ-

180 2736 76 75 ence
273 2736 40 75 of
325 2736 137 75 dillance
479 2736 116 75 cannot
620 2736 140 75 occafion
787 2736 62 75 any
873 2736 90 75 great
987 2736 173 75 difference
1177 2736 41 75 of

180 2783 77 75 heat
272 2783 40 75 or
328 2783 85 75 cold.
462 2783 67 75 But
546 2783 55 75 the
617 2783 151 75 principal
791 2783 89 75 caufe
898 2783 39 75 of
955 2783 64 75 this
1037 2783 175 75 difference

180 2830 41 75 is,
247 2830 70 75 that
328 2830 31 75 in
377 2830 114 75 winter
507 2830 56 75 the
579 2830 71 75 funs
667 2830 73 75 rays
757 2830 56 75 fall
831 2830 33 75 fo
881 2830 165 75 obliquely
1058 2830 85 75 upon
1160 2830 51 75 ns,

180 2876 71 75 that
267 2876 63 75 any
345 2876 92 75 given
460 2876 133 75 number
616 2876 42 75 of
676 2876 87 75 them
787 2876 26 75 is
839 2876 112 75 fpread
974 2876 77 75 over
1076 2876 18 75 a
1117 2876 96 75 much

179 2922 126 75 greater
318 2922 125 75 portion
460 2922 41 75 of
520 2922 54 75 the
586 2922 119 75 earth’s
721 2922 121 75 furface
859 2922 107 75 where
983 2922 48 75 we
1049 2922 74 75 live,
1150 2922 63 75 and

171 2969 8 75 '
179 2969 162 75 therefore
358 2969 77 75 each
460 2969 89 75 point
574 2969 79 75 mull
670 2969 77 75 then
771 2969 81 75 have
875 2969 98 75 fewer
997 2969 73 75 rays
1086 2969 78 75 than
1180 2969 33 75 in

180 3016 6 75 i
195 3016 132 75 ummer.
361 3016 189 75 Moreover,
568 3016 91 75 there
672 3016 106 75 conies
791 3016 18 75 a
821 3016 126 75 greater
958 3016 117 75 degree
1088 3016 39 75 of
1139 3016 75 75 cold

1308 147 43 75 N
1432 147 39 75 O
1551 147 48 75 M
1676 147 56 75 Y.

1261 212 31 75 in
1310 212 55 75 the
1382 212 76 75 long
1474 212 115 75 winter
1606 212 108 75 nights
1731 212 76 75 than
1833 212 91 75 there
1947 212 58 75 can
2029 212 109 75 return
2163 212 41 75 of
2220 212 76 75 heat

1261 261 32 75 in
1310 261 34 75 fo
1360 261 87 75 Ihort
1470 261 101 75 days;
1599 261 62 75 and
1686 261 42 75 on
1752 261 80 75 both
1856 261 89 75 thefe
1968 261 152 75 accounts
2144 261 56 75 the
2223 261 76 75 cold

1263 305 80 75 mull
1359 305 151 75 increafe.
1562 305 67 75 But
1645 305 33 75 in
1694 305 149 75 fummer,
1868 305 55 75 the
1940 305 73 75 rays
2031 305 55 75 fall
2112 305 90 75 more
2225 305 73 75 per-

1265 354 218 75 pendicularly
1499 354 85 75 upon
1601 354 49 75 us,
1677 354 62 75 and
1764 354 163 75 therefore
1951 354 92 75 come
2066 354 78 75 with
2172 354 127 75 greater

1265 400 101 75 force,
1392 400 62 75 and
1471 400 32 75 in
1526 400 126 75 greater
1677 400 148 75 numbers
1849 400 41 75 on
1915 400 56 75 the
1991 400 83 75 fame
2098 400 112 75 place;
2237 400 63 75 and

1266 446 42 75 by
1323 446 86 75 their
1425 446 76 75 long
1517 446 222 75 continuance,
1757 446 20 75 a
1792 446 93 75 much
1905 446 124 75 greater
2040 446 116 75 degree
2173 446 40 75 of
2222 446 78 75 heat

1264 493 26 75 is
1307 493 159 75 imparted
1482 493 43 75 by
1537 493 64 75 day
1619 493 77 75 than
1713 493 59 75 can
1787 493 45 75 fly
1849 493 51 75 off
1919 493 43 75 by
1979 493 104 75 night.

1265 633 161 75 Chap.
1457 633 73 75 IX.
1588 633 80 75 The
1690 633 164 75 Method
1874 633 47 75 of
1925 633 164 75 finding
2109 633 66 75 the
2200 633 101 75 Lon~

1313 692 140 75 gitude
1471 692 48 75 by
1540 692 65 75 the
1624 692 165 75 Eclipfes
1803 692 49 75 of
1859 692 196 75 Jupiter's
2074 692 225 75 Satellites:

1319 747 80 75 The
1419 747 186 75 amazing
1626 747 158 75 Velocity
1803 747 47 75 of
1872 747 124 75 Light
2025 747 280 75 dmonjlrated

1320 804 46 75 by
1385 804 100 75 thefe
1503 804 180 75 Eclipfes.

1311 912 296 75 Geographers
1627 912 183 75 arbitrarily
1826 912 95 75 chufe
1938 912 34 75 to
1990 912 60 75 call
2068 912 55 75 the
2144 912 156 75 meridian

1264 956 39 75 of
1322 956 85 75 fome
1436 956 198 75 remarkable
1658 956 88 75 place
1770 956 56 75 the
1850 956 48 75 fir
1900 956 27 75 ft
1950 956 175 75 meridian.
2185 956 115 75 There

1265 1003 76 75 they
1359 1003 93 75 begin
1465 1003 84 75 their
1562 1003 171 75 reckoning
1745 1003 10 75 ;
1783 1003 60 75 and
1857 1003 64 75 juft
1938 1003 33 75 fo
1983 1003 95 75 many
2090 1003 132 75 degrees
2235 1003 65 75 and

1265 1051 136 75 minutes
1419 1051 33 75 as
1469 1051 62 75 any
1548 1051 93 75 other
1657 1051 90 75 place
1763 1051 27 75 is
1804 1051 34 75 to
1854 1051 55 75 the
1921 1051 153 75 eaftward
2085 1051 38 75 or
2135 1051 165 75 weftward

1265 1097 41 75 of
1324 1097 71 75 that
1412 1097 167 75 meridian,
1604 1097 35 75 fo
1665 1097 96 75 much
1784 1097 63 75 eaft
1872 1097 37 75 or
1933 1097 75 75 weft
2032 1097 165 75 longitude
2221 1097 80 75 they

1265 1144 53 75 fay
1336 1144 26 75 it
1377 1144 71 75 has.
1498 1144 32 75 A
1546 1144 117 75 degree
1679 1144 27 75 is
1724 1144 56 75 the
1798 1144 105 75 360th
1930 1144 70 75 part
2024 1144 44 75 of
2083 1144 19 75 a
2125 1144 109 75 circle,
2259 1144 42 75 be

1265 1189 26 75 it
1306 1189 93 75 great
1414 1189 37 75 or
1467 1189 112 75 fmali;
1606 1189 60 75 and
1684 1189 19 75 a
1726 1189 120 75 minute
1871 1189 56 75 the
1953 1189 82 75 60th
2061 1189 72 75 part
2149 1189 41 75 of
2208 1189 18 75 a
2241 1189 58 75 de-

1265 1237 86 75 gree.
1408 1237 77 75 The
1509 1237 132 75 Englifh
1665 1237 214 75 geographers
1903 1237 119 75 reckon
2050 1237 56 75 the
2130 1237 170 75 longitude

1265 1283 85 75 from
1367 1283 55 75 the
1438 1283 155 75 meridian
1610 1283 38 75 of
1669 1283 55 75 the
1740 1283 109 75 Royal
1866 1283 221 75 Obfervatory
2111 1283 32 75 at
2168 1283 130 75 Green-

1265 1329 95 75 wich,
1386 1329 62 75 and
1465 1329 55 75 the
1538 1329 124 75 French
1681 1329 84 75 from
1782 1329 55 75 the
1855 1329 153 75 meridian
2025 1329 40 75 of
2083 1329 104 75 Paris.

1312 1377 37 75 If
1367 1377 52 75 we
1431 1377 136 75 imagine
1588 1377 39 75 12
1647 1377 90 75 great
1754 1377 125 75 circles,
1904 1377 109 75 (Plate
2028 1377 118 75 XLII.
2163 1377 55 75 fig.
2246 1377 48 75 1.)

1260 1398 4 104 ■
1264 1424 60 75 one
1336 1424 40 75 of
1384 1424 105 75 which
1502 1424 27 75 is
1542 1424 55 75 the
1606 1424 154 75 meridian
1773 1424 32 75 of
1821 1424 60 75 any
1891 1424 91 75 given
1993 1424 101 75 place,
2107 1424 37 75 to
2151 1424 148 75 interfeci

1264 1470 76 75 each
1358 1470 94 75 other
1469 1470 33 75 in
1518 1470 56 75 the
1590 1470 67 75 two
1673 1470 90 75 poles
1779 1470 41 75 of
1838 1470 55 75 the
1910 1470 103 75 earth,
2039 1470 62 75 and
2117 1470 36 75 to
2169 1470 55 75 cut
2241 1470 56 75 the

1262 1517 138 75 equator
1413 1517 41 75 JE
1470 1517 33 75 at
1515 1517 96 75 every
1629 1517 77 75 15th
1725 1517 130 75 degree,
1873 1517 78 75 they
1967 1517 66 75 will
2051 1517 40 75 be
2110 1517 130 75 divided
2253 1517 45 75 by

1263 1565 55 75 the
1335 1565 90 75 poles
1441 1565 68 75 into
1523 1565 45 75 24
1581 1565 188 75 femicircles
1783 1565 106 75 which
1902 1565 107 75 divide
2025 1565 55 75 the
2096 1565 136 75 equator
2248 1565 49 75 in-

1263 1614 34 75 to
1316 1614 45 75 24
1373 1614 95 75 equal
1481 1614 86 75 parts
1579 1614 10 75 ;
1616 1614 62 75 and
1691 1614 32 75 as
1736 1614 56 75 the
1807 1614 91 75 earth
1915 1614 89 75 turns
2022 1614 41 75 on
2080 1614 41 75 its
2140 1614 82 75 axis,
2241 1614 56 75 the

1262 1658 107 75 planes
1386 1658 40 75 of
1437 1658 88 75 thefe
1542 1658 188 75 femicircles
1743 1658 89 75 come
1848 1658 199 75 fucceflivdy
2063 1658 83 75 after
2162 1658 60 75 one
2240 1658 56 75 an-

1260 1705 95 75 other
1366 1705 99 75 every
1476 1705 83 75 hour
1571 1705 35 75 to
1617 1705 56 75 the
1685 1705 69 75 fun.
1797 1705 46 75 As
1859 1705 33 75 in
1910 1705 39 75 an
1961 1705 82 75 hour
2060 1705 39 75 of
2111 1705 76 75 time
2202 1705 96 75 tj*re

1261 1752 27 75 is
1301 1752 18 75 a
1336 1752 180 75 revolution
1532 1752 41 75 of
1590 1752 37 75 15
1647 1752 132 75 degrees
1797 1752 40 75 of
1849 1752 55 75 the
1916 1752 148 75 equator,
2089 1752 32 75 in
2139 1752 18 75 a
2174 1752 124 75 minute

1261 1800 40 75 of
1320 1800 77 75 time
1413 1800 92 75 there
1521 1800 66 75 will
1605 1800 38 75 be
1660 1800 19 75 a
1695 1800 179 75 revolution
1897 1800 41 75 of
1962 1800 38 75 15
2019 1800 137 75 minutes
2181 1800 41 75 of
2240 1800 57 75 the

1262 1845 148 75 equator,
1437 1845 62 75 and
1516 1845 31 75 in
1565 1845 18 75 a
1598 1845 117 75 fecond
1730 1845 42 75 of
1790 1845 77 75 time
1884 1845 18 75 a
1924 1845 181 75 revolution
2127 1845 40 75 of
2190 1845 13 75 x
2212 1845 17 75 j
2248 1845 48 75 fe-

1262 1891 112 75 conds.

1308 1938 139 75 Becaufe
1464 1938 56 75 the
1536 1938 55 75 fun
1609 1938 177 75 enlightens
1804 1938 76 75 only
1895 1938 61 75 one
1979 1938 75 75 half
2073 1938 40 75 of
2131 1938 54 75 the
2202 1938 93 75 earth

1261 1985 31 75 at
1309 1985 92 75 once,
1419 1985 33 75 as
1469 1985 26 75 it
1510 1985 91 75 turns
1618 1985 104 75 round
1738 1985 41 75 its
1797 1985 83 75 axis,
1898 1985 41 75 he
1956 1985 76 75 rifes
2044 1985 35 75 to
2091 1985 85 75 fome
2187 1985 109 75 places

1260 2032 32 75 at
1310 2032 55 75 the
1381 2032 83 75 fame
1481 2032 157 75 moments
1655 2032 41 75 of
1714 2032 142 75 abfolute
1873 2032 76 75 time
1966 2032 72 75 that
2053 2032 42 75 he
2118 2032 63 75 fets
2198 2032 34 75 to
2258 2032 36 75 o-

1261 2079 109 75 thers;
1397 2079 63 75 and
1476 2079 92 75 when
1586 2079 25 75 it
1628 2079 26 75 is
1671 2079 147 75 mid-day
1834 2079 34 75 to
1885 2079 84 75 fome
1987 2079 118 75 places,
2131 2079 25 75 it
2168 2079 26 75 is
2211 2079 84 75 mid-

1261 2126 91 75 night
1368 2126 35 75 to
1419 2126 123 75 others.
1593 2126 77 75 The
1687 2126 70 75 XII
1775 2126 42 75 on
1833 2126 56 75 the
1909 2126 119 75 middle
2044 2126 41 75 of
2103 2126 55 75 the
2175 2126 121 75 earth’s

1261 2172 204 75 enlightened
1480 2172 76 75 fide,
1580 2172 79 75 next
1676 2172 55 75 the
1747 2172 68 75 fun,
1841 2172 104 75 ftands
1962 2172 51 75 for
2037 2172 167 75 mid-day;
2231 2172 64 75 and

1261 2220 56 75 the
1333 2220 141 75 oppofite
1491 2220 71 75 XII
1579 2220 41 75 on
1637 2220 56 75 the
1709 2220 119 75 middle
1840 2220 41 75 of
1891 2220 55 75 the
1962 2220 81 75 dark
2055 2220 76 75 fide,
2148 2220 52 75 for
2212 2220 83 75 mid-

1262 2266 104 75 night.
1416 2266 37 75 If
1473 2266 48 75 we
1537 2266 130 75 fuppofe
1684 2266 64 75 this
1765 2266 97 75 circle
1878 2266 40 75 of
1936 2266 98 75 hours
2051 2266 35 75 to
2102 2266 40 75 be
2158 2266 87 75 fixed
2262 2266 33 75 in

1262 2314 55 75 the
1334 2314 92 75 plane
1443 2314 40 75 of
1502 2314 55 75 the
1573 2314 204 75 equino&ial,
1803 2314 63 75 and
1881 2314 55 75 the
1953 2314 90 75 earth
2058 2314 34 75 to
2104 2314 73 75 turn
2190 2314 105 75 round

1262 2360 112 75 within
1391 2360 37 75 it,
1454 2360 61 75 any
1532 2360 174 75 particular
1722 2360 153 75 meridian
1892 2360 66 75 will
1976 2360 90 75 come
2090 2360 36 75 to
2151 2360 54 75 the
2229 2360 65 75 dif-

1263 2407 104 75 ferent
1383 2407 98 75 hours
1505 2407 32 75 fo
1554 2407 33 75 as
1605 2407 34 75 to
1657 2407 82 75 fhew
1755 2407 55 75 the
1833 2407 72 75 true
1928 2407 77 75 time
2030 2407 41 75 of
2090 2407 54 75 the
2168 2407 63 75 day
2255 2407 39 75 or

1262 2453 92 75 night
1370 2453 32 75 at
1419 2453 42 75 all
1480 2453 103 75 places
1599 2453 40 75 on
1656 2453 71 75 that
1739 2453 166 75 meridian.
1953 2453 197 75 Therefore,

1309 2500 57 75 To
1388 2500 95 75 every
1500 2500 90 75 place
1611 2500 39 75 15
1675 2500 131 75 degrees
1831 2500 152 75 eaftward
2007 2500 85 75 from
2116 2500 63 75 any
2200 2500 96 75 given

1263 2546 164 75 meridian,
1453 2546 26 75 it
1501 2546 27 75 is
1553 2546 85 75 noon
1662 2546 39 75 an
1726 2546 83 75 hour
1833 2546 111 75 fooner
1961 2546 76 75 than
2054 2546 41 75 on
2111 2546 73 75 that
2199 2546 96 75 meri-

1263 2593 86 75 dian,
1375 2593 131 75 becaufe
1522 2593 84 75 their
1623 2593 153 75 meridian
1794 2593 109 75 comes
1928 2593 36 75 to
1990 2593 56 75 the
2070 2593 56 75 fun
2210 2593 85 75 hour

1262 2639 132 75 fooner;
1438 2639 63 75 and
1525 2639 36 75 to
1585 2639 42 75 all
1651 2639 107 75 places
1789 2639 38 75 15
1853 2639 132 75 degrees
2007 2639 178 75 weftward,
2218 2639 26 75 it
2267 2639 28 75 is

1263 2687 83 75 noon
1358 2687 39 75 an
1410 2687 82 75 hour
1508 2687 93 75 later,
1619 2687 133 75 becaufe
1767 2687 85 75 their
1865 2687 153 75 meridian
2034 2687 105 75 comes
2156 2687 39 75 an
2211 2687 83 75 hour

1262 2733 81 75 later
1359 2733 35 75 to
1410 2733 55 75 the
1482 2733 69 75 fun,
1576 2733 62 75 and
1654 2733 34 75 fo
1705 2733 63 75 on;
1795 2733 97 75 every
1912 2733 38 75 15
1970 2733 132 75 degrees
2118 2733 41 75 of
2170 2733 124 75 motion

1263 2781 124 75 caufing
1403 2781 39 75 an
1466 2781 110 75 hour’s
1601 2781 173 75 difference
1797 2781 33 75 in
1854 2781 89 75 time.
1990 2781 196 75 Therefore,
2214 2781 80 75 they

1262 2828 74 75 who
1351 2828 83 75 have
1450 2828 84 75 noon
1552 2828 37 75 an
1607 2828 82 75 hour
1704 2828 82 75 later
1802 2828 76 75 than
1904 2828 60 75 we,
1987 2828 84 75 have
2090 2828 83 75 their
2196 2828 97 75 meri-

1261 2875 88 75 dian,
1373 2875 70 75 that
1460 2875 40 75 is,
1525 2875 85 75 their
1626 2875 178 75 longitude,
1826 2875 39 75 15
1879 2875 132 75 degrees
2027 2875 165 75 weftward
2208 2875 85 75 from

1262 2921 60 75 us;
1350 2921 60 75 and
1428 2921 79 75 they
1522 2921 75 75 who
1613 2921 80 75 have
1710 2921 83 75 qoon
1818 2921 39 75 an
1882 2921 83 75 hour
1992 2921 112 75 fooner
2129 2921 76 75 than
2230 2921 66 75 we,

1261 2968 81 75 have
1358 2968 85 75 their
1460 2968 152 75 meridian
1634 2968 37 75 15
1690 2968 130 75 degrees
1837 2968 153 75 eaftward
2005 2968 84 75 from
2106 2968 74 75 ours
2192 2968 10 75 ;
2230 2968 63 75 and

1261 3015 34 75 fo
1318 3015 51 75 for
1386 3015 98 75 every
1502 3015 110 75 hour’s
1628 3015 174 75 difference
1817 3015 41 75 of
1873 3015 81 75 time
1974 3015 38 75 15
2032 3015 132 75 degrees
2181 3015 110 75 differ-
2214 3054 76 75 ence
