2493 3387
719 130 491 75 ASTRO

168 189 68 75 pics
253 189 44 75 by
313 189 55 75 the
384 189 118 75 earth’s
524 189 125 75 diurnal
675 189 152 75 rotation.
874 189 58 75 All
952 189 105 75 places
1084 189 32 75 in
1142 189 55 75 the

169 234 154 75 northern
342 234 196 75 hemifphere
553 234 120 75 EN§>~
686 234 83 75 have
784 234 55 75 the
865 234 123 75 higheft
1003 234 83 75 tides
1102 234 94 75 when

168 281 79 75 they
269 281 90 75 come
382 281 67 75 into
473 281 55 75 the
552 281 134 75 pofition
710 281 69 75 bSB
870 281 101 75 under
993 281 56 75 the
1073 281 94 75 moon
1182 281 11 75 ;

167 327 64 75 and
258 327 56 75 the
341 327 108 75 loweft
466 327 81 75 tides
576 327 92 75 when
695 327 56 75 the
778 327 118 75 earth’s
916 327 124 75 diurnal
1058 327 137 75 rotation

166 374 118 75 carries
301 374 89 75 them
405 374 69 75 into
488 374 57 75 the
561 374 133 75 pofition
710 374 96 75 aTE,
830 374 43 75 on
897 374 55 75 the
972 374 62 75 fide
1057 374 139 75 oppofite

166 419 35 75 to
217 419 56 75 the
289 419 95 75 moon
399 419 9 75 ;
436 419 54 75 the
518 419 123 75 reverfe
667 419 140 75 happens
824 419 32 75 at
884 419 56 75 the
963 419 83 75 fame
1070 419 77 75 time
1163 419 33 75 in

167 466 56 75 the
248 466 150 75 fouthern
423 466 198 75 hemifphere
644 466 117 75 ESQ_,
785 466 34 75 as
844 466 27 75 is
895 466 127 75 evident
1039 466 35 75 to
1102 466 92 75 fight.

165 513 77 75 The
259 513 70 75 axis
341 513 41 75 of
393 513 56 75 the
466 513 81 75 tides
564 513 72 75 aCd
648 513 58 75 has
722 513 72 75 now
811 513 41 75 its
869 513 89 75 poles
969 513 20 75 a
1002 513 62 75 and
1081 513 24 75 d
1116 513 8 75 '
1124 513 71 75 (be-

165 557 55 75 ing
237 557 118 75 always
374 557 45 75 90
436 557 130 75 degrees
579 557 84 75 from
675 557 55 75 the
747 557 121 75 higheft
885 557 187 75 elevations)
1091 557 32 75 in
1141 557 55 75 the

165 603 97 75 ardtic
289 603 64 75 and
379 603 152 75 antardlic
557 603 113 75 circles
684 603 10 75 ;
733 603 61 75 and
811 603 161 75 therefore
998 603 26 75 it
1041 603 26 75 is
1095 603 98 75 plain,

165 651 72 75 that
257 651 33 75 at
306 651 89 75 thefe
410 651 112 75 circles
546 651 90 75 there
652 651 26 75 is
703 651 58 75 but
785 651 60 75 one
867 651 66 75 tide
949 651 41 75 of
1008 651 99 75 flood,
1133 651 62 75 and

144 696 5 75 '
163 696 63 75 one
243 696 40 75 of
301 696 74 75 ebb,
400 696 32 75 in
458 696 54 75 the
538 696 90 75 lunar
651 696 74 75 day.
776 696 76 75 For,
878 696 92 75 when
987 696 55 75 the
1067 696 89 75 point
1172 696 22 75 a

164 743 145 75 revolves
326 743 75 75 half
410 743 103 75 round
529 743 34 75 to
580 743 29 75 b,
635 743 32 75 in
684 743 38 75 12
742 743 91 75 lunar
850 743 109 75 hours,
984 743 26 75 it
1025 743 58 75 has
1096 743 19 75 a
1126 743 67 75 tide

164 788 43 75 of
218 788 109 75 flood;
353 788 58 75 but
436 788 90 75 when
550 788 26 75 it
597 788 105 75 comes
720 788 35 75 to
779 788 55 75 the
849 788 85 75 fame
958 788 89 75 point
1063 788 21 75 a
1101 788 92 75 again

164 836 35 75 in
220 836 38 75 12
278 836 97 75 hours
392 836 100 75 more,
517 836 26 75 it
559 836 57 75 has
632 836 56 75 the
704 836 109 75 loweft
830 836 73 75 ebb.
952 836 39 75 In
1007 836 92 75 feven
1116 836 78 75 days

162 882 187 75 afterward,
375 882 55 75 the
446 882 95 75 moon
563 882 48 75 M
624 882 105 75 comes
755 882 34 75 to
807 882 54 75 the
878 882 193 75 equinoctial
1087 882 108 75 circle,

161 927 65 75 and
249 927 27 75 is
297 927 77 75 over
393 927 55 75 the
471 927 136 75 equator
721 927 8 75 '
729 927 100 75 when
850 927 81 75 both
950 927 172 75 elevations
1140 927 56 75 de-

162 973 102 75 fcribe
281 973 56 75 the
364 973 137 75 equator
515 973 10 75 ;
552 973 63 75 and
638 973 32 75 in
690 973 79 75 both
794 973 226 75 hemifpheres,
1047 973 32 75 at
1101 973 95 75 equal

163 1020 153 75 diftances
332 1020 86 75 from
434 1020 55 75 the
507 1020 147 75 equator,
679 1020 55 75 the
751 1020 83 75 tides
852 1020 53 75 are
922 1020 130 75 equally
1068 1020 76 75 high
1162 1020 31 75 in

160 1066 83 75 both
262 1066 86 75 parts
360 1066 39 75 of
411 1066 55 75 the
482 1066 91 75 lunar
589 1066 76 75 day.
713 1066 77 75 The
807 1066 104 75 whole
928 1066 198 75 phenomena
1140 1066 55 75 be-

162 1111 56 75 ing
235 1111 156 75 reverfed,
414 1111 92 75 when
531 1111 55 75 the
608 1111 96 75 moon
727 1111 58 75 has
812 1111 94 75 fouth
930 1111 205 75 declination,
1161 1111 35 75 to

163 1157 88 75 what
266 1157 79 75 they
360 1157 84 75 were
460 1157 93 75 when
571 1157 59 75 her
646 1157 193 75 declination
856 1157 64 75 was
933 1157 109 75 north,
1067 1157 129 75 require

163 1204 44 75 no
221 1204 125 75 farther
361 1204 203 75 defcription.

211 1250 37 75 In
277 1250 92 75 Plate
396 1250 115 75 XLV.
540 1250 56 75 fig.
627 1250 32 75 3,
690 1250 33 75 4.
744 1250 33 75 5.
818 1250 55 75 the
900 1250 90 75 earth
1023 1250 26 75 is
1083 1250 111 75 ortho-

162 1297 201 75 graphically
379 1297 161 75 projedted
556 1297 41 75 on
618 1297 55 75 the
690 1297 92 75 plane
799 1297 39 75 of
857 1297 56 75 the
932 1297 152 75 meridian
1100 1297 10 75 ;
1137 1297 59 75 but

161 1342 32 75 in
211 1342 97 75 order
325 1342 34 75 to
387 1342 140 75 defcribe
545 1342 18 75 a
588 1342 173 75 particular
788 1342 233 75 phenomenon,
1046 1342 49 75 we
1123 1342 72 75 now

160 1388 122 75 projedt
298 1388 26 75 it
340 1388 40 75 on
398 1388 54 75 the
470 1388 92 75 plane
579 1388 39 75 of
629 1388 56 75 the
702 1388 140 75 ecliptic.
878 1388 38 75 In
933 1388 54 75 the
1000 1388 82 75 fame
1099 1388 96 75 Plate

162 1436 57 75 fig.
238 1436 34 75 2.
296 1436 47 75 let
359 1436 146 75 HZQN
517 1436 38 75 be
571 1436 55 75 the
638 1436 88 75 earth
745 1436 63 75 and
822 1436 63 75 fea,
911 1436 95 75 FED
1023 1436 55 75 the
1094 1436 98 75 equa-

162 1479 65 75 tor,
253 1479 35 75 T
299 1479 55 75 the
378 1479 102 75 tropic
504 1479 39 75 of
555 1479 138 75 Cancer,
718 1479 29 75 C
760 1479 54 75 the
831 1479 95 75 ardtic
949 1479 107 75 circle,
1081 1479 31 75 P
1138 1479 55 75 the

162 1526 97 75 north
277 1526 84 75 pole,
386 1526 63 75 and
465 1526 54 75 the
536 1526 111 75 curves
669 1526 13 75 1
705 1526 18 75 2

887 1526 43 75 24
948 1526 181 75 meridians,
1154 1526 38 75 or

158 1574 224 75 hour-circles,
407 1574 199 75 interfedling
621 1574 77 75 each
716 1574 92 75 other
825 1574 31 75 in
869 1574 55 75 the
941 1574 111 75 poles;
1079 1574 116 75 ACM

158 1618 28 75 is
205 1618 55 75 the
276 1618 123 75 moon’s
427 1618 97 75 orbit,
550 1618 26 75 S
604 1618 55 75 the
685 1618 82 75 Sun,
792 1618 47 75 M
861 1618 55 75 the
943 1618 109 75 moon,
1078 1618 33 75 Z
1137 1618 54 75 the

158 1665 102 75 water
276 1665 144 75 elevated
442 1665 101 75 under
561 1665 56 75 the
641 1665 106 75 moon,
774 1665 63 75 and
917 1665 55 75 the
992 1665 141 75 oppofite
1157 1665 33 75 e-

157 1710 79 75 qual
253 1710 170 75 elevation.
473 1710 49 75 As
535 1710 54 75 the
612 1710 112 75 loweft:
736 1710 87 75 parts
836 1710 42 75 of
886 1710 56 75 the
961 1710 97 75 water
1075 1710 52 75 are
1144 1710 46 75 al-

158 1757 90 75 ways
266 1757 45 75 90
327 1757 132 75 degrees
476 1757 84 75 from
583 1757 56 75 the
654 1757 135 75 higheft,
814 1757 92 75 when
924 1757 54 75 the
994 1757 96 75 moon
1115 1757 26 75 is
1158 1757 31 75 in

160 1803 102 75 either
278 1803 40 75 of
340 1803 55 75 the
412 1803 132 75 tropics,
571 1803 50 75 (as
639 1803 31 75 at
691 1803 77 75 /If),
799 1803 54 75 the
877 1803 156 75 elevation
1052 1803 35 75 Z
1103 1803 27 75 is
1148 1803 41 75 on

158 1850 56 75 the
230 1850 103 75 tropic
345 1850 40 75 of
396 1850 189 75 Capricorn,
612 1850 62 75 and
690 1850 55 75 the
760 1850 140 75 oppofite
917 1850 159 75 elevation
1093 1850 45 75 N
1148 1850 41 75 on

156 1896 57 75 the
230 1896 103 75 tropic
349 1896 39 75 of
400 1896 138 75 Cancer,
563 1896 54 75 the
633 1896 181 75 low-water
837 1896 95 75 circle
949 1896 92 75 HCO
1057 1896 131 75 touches

157 1943 56 75 the
229 1943 91 75 polar
336 1943 110 75 circles
463 1943 33 75 at
513 1943 30 75 C
551 1943 11 75 \
598 1943 62 75 and
676 1943 55 75 the
748 1943 195 75 high-water
959 1943 95 75 circle
1070 1943 117 75 ETP6

156 1988 77 75 goes
250 1988 77 75 over
350 1988 55 75 the
428 1988 87 75 poles
533 1988 32 75 at
592 1988 45 75 P,
663 1988 63 75 and
753 1988 124 75 divides
894 1988 96 75 every
1006 1988 130 75 parallel
1152 1988 43 75 of

156 2034 136 75 latitude
304 2034 69 75 into
389 2034 67 75 two
472 2034 96 75 equal
583 2034 171 75 fegments.
802 2034 39 75 In
866 2034 64 75 this
949 2034 68 75 cafe
1034 2034 55 75 the
1106 2034 81 75 tides

157 2078 86 75 upqj|
259 2078 96 75 every
367 2078 129 75 parallel
509 2078 52 75 are
573 2078 188 75 alternately
773 2078 115 75 higher
903 2078 61 75 and
980 2078 100 75 lower
1094 2078 11 75 ;
1131 2078 57 75 but

156 2125 79 75 they
253 2125 106 75 return
376 2125 31 75 in
425 2125 93 75 equal
536 2125 91 75 times
644 2125 8 75 :
690 2125 77 75 The
785 2125 89 75 point
891 2125 41 75 T,
959 2125 51 75 for
1026 2125 160 75 example,

156 2171 42 75 on
216 2171 54 75 the
288 2171 103 75 tropic
407 2171 40 75 of
459 2171 136 75 Cancer,
623 2171 125 75 (where
765 2171 56 75 the
838 2171 98 75 depth
954 2171 40 75 of
1005 2171 55 75 the
1077 2171 66 75 tide
1159 2171 35 75 is:

155 2218 202 75 reprefented
385 2218 43 75 by
445 2218 56 75 the
528 2218 135 75 breadth
688 2218 40 75 of
749 2218 55 75 the
831 2218 80 75 dark
935 2218 123 75 ftiade),
1083 2218 57 75 has
1169 2218 19 75 a

155 2264 165 75 fhallower
336 2264 65 75 tide
418 2264 40 75 of
480 2264 87 75 flood
594 2264 33 75 at
644 2264 39 75 T
700 2264 76 75 than
794 2264 92 75 when
903 2264 26 75 it
946 2264 143 75 revolves
1117 2264 79 75 half,

155 2310 102 75 round
276 2310 83 75 from
384 2310 114 75 thence
523 2310 40 75 to,
582 2310 34 75 6-,
641 2310 170 75 according
836 2310 35 75 to
887 2310 55 75 the
959 2310 95 75 order
1071 2310 40 75 of
1130 2310 56 75 the

154 2357 142 75 numeral
313 2357 118 75 figures
444 2357 11 75 ;
492 2357 58 75 but
566 2357 26 75 it
609 2357 144 75 revolves
771 2357 33 75 as
821 2357 76 75 foon
915 2357 84 75 from
1017 2357 20 75 6
1055 2357 35 75 to
1108 2357 33 75 7"
1152 2357 34 75 as

155 2402 27 75 it
199 2402 55 75 did
282 2402 84 75 from
385 2402 33 75 T
440 2402 35 75 to
492 2402 36 75 6.
575 2402 110 75 When
703 2402 55 75 the
786 2402 95 75 moon
908 2402 27 75 is
963 2402 32 75 in
1023 2402 55 75 the
1095 2402 90 75 equi-

154 2449 128 75 noctial,
308 2449 55 75 the
386 2449 172 75 elevations
576 2449 34 75 Z
633 2449 60 75 and
720 2449 44 75 N
780 2449 52 75 are
853 2449 197 75 transferred
1077 2449 35 75 to
1129 2449 57 75 the

154 2495 136 75 equator
306 2495 34 75 at
356 2495 26 75 0
400 2495 62 75 and
553 2495 62 75 and
631 2495 55 75 the
702 2495 76 75 high
797 2495 63 75 and
875 2495 180 75 low-water
1072 2495 111 75 circles

154 2541 55 75 are
225 2541 57 75 got
298 2541 68 75 into
385 2541 83 75 each
486 2541 120 75 other’s
632 2541 118 75 former
775 2541 105 75 places
895 2541 10 75 ;
940 2541 32 75 in
992 2541 105 75 which
1115 2541 69 75 cafe

154 2587 56 75 the
228 2587 82 75 tides
328 2587 107 75 return
453 2587 31 75 in
497 2587 135 75 unequal
651 2587 104 75 times,
782 2587 57 75 but
850 2587 54 75 are
916 2587 127 75 equally
1059 2587 78 75 high
1150 2587 33 75 in

153 2634 81 75 both
251 2634 86 75 parts
354 2634 40 75 of
406 2634 54 75 the
475 2634 91 75 lunar
583 2634 62 75 day
660 2634 8 75 :
696 2634 51 75 for
763 2634 20 75 a
797 2634 90 75 place
903 2634 33 75 at
957 2634 12 75 1
993 2634 116 75 (under
1127 2634 53 75 D)

153 2680 166 75 revolving
347 2680 33 75 as
406 2680 166 75 formerly,
597 2680 75 75 goes
693 2680 112 75 fooner
831 2680 82 75 from
935 2680 13 75 1
969 2680 35 75 to
1026 2680 53 75 11,
1108 2680 73 75 (un-

153 2726 58 75 der
228 2726 76 75 F),.
316 2726 77 75 than
414 2726 84 75 from
529 2726 35 75 11
594 2726 34 75 to
650 2726 30 75 1,
705 2726 131 75 becaufe
852 2726 56 75 the
925 2726 129 75 parallel
1080 2726 28 75 it
1125 2726 59 75 de-

152 2772 117 75 feribes
298 2772 26 75 is
342 2772 54 75 cut
419 2772 68 75 into
504 2772 136 75 unequal
668 2772 156 75 fegments
849 2772 44 75 by
916 2772 54 75 the
987 2772 195 75 high-water

152 2819 97 75 circle
278 2819 90 75 HCO
383 2819 5 75 •
388 2819 3 75 .
425 2819 58 75 but
503 2819 53 75 the
582 2819 103 75 points
708 2819 11 75 1
742 2819 61 75 and
824 2819 37 75 ix
882 2819 94 75 being
992 2819 189 75 equidiftant

152 2865 85 75 from
254 2865 55 75 the
325 2865 72 75 pole
413 2865 40 75 of
471 2865 54 75 the
547 2865 80 75 tides
645 2865 32 75 at
694 2865 37 75 C,
756 2865 105 75 which
882 2865 27 75 is
930 2865 134 75 direCHy
1081 2865 100 75 under

152 2911 56 75 the
225 2911 72 75 pole
309 2911 40 75 of
360 2911 55 75 the
430 2911 123 75 moon’s
570 2911 85 75 orbit
672 2911 123 75 MCAA,
820 2911 56 75 the
888 2911 172 75 elevations
1078 2911 53 75 are
1146 2911 33 75 e-

153 2958 109 75 qualiy
275 2958 76 75 high
363 2958 34 75 in
414 2958 78 75 both
508 2958 86 75 parts
606 2958 40 75 of
657 2958 55 75 the
727 2958 76 75 day.

1293 127 43 75 N
1414 127 41 75 O
1532 127 50 75 M
1667 127 46 75 V.

2187 127 82 75 475

1289 189 77 75 And
1383 189 73 75 thus
1480 189 27 75 it
1530 189 144 75 appears,
1699 189 70 75 tha£
1792 189 33 75 as
1849 189 58 75 the
1928 189 84 75 tides
2034 189 53 75 are
2110 189 164 75 governed

1241 235 44 75 by
1302 235 55 75 the
1373 235 108 75 moon,
1508 235 77 75 they
1602 235 80 75 muft
1697 235 74 75 turn
1788 235 40 75 on
1853 235 56 75 the
1930 235 71 75 axis
2018 235 40 75 of
2078 235 53 75 the
2148 235 123 75 moon’s

1243 281 96 75 orbit,
1364 281 106 75 which
1485 281 28 75 is
1530 281 138 75 inclined
1693 281 69 75 234
1780 281 132 75 degrees
1936 281 35 75 to
1987 281 55 75 the
2066 281 118 75 earth’s
2201 281 70 75 axis

1243 328 31 75 at
1292 328 18 75 a
1325 328 91 75 mean
1428 328 78 75 ftate
1521 328 8 75 :
1556 328 62 75 and
1630 328 161 75 therefore
1803 328 55 75 the
1874 328 88 75 poles
1974 328 40 75 of
2026 328 54 75 the
2096 328 82 75 tides
2191 328 80 75 muft

1242 374 39 75 be
1308 374 34 75 fo
1369 374 96 75 many
1480 374 131 75 degrees
1629 374 84 75 from
1730 374 54 75 the
1812 374 88 75 poles
1918 374 39 75 of
1979 374 56 75 the
2051 374 104 75 earth,
2180 374 37 75 or
2239 374 34 75 in

1242 421 140 75 oppofite
1399 421 105 75 points
1521 421 41 75 of
1584 421 53 75 the
1666 421 89 75 polar
1782 421 123 75 circles,
1931 421 97 75 going
2056 421 104 75 round
2183 421 88 75 thefe

1242 467 113 75 circles
1371 467 32 75 in
1420 467 96 75 every
1526 467 91 75 lunar
1633 467 76 75 day.
1758 467 31 75 It
1804 467 27 75 is
1848 467 83 75 true,
1948 467 83 75 that,
2048 467 171 75 according
2235 467 35 75 to

1241 514 92 75 Plate
1348 514 114 75 XLV.
1481 514 54 75 fig.
1556 514 34 75 4.
1616 514 93 75 when
1741 514 55 75 the
1824 514 95 75 moon
1944 514 26 75 is
1995 514 132 75 vertical
2150 514 36 75 to
2216 514 56 75 the

1241 559 137 75 equator
1393 559 115 75 EC^,
1533 559 55 75 the
1604 559 88 75 poles
1709 559 40 75 of
1759 559 57 75 the
1830 559 83 75 tides
1930 559 82 75 feem
2024 559 34 75 to
2075 559 57 75 fall
2149 559 32 75 in
2193 559 80 75 with

1242 606 55 75 the
1313 606 88 75 poles
1422 606 40 75 of
1473 606 55 75 the
1546 606 102 75 world
1666 606 44 75 N
1720 606 61 75 and
1798 606 26 75 S
1838 606 9 75 :
1875 606 58 75 but
1949 606 91 75 when
2061 606 48 75 we
2130 606 141 75 confider

1241 652 71 75 that
1329 652 96 75 FHG
1440 652 28 75 is
1484 652 102 75 under
1601 652 55 75 the
1669 652 123 75 moon’s
1805 652 97 75 orbit,
1928 652 27 75 it
1971 652 66 75 will
2054 652 129 75 appear,
2200 652 71 75 that

1241 698 92 75 when
1351 698 55 75 the
1421 698 96 75 moon
1544 698 27 75 is
1588 698 77 75 over
1681 698 49 75 i/,
1755 698 33 75 in
1815 698 56 75 the
1899 698 103 75 tropic
2018 698 40 75 of
2079 698 192 75 Capricorn,

1242 745 54 75 the
1309 745 95 75 north
1421 745 73 75 pole
1511 745 40 75 of
1572 745 57 75 the
1644 745 83 75 tides
1745 745 120 75 (which
1886 745 58 75 can
1969 745 42 75 be
2030 745 41 75 no
2088 745 88 75 more
2192 745 80 75 than

1243 792 46 75 90
1303 792 132 75 degrees
1452 792 85 75 from
1553 792 102 75 under
1677 792 55 75 the
1749 792 111 75 moon)
1886 792 80 75 muft
1994 792 39 75 be
2062 792 33 75 at
2123 792 16 75 c
2166 792 33 75 in
2214 792 58 75 the

1242 838 95 75 arClic
1354 838 108 75 circle,
1487 838 56 75 not
1568 838 32 75 at
1629 838 50 75 N,
1713 838 56 75 the
1796 838 97 75 north
1918 838 73 75 pole
2013 838 41 75 of
2075 838 56 75 the
2152 838 91 75 earth
2257 838 12 75 ;

1243 884 60 75 and
1321 884 33 75 as
1371 884 56 75 the
1442 884 96 75 moon
1555 884 129 75 afeends
1711 884 84 75 from
1813 884 38 75 i/
1867 884 34 75 to
1918 884 30 75 (7
1965 884 32 75 in
2013 884 58 75 her
2088 884 99 75 orbit,
2215 884 56 75 the

1242 930 96 75 north
1366 930 72 75 pole
1455 930 40 75 of
1517 930 55 75 the
1599 930 82 75 tides
1708 930 81 75 muft
1816 930 74 75 fhift
1917 930 83 75 from
2024 930 18 75 c
2068 930 35 75 to
2119 930 21 75 ^
2166 930 32 75 in
2215 930 56 75 the

1241 976 95 75 arftic
1360 976 109 75 circle,
1495 976 63 75 and
1573 976 55 75 the
1640 976 91 75 fouth
1748 976 73 75 pole
1833 976 32 75 as
1883 976 94 75 much
1994 976 32 75 in
2038 976 56 75 the
2107 976 162 75 antanftic.

1289 1023 31 75 It
1347 1023 28 75 is
1392 1023 56 75 not
1465 1023 35 75 to
1528 1023 39 75 be
1594 1023 156 75 doubted,
1776 1023 56 75 but
1861 1023 70 75 that
1953 1023 56 75 the
2036 1023 119 75 earth’s
2172 1023 99 75 quick

1244 1069 138 75 rotation
1398 1069 108 75 brings
1522 1069 55 75 the
1594 1069 88 75 poles
1699 1069 40 75 of
1761 1069 55 75 the
1832 1069 82 75 tides
1931 1069 111 75 nearer
2057 1069 36 75 to
2109 1069 55 75 the
2181 1069 90 75 poles

1242 1116 41 75 of
1301 1116 56 75 the
1372 1116 116 75 world,
1506 1116 77 75 than
1608 1116 78 75 they
1701 1116 109 75 would
1837 1116 39 75 be
1899 1116 31 75 if
1953 1116 56 75 the
2028 1116 91 75 earth
2137 1116 83 75 were
2237 1116 34 75 at

1242 1162 72 75 reft,
1340 1162 62 75 and
1414 1162 55 75 the
1485 1162 95 75 moon
1598 1162 150 75 revolved
1759 1162 97 75 about
1872 1162 27 75 it
1915 1162 76 75 only
2003 1162 77 75 once
2097 1162 19 75 a
2132 1162 111 75 month
2257 1162 24 75 ;,

1241 1208 52 75 for
1308 1208 168 75 otherwife
1492 1208 57 75 the
1565 1208 86 75 tides
1665 1208 109 75 would
1796 1208 41 75 be
1863 1208 88 75 more
1971 1208 137 75 unequal
2136 1208 32 75 in
2184 1208 86 75 their

1240 1254 142 75 heights,
1408 1254 61 75 and
1493 1254 94 75 times
1611 1254 41 75 of
1668 1254 84 75 their
1777 1254 137 75 returns,
1939 1254 77 75 than
2039 1254 48 75 we
2110 1254 66 75 find
2192 1254 79 75 they

1241 1300 64 75 are.
1355 1300 67 75 But
1446 1300 74 75 how
1536 1300 76 75 near
1627 1300 56 75 the
1708 1300 118 75 earth’s
1850 1300 140 75 rotation
2014 1300 75 75 may
2104 1300 94 75 bring
2214 1300 56 75 the

1240 1347 89 75 poles
1345 1347 40 75 of
1395 1347 41 75 its
1454 1347 72 75 axis
1540 1347 63 75 and
1620 1347 89 75 thofe
1725 1347 40 75 of
1776 1347 56 75 the
1848 1347 82 75 tides
1955 1347 159 75 together,
2140 1347 38 75 or
2193 1347 76 75 how

1239 1393 49 75 far
1304 1393 55 75 the
1375 1393 170 75 preceding
1561 1393 81 75 tides
1660 1393 73 75 may
1749 1393 92 75 affedt
1857 1393 90 75 thofe
1963 1393 104 75 which
2085 1393 124 75 follow,
2234 1393 35 75 fo

1238 1439 33 75 as
1288 1439 36 75 to
1340 1439 91 75 make
1448 1439 87 75 them
1552 1439 79 75 keep
1645 1439 40 75 up
1698 1439 108 75 nearly
1823 1439 34 75 to
1874 1439 54 75 the
1945 1439 83 75 fame
2043 1439 141 75 heights,
2205 1439 65 75 and

1238 1485 93 75 times
1348 1485 39 75 of
1400 1485 117 75 ebbing
1533 1485 62 75 and
1611 1485 139 75 flowing,
1775 1485 30 75 is
1819 1485 19 75 a
1854 1485 145 75 problem
2019 1485 88 75 more
2123 1485 37 75 fit
2176 1485 35 75 to
2228 1485 40 75 be

1239 1531 108 75 fblved
1359 1531 43 75 by
1414 1531 198 75 obfervation
1624 1531 77 75 than
1718 1531 43 75 by
1776 1531 128 75 theory.

1284 1579 112 75 Thofe
1423 1579 75 75 who
1524 1579 81 75 have
1627 1579 208 75 opportunity
1859 1579 35 75 to
1915 1579 92 75 make
2035 1579 246 75 obfervations,.

1237 1623 61 75 and
1323 1623 94 75 chufe
1442 1623 35 75 to
1503 1623 113 75 fatisfy
1642 1623 187 75 themfelves
1854 1623 146 75 whether
2027 1623 55 75 the
2110 1623 81 75 tides
2213 1623 53 75 are

1236 1670 100 75 really
1348 1670 135 75 aff&fied
1498 1670 31 75 in
1547 1670 55 75 the
1619 1670 100 75 above
1735 1670 130 75 manner
1891 1670 43 75 by
1949 1670 56 75 the
2021 1670 149 75 different
2187 1670 80 75 pofi-

1236 1717 83 75 tions
1336 1717 41 75 of
1399 1717 55 75 the
1472 1717 106 75 moon,
1603 1717 167 75 efpecially
1786 1717 34 75 as
1844 1717 36 75 to
1896 1717 55 75 the
1967 1717 139 75 unequal
2121 1717 93 75 times
2231 1717 41 75 of

1238 1762 84 75 their
1339 1762 136 75 returns,
1500 1762 73 75 may
1595 1762 73 75 take
1696 1762 63 75 this
1787 1762 127 75 general
1942 1762 68 75 rule
2038 1762 52 75 for
2115 1762 154 75 knowing

1236 1809 91 75 when
1344 1809 79 75 they
1439 1809 100 75 ought
1562 1809 34 75 to
1617 1809 39 75 be
1679 1809 35 75 fo
1737 1809 147 75 affe&ed.
1933 1809 113 75 When
2074 1809 55 75 the
2146 1809 120 75 earth’s

1234 1857 71 75 axis
1317 1857 131 75 inclines
1465 1857 36 75 to
1517 1857 55 75 the
1588 1857 110 75 moon,
1724 1857 55 75 the
1796 1857 156 75 northern,
1964 1857 96 75 tides,
2086 1857 32 75 if
2139 1857 58 75 not
2214 1857 50 75 re-

1235 1904 112 75 tarded
1360 1904 32 75 in
1404 1904 84 75 their
1499 1904 123 75 paflage
1633 1904 141 75 through
1786 1904 101 75 fhoals
1895 1904 66 75 and
1973 1904 165 75 channels,
2149 1904 59 75 nor
2217 1904 49 75 af-

1234 1949 104 75 fedted
1355 1949 42 75 by
1413 1949 56 75 the
1485 1949 115 75 winds,
1624 1949 102 75 ought
1743 1949 35 75 to
1794 1949 40 75 be
1850 1949 135 75 greateft
1996 1949 93 75 when
2102 1949 54 75 the
2168 1949 97 75 moon
2274 1949 7 75 •

1233 1994 27 75 is
1273 1994 100 75 above
1390 1994 55 75 the
1456 1994 149 75 horizon,
1622 1994 76 75 leaft
1710 1994 92 75 when
1814 1994 51 75 {he
1877 1994 26 75 is
1916 1994 104 75 below
2035 1994 39 75 it,
2100 1994 62 75 and
2174 1994 91 75 quite

1233 2041 57 75 the
1307 2041 122 75 reverfe
1442 2041 91 75 when
1551 2041 55 75 the
1618 2041 120 75 earth’s
1750 2041 70 75 axis
1833 2041 138 75 declines
1988 2041 84 75 from
2083 2041 58 75 her
2154 2041 11 75 ;
2192 2041 70 75 but,

1233 2086 32 75 in
1278 2086 78 75 both
1371 2086 96 75 cafes,
1477 2086 36 75 at
1524 2086 94 75 equal
1628 2086 151 75 intervals
1792 2086 39 75 of
1838 2086 89 75 time.
1935 2086 8 75 -
1953 2086 111 75 When
2076 2086 55 75 the
2143 2086 119 75 earth’s

1234 2133 69 75 axis
1315 2133 132 75 inclines
1464 2133 137 75 fidewife
1613 2133 35 75 to
1668 2133 54 75 the
1740 2133 107 75 moon,
1872 2133 79 75 both
1969 2133 81 75 tides
2068 2133 53 75 are
2133 2133 131 75 equally

1233 2179 89 75 high,
1341 2179 58 75 but
1416 2179 77 75 they
1508 2179 123 75 happen
1652 2179 33 75 at
1701 2179 137 75 unequal
1859 2179 149 75 intervals
2028 2179 41 75 of
2087 2179 87 75 time.
2224 2179 40 75 In
2275 2179 4 75 .

1234 2226 96 75 every
1346 2226 143 75 lunation
1506 2226 56 75 the
1574 2226 120 75 earth’s
1711 2226 70 75 axis
1798 2226 129 75 incliaes
1940 2226 78 75 once
2030 2226 35 75 to
2081 2226 56 75 the
2153 2226 109 75 moon,

1234 2272 79 75 once
1329 2272 84 75 from
1428 2272 72 75 her;
1525 2272 63 75 and
1610 2272 93 75 twice
1719 2272 138 75 fidewife
1883 2272 36 75 to
1935 2272 69 75 her,
2030 2272 34 75 as
2091 2272 26 75 it
2132 2272 78 75 does
2227 2272 36 75 to
2274 2272 6 75 >

1232 2318 55 75 the
1315 2318 56 75 fun
1393 2318 96 75 every
1513 2318 74 75 year
1601 2318 23 75 ;,
1639 2318 131 75 becaufe
1794 2318 55 75 the
1866 2318 96 75 moon
1984 2318 78 75 goes
2086 2318 103 75 round
2204 2318 58 75 the

1233 2365 126 75 ecliptic
1383 2365 97 75 every
1496 2365 124 75 month,
1645 2365 61 75 and
1730 2365 55 75 the
1809 2365 56 75 fun
1893 2365 58 75 but
1979 2365 79 75 once
2080 2365 32 75 in
2129 2365 18 75 a
2171 2365 89 75 year.

1231 2412 38 75 In
1286 2412 148 75 fummer,
1458 2412 56 75 the
1535 2412 117 75 earth’s
1677 2412 69 75 axis
1768 2412 131 75 inclines
1926 2412 144 75 towa.rds
2092 2412 56 75 the
2163 2412 97 75 moon

1232 2457 106 75 when,
1352 2457 96 75 new;
1486 2457 76 75 and.
1576 2457 161 75 therefore
1765 2457 54 75 the
1844 2457 162 75 day-tidCs
2034 2457 32 75 in
2090 2457 56 75 the
2163 2457 96 75 north

1232 2503 100 75 ought
1359 2503 37 75 to
1422 2503 39 75 be
1489 2503 135 75 higheft,
1633 2503 4 75 .
1649 2503 61 75 and
1735 2503 190 75 night-tides
1952 2503 109 75 loweft
2088 2503 98 75 about
2203 2503 56 75 the

1231 2550 120 75 change
1365 2550 10 75 ;
1402 2550 33 75 at
1452 2550 54 75 the
1533 2550 61 75 full
1611 2550 54 75 the
1689 2550 135 75 reverfe.
1872 2550 47 75 At
1944 2550 56 75 the
2017 2550 145 75 quarters
2180 2550 79 75 they

1232 2595 99 75 ought
1348 2595 35 75 to
1399 2595 40 75 be
1455 2595 130 75 equally
1600 2595 90 75 high,
1715 2595 57 75 but
1789 2595 137 75 unequal
1954 2595 32 75 in
2004 2595 84 75 their
2105 2595 124 75 returns
2243 2595 11 75 ;

1230 2642 130 75 becaufe
1388 2642 55 75 the
1470 2642 117 75 earth’s
1616 2642 70 75 axis
1714 2642 76 75 then
1818 2642 130 75 inclines
1976 2642 139 75 fidewife
2141 2642 34 75 to
2199 2642 58 75 the

1230 2688 111 75 moon.
1388 2688 38 75 In
1443 2688 116 75 winter
1574 2688 55 75 the
1645 2688 198 75 phenomena
1866 2688 54 75 are
1941 2688 55 75 the
2021 2688 82 75 fame
2118 2688 35 75 at
2179 2688 76 75 full-

1230 2734 93 75 moon
1341 2734 33 75 as
1389 2734 33 75 in
1437 2734 134 75 fummer
1587 2734 33 75 at
1636 2734 81 75 new.
1768 2734 38 75 In
1823 2734 130 75 autumn
1977 2734 54 75 the
2049 2734 117 75 earth’s
2184 2734 71 75 axis

1228 2781 129 75 inclines
1374 2781 136 75 fidewife
1527 2781 41 75 to,
1578 2781 55 75 the
1649 2781 204 75 moon-when
1870 2781 71 75 new
1956 2781 62 75 and
2034 2781 84 75 full;
2149 2781 105 75 there-

1228 2826 70 75 fore
1314 2826 55 75 the
1385 2826 81 75 tides
1489 2826 101 75 ought
1605 2826 36 75 to
1665 2826 39 75 be
1721 2826 128 75 equally
1866 2826 106 75 high,.
1982 2826 61 75 and
2067 2826 137 75 unequal
2221 2826 33 75 in

1228 2872 83 75 their
1328 2872 123 75 returns
1468 2872 32 75 at
1527 2872 87 75 thefe
1642 2872 105 75 times.
1798 2872 46 75 At
1872 2872 54 75 the
1955 2872 62 75 firft
2041 2872 130 75 quarter
2198 2872 55 75 the

1227 2920 82 75 tides
1325 2920 40 75 of
1374 2920 87 75 flood
1478 2920 109 75 ftiould
1603 2920 39 75 be
1657 2920 76 75 leaft
1749 2920 91 75 when
1854 2920 55 75 the
1926 2920 95 75 moon
2038 2920 26 75 is
2082 2920 99 75 above
2198 2920 55 75 the

1226 2973 147 75 horizon,
1399 2973 135 75 greateft
1548 2973 93 75 when
1656 2973 51 75 ftie
1730 2973 28 75 is
1782 2973 103 75 below
1903 2973 53 75 it;
1982 2973 63 75 and
2057 2973 197 75 the.reverfe
