2431 3327
171 170 29 75 4
200 152 25 49 2

634 154 42 75 A
755 154 41 75 G
874 154 37 75 R
987 154 18 75 I
1082 154 35 75 C
1196 153 44 75 U

385 284 26 75 S
428 284 24 75 e
472 284 22 75 c
513 284 44 75 t.
587 284 51 75 II.
698 284 67 75 Of
777 284 67 75 the
862 284 108 75 Root.

220 363 42 75 In
289 363 182 75 examining
487 363 56 75 the
569 363 73 75 root
667 363 41 75 of
727 363 117 75 plants,
869 363 56 75 the
942 363 63 75 firft
1021 363 94 75 thing
1131 363 72 75 that

175 410 139 75 prefents
329 410 91 75 itfelf
430 410 26 75 is
474 410 55 75 the
554 410 78 75 flcin,
658 410 107 75 which
782 410 26 75 is
825 410 40 75 of
876 410 127 75 various
1026 410 127 75 colours
1169 410 33 75 in

174 456 150 75 different
339 456 117 75 plants.
504 456 112 75 Every
632 456 86 75 root,
744 456 82 75 after
841 456 26 75 it
889 456 58 75 has
970 456 127 75 arrived
1124 456 33 75 at
1184 456 20 75 a.

175 503 118 75 certain
311 503 70 75 age,
406 503 58 75 has
477 503 19 75 a
511 503 118 75 double
644 503 79 75 Ikin.
771 503 78 75 The
866 503 38 75 fir
906 503 24 75 ft
953 503 26 75 is
996 503 110 75 coeval
1122 503 80 75 with

174 549 55 75 the
246 549 94 75 other
356 549 100 75 parts,
483 549 63 75 and
561 549 95 75 exifts
673 549 33 75 in
723 549 54 75 the
800 549 94 75 feed:
929 549 58 75 but
1013 549 189 75 afterwards

175 596 91 75 there
281 596 28 75 is
326 596 19 75 a
359 596 74 75 ring
447 596 70 75 fent
541 596 53 75 off
615 596 85 75 from
722 596 56 75 the
803 596 93 75 bark,
922 596 64 75 and
999 596 102 75 forms
1120 596 19 75 a
1155 596 46 75 fe-

175 642 194 75 cond'lkin;
396 642 17 75 e
435 642 40 75 g.
500 642 33 75 in
549 642 56 75 the
623 642 73 75 root
720 642 40 75 of
779 642 56 75 the
851 642 185 75 dandelion,
1061 642 141 75 towards

174 690 57 75 the
248 690 62 75 end
326 690 40 75 of
377 690 96 75 May,
499 690 54 75 the
576 690 135 75 original
727 690 38 75 or
781 690 93 75 outer
890 690 66 75 (kin
974 690 129 75 appears
1126 690 77 75 thri-

174 735 107 75 veted,
306 735 64 75 and
385 735 28 75 is
429 735 93 75 eafily
542 735 164 75 feparated
724 735 86 75 from
832 735 57 75 the
913 735 71 75 new
999 735 74 75 one,
1097 735 107 75 which

175 784 27 75 is
220 784 130 75 frefher,
369 784 62 75 and
443 784 133 75 adheres
592 784 89 75 more
698 784 106 75 firmly
819 784 36 75 to
871 784 56 75 the
943 784 94 75 bark.
1085 784 119 75 Peren-

175 829 64 75 nial
262 829 103 75 plants
390 829 53 75 are
467 829 143 75 fupplied
625 829 34 75 in
675 829 65 75 this
757 829 129 75 manner
902 829 80 75 with
1006 829 19 75 a
1048 829 69 75 new
1140 829 66 75 fkin

176 876 96 75 every
287 876 99 75 year;
412 876 56 75 the
485 876 93 75 outer
590 876 61 75 one
668 876 118 75 always
804 876 74 75 falls
895 876 52 75 off
959 876 31 75 in
1007 876 56 75 the
1075 876 131 75 autumn

176 923 38 75 or
229 923 127 75 winter,
382 923 62 75 and
460 923 19 75 a
494 923 70 75 new
588 923 61 75 one
672 923 27 75 is
720 923 127 75 formed
873 923 86 75 from
987 923 55 75 the
1069 923 79 75 bark
1175 923 32 75 in

176 969 56 75 the
258 969 187 75 fucceedteg
472 969 118 75 fpring.
658 969 78 75 The
760 969 66 75 Ikin
851 969 58 75 has
933 969 170 75 numerous
1130 969 76 75 cells

177 1016 38 75 or
238 1016 122 75 veffels,
383 1016 63 75 and
469 1016 26 75 is
513 1016 20 75 a
555 1016 218 75 continuation
790 1016 50 75 of.
849 1016 55 75 the
921 1016 285 75 parenchymatous

177 1063 72 75 part
266 1063 39 75 of
318 1063 55 75 the
389 1063 132 75 radicle.
571 1063 176 75 However,
772 1063 26 75 it
814 1063 78 75 does
909 1063 56 75 not
982 1063 109 75 confift
1107 1063 102 75 folcly

178 1110 40 75 of
228 1110 234 75 parenchyma;
493 1110 53 75 for
561 1110 56 75 the
633 1110 195 75 microfcOpe
839 1110 98 75 fhews
950 1110 71 75 that
1040 1110 92 75 there
1154 1110 53 75 are

177 1155 97 75 many
297 1155 130 75 tubular
443 1155 127 75 lignous
588 1155 108 75 veffels
713 1155 210 75 interfperfed
940 1155 140 75 through
1097 1155 37 75 it.

225 1202 112 75 When
353 1202 56 75 the
425 1202 66 75 fkm
507 1202 27 75 is
551 1202 164 75 removed,
739 1202 57 75 the
810 1202 72 75 true
899 1202 132 75 cortical
1048 1202 161 75 fubftance

181 1250 37 75 or
236 1250 81 75 bark
334 1250 145 75 appears,
504 1250 106 75 which
633 1250 26 75 is
678 1250 64 75 alfo
760 1250 18 75 a
795 1250 218 75 continuation
1030 1250 40 75 of
1081 1250 57 75 the
1152 1250 56 75 pa-

178 1296 246 75 renchymatous
441 1296 71 75 part
529 1296 40 75 of
582 1296 56 75 the
655 1296 131 75 radicle,
811 1296 59 75 but
894 1296 126 75 greatly
1043 1296 166 75 augment-

180 1343 54 75 ed.
282 1343 76 75 The
375 1343 80 75 bark
471 1343 26 75 is
515 1343 39 75 of
561 1343 78 75 very
650 1343 151 75 different
818 1343 92 75 fizes.
959 1343 38 75 In
1015 1343 78 75 molt
1109 1343 98 75 trees,

179 1389 27 75 it
225 1389 26 75 is
269 1389 177 75 exceeding
462 1389 69 75 thin
547 1389 34 75 in
600 1389 189 75 proportion
805 1389 35 75 to
855 1389 57 75 the
928 1389 97 75 wood
1047 1389 62 75 and
1125 1389 83 75 pith.

180 1436 54 75 On
250 1436 57 75 the
319 1436 95 75 other
429 1436 148 75 hand,"In
589 1436 135 75 carrots,
741 1436 25 75 it
782 1436 27 75 is
827 1436 111 75 almoft
950 1436 60 75 one
1025 1436 74 75 half
1106 1436 39 75 of
1153 1436 56 75 the

178 1482 233 75 femidiameter
426 1482 40 75 of
483 1482 56 75 the
556 1482 94 75 root;
678 1482 74 75 and,
777 1482 32 75 in
826 1482 183 75 dandelion,
1033 1482 26 75 it
1074 1482 26 75 is
1118 1482 91 75 near-

179 1529 35 75 ly
231 1529 94 75 twice
343 1529 33 75 as
389 1529 91 75 thick
497 1529 34 75 as
552 1529 55 75 the
623 1529 121 75 woody
759 1529 84 75 part.

233 1576 30 75 i.
287 1576 78 75 The
382 1576 108 75 Bark
509 1576 28 75 is
554 1576 170 75 compofed
736 1576 39 75 of
783 1576 69 75 two
861 1576 175 75 fubftances
1052 1576 10 75 ;
1081 1576 58 75 the
1154 1576 55 75 pa*

180 1621 185 75 renchyma,
382 1621 38 75 or
436 1621 89 75 pulp,
544 1621 105 75 which
661 1621 27 75 is
700 1621 56 75 the
768 1621 153 75 principal
932 1621 91 75 part;
1042 1621 63 75 and
1117 1621 19 75 a
1146 1621 70 75 few,

180 1668 7 75 '
187 1668 111 75 fcoody
314 1668 108 75 fibres.
469 1668 78 75 The
563 1668 215 75 parenchyma
798 1668 27 75 is
850 1668 214 75 exceedingly
1078 1668 131 75 porous,

183 1715 62 75 and
267 1715 56 75 has
341 1715 19 75 a
376 1715 90 75 great
482 1715 211 75 refemblance
710 1715 36 75 to
764 1715 18 75 a
797 1715 140 75 fpunge;
963 1715 53 75 for
1031 1715 27 75 it
1080 1715 129 75 Ihrivels

181 1761 217 75 confiderably
409 1761 94 75 when
515 1761 104 75 dried,
638 1761 63 75 and
712 1761 113 75 dilates
842 1761 35 75 to
893 1761 43 75 its
951 1761 122 75 former
1088 1761 122 75 dimen-

181 1808 82 75 fions
278 1808 94 75 when
388 1808 125 75 infufed
527 1808 34 75 in
577 1808 112 75 water.
736 1808 109 75 Thefe
868 1808 93 75 pores
979 1808 37 75 or
1031 1808 108 75 veffels
1158 1808 53 75 are

182 1854 57 75 not
259 1854 147 75 pervious
422 1854 33 75 fo
468 1854 34 75 as
519 1854 36 75 to
571 1854 232 75 communicate
822 1854 80 75 with
926 1854 76 75 each
1021 1854 106 75 other,
1151 1854 60 75 but

183 1901 108 75 confift
316 1901 40 75 of
374 1901 124 75 diftindt
512 1901 85 75 little
613 1901 77 75 cells
708 1901 37 75 or
761 1901 163 75 bladders,
949 1901 141 75 fcarcely
1105 1901 107 75 vifible

182 1948 138 75 without
332 1948 55 75 the
400 1948 152 75 afiiftance
565 1948 39 75 of
610 1948 56 75 the
678 1948 207 75 microfcope.
903 1948 39 75 In
951 1948 46 75 all
1010 1948 101 75 roots,
1125 1948 87 75 thefe

184 1994 75 75 cells
273 1994 53 75 are
343 1994 175 75 conftantly
529 1994 88 75 filled
628 1994 79 75 with
720 1994 18 75 a
750 1994 70 75 thin
831 1994 120 75 watery
963 1994 118 75 liquor.
1113 1994 101 75 They

182 2040 54 75 are
253 2040 162 75 generally
430 2040 41 75 of
483 2040 18 75 a
516 2040 153 75 fpherical
684 2040 121 75 figure;
834 2040 123 75 though
969 2040 33 75 in
1013 2040 85 75 fome
1110 2040 105 75 roots,

183 2087 35 75 as
235 2087 55 75 die
302 2087 127 75 buglofs
443 2087 62 75 and
516 2087 183 75 dandelion,
717 2087 78 75 they
812 2087 53 75 are
882 2087 132 75 oblong.
1062 2087 40 75 In
1118 2087 95 75 many

183 2133 103 75 roots,
299 2133 34 75 as
345 2133 56 75 the
412 2133 248 75 horfe-raddilh,
673 2133 118 75 peony,
804 2133 179 75 afparagus,
995 2133 143 75 potatoe,
1147 2133 65 75 <fac,

184 2180 56 75 the
257 2180 212 75 parenchyma
484 2180 27 75 is
528 2180 41 75 of
580 2180 60 75 one
656 2180 140 75 uniform
821 2180 165 75 ftrufture.
1042 2180 67 75 But
1125 2180 33 75 in
1176 2180 35 75 o-

184 2226 89 75 thers
290 2226 26 75 it
332 2226 27 75 is
376 2226 89 75 more
481 2226 187 75 diverfified,
686 2226 63 75 and
764 2226 74 75 puts
855 2226 42 75 on
914 2226 54 75 the
984 2226 92 75 fhape
1087 2226 40 75 of
1139 2226 73 75 rays

186 2272 140 75 running
341 2272 86 75 from
451 2272 55 75 the
531 2272 109 75 centre
662 2272 140 75 towards
827 2272 55 75 the
906 2272 247 75 circumference
1176 2272 42 75 of

188 2318 55 75 the
257 2318 92 75 bark.
396 2318 110 75 Thefe
526 2318 72 75 rays
618 2318 178 75 fometimes
814 2318 59 75 run
890 2318 90 75 quite
1000 2318 140 75 through
1157 2318 55 75 the

187 2364 91 75 bark,
305 2364 32 75 as
354 2364 32 75 in
406 2364 115 75 loyage
535 2364 9 75 ;
572 2364 63 75 and
650 2364 179 75 Ibiwetimes
849 2364 136 75 advance
1001 2364 140 75 towards
1158 2364 55 75 the

186 2412 123 75 middle
319 2412 41 75 of
365 2412 43 75 it,
422 2412 33 75 as
467 2412 33 75 in
511 2412 125 75 melilot
653 2412 62 75 and
726 2412 80 75 moft
817 2412 41 75 of
868 2412 55 75 the
935 2412 199 75 Leguminous
1151 2412 63 75 and

187 2456 241 75 umbelliferous
445 2456 118 75 plants.
610 2456 111 75 Thefe
738 2456 75 75 rays
834 2456 164 75 generally
1019 2456 90 75 ftand
1125 2456 34 75 at
1174 2456 40 75 an

189 2504 95 75 equal
301 2504 137 75 diftance
454 2504 85 75 from
555 2504 77 75 each
650 2504 93 75 other
771 2504 32 75 in
831 2504 56 75 the
910 2504 84 75 fame
1021 2504 108 75 plant;
1156 2504 58 75 but

188 2550 57 75 the
257 2550 147 75 diftance'
404 2550 103 75 varies
524 2550 124 75 greatly
656 2550 33 75 in
700 2550 151 75 different
867 2550 118 75 plants.
1010 2550 140 75 Neither
1162 2550 53 75 are

190 2597 10 75 t
205 2597 63 75 hey
280 2597 40 75 of
331 2597 99 75 equal
438 2597 76 75 fizes
528 2597 8 75 :
556 2597 38 75 In
611 2597 108 75 carrot
734 2597 78 75 they
824 2597 53 75 are
889 2597 212 75 exceedingly
1113 2597 101 75 fmall,

191 2644 63 75 and
281 2644 139 75 fcarcely
447 2644 187 75 difcernible
652 2644 11 75 ;
703 2644 33 75 in
753 2644 122 75 melilot
893 2644 62 75 and
971 2644 141 75 cherval,
1138 2644 78 75 they

191 2690 53 75 aie
261 2690 139 75 thicker.
446 2690 100 75 They
561 2690 53 75 are
630 2690 139 75 likewife
792 2690 89 75 more
897 2690 169 75 numerous
1083 2690 34 75 in
1131 2690 85 75 fome

190 2737 105 75 plants
315 2737 78 75 than
409 2737 36 75 in'
458 2737 122 75 others.
639 2737 191 75 Sometimes
848 2737 77 75 they
943 2737 56 75 are
1011 2737 107 75 of"the
1134 2737 83 75 fame

191 2783 160 75 thjeknefs
374 2783 85 75 from
476 2783 60 75 one
553 2783 79 75 edge
657 2783 41 75 of
713 2783 55 75 the
791 2783 81 75 bark
889 2783 35 75 to
941 2783 56 75 the
1013 2783 115 75 other;
1156 2783 63 75 and

191 2828 85 75 fonie
289 2828 90 75 grow
390 2828 100 75 wifer
503 2828 32 75 as
547 2828 79 75 they
638 2828 158 75 approach
814 2828 139 75 towards
966 2828 54 75 the
1037 2828 80 75 Ikin.
1141 2828 77 75 Thn

193 2875 106 75 veffels
317 2875 79 75 with
412 2875 106 75 which
542 2875 87 75 thefe
658 2875 71 75 rays
756 2875 52 75 are
832 2875 108 75 amply
967 2875 172 75 furnilhed,
1165 2875 53 75 are

192 2921 153 75 fuppofed
360 2921 35 75 to
411 2921 39 75 be
465 2921 187 75 air-veffels,
677 2921 130 75 becaufe
824 2921 77 75 they
918 2921 53 75 are
988 2921 117 75 always
1118 2921 102 75 found

193 2967 35 75 to
244 2967 39 75 be
304 2967 73 75 dry,
395 2967 63 75 and
474 2967 56 75 not
546 2967 34 75 fo
598 2967 195 75 tranfparent
811 2967 33 75 as
866 2967 55 75 the
938 2967 108 75 veffels
1064 2967 106 75 which
1185 2967 35 75 e-

192 3015 143 75 vidcntly
352 3015 127 75 contain
497 3015 55 75 the
568 3015 69 75 lap.

1318 151 34 75 L
1429 151 41 75 T
1547 151 45 75 U
1668 151 37 75 R
1781 151 65 75 E.

1302 218 38 75 In
1356 218 44 75 all
1416 218 102 75 roots,
1543 218 91 75 there
1658 218 54 75 are
1728 218 125 75 lignous
1869 218 109 75 veffels
1995 218 158 75 dilperfed
2167 218 32 75 in
2216 218 63 75 dif-

1256 265 103 75 ferent
1376 265 204 75 proportions
1597 265 141 75 through
1757 265 56 75 the
1834 265 213 75 parenchyma
2063 265 40 75 of
2113 265 57 75 the
2185 265 95 75 bark.

1254 312 109 75 Thefe
1397 312 126 75 lignous
1553 312 110 75 vefiels
1691 312 59 75 run
1778 312 246 75 longitudinally
2050 312 141 75 through
2223 312 58 75 the

1255 358 79 75 bark
1350 358 32 75 in
1398 358 56 75 the
1470 358 85 75 form
1571 358 40 75 of
1623 358 88 75 fmall
1727 358 142 75 threads,
1895 358 106 75 which
2019 358 53 75 are
2088 358 140 75 tubular,
2246 358 34 75 as

1253 404 27 75 is
1299 404 129 75 evident
1444 404 85 75 from
1544 404 56 75 the
1624 404 92 75 rifing
1727 404 39 75 of
1778 404 56 75 the
1849 404 52 75 fap
1917 404 33 75 in
1966 404 89 75 them
2071 404 94 75 when
2177 404 18 75 a
2207 404 75 75 root

1253 451 26 75 is
1297 451 55 75 cut
1372 451 219 75 tranfverfely.
1639 451 108 75 Thefe
1764 451 124 75 lignous
1905 451 177 75 fap-veffels
2095 451 43 75 do
2148 451 58 75 not
2223 451 59 75 run
2282 433 11 49 -

1254 497 32 75 in
1301 497 101 75 dired
1417 497 80 75 lines
1516 497 139 75 through
1671 497 56 75 the
1750 497 91 75 bark,
1866 497 70 75 but,
1960 497 34 75 at
2010 497 89 75 fmall
2114 497 170 75 diftances,

1253 545 116 75 incline
1385 545 140 75 towards
1541 545 61 75 one
1618 545 135 75 another
1768 545 33 75 in
1818 545 75 75 fiich
1910 545 18 75 a
1944 545 141 75 manner,
2110 545 70 75 that
2204 545 80 75 they

1256 591 115 75 appear
1391 591 35 75 to
1443 591 55 75 the
1515 591 104 75 naked
1636 591 59 75 eye
1722 591 36 75 to
1773 591 40 75 be
1837 591 213 75 inofculated;
2077 591 58 75 but
2151 591 56 75 the
2223 591 60 75 mi-

1254 638 148 75 crofcope
1424 638 159 75 difeovers
1599 638 90 75 them
1706 638 34 75 to
1757 638 40 75 be
1813 638 78 75 only
1907 638 203 75 contiguous,
2128 638 64 75 and
2208 638 72 75 bra-

1257 684 58 75 ced
1331 684 149 75 together
1496 684 44 75 by
1556 684 55 75 the
1627 684 226 75 parenchyma.
1900 684 110 75 Thefe
2027 684 108 75 braces
2155 684 46 75 -or
2228 684 55 75 co-

1257 732 168 75 ardations
1450 732 54 75 are
1531 732 79 75 very
1636 732 127 75 various
1781 732 78 75 both
1883 732 33 75 in
1934 732 63 75 fize
2014 732 62 75 and
2091 732 133 75 number
2250 732 34 75 in

1256 779 278 75 different-roots;
1561 779 58 75 but
1642 779 32 75 in
1699 779 42 75 all
1765 779 105 75 plants
1889 779 82 75 tliey
1990 779 53 75 are
2069 779 80 75 moft
2173 779 111 75 nume-

1258 823 74 75 rous
1349 823 141 75 towards
1507 823 55 75 the
1588 823 91 75 inner
1695 823 81 75 edge
1792 823 41 75 of
1852 823 55 75 the
1923 823 92 75 bark.
2063 823 141 75 Neither
2231 823 54 75 are

1257 871 88 75 thefe
1362 871 111 75 veffels
1488 871 96 75 Angle
1600 871 105 75 tubes,
1730 871 70 75 but,
1818 871 64 75 like
1899 871 54 75 the
1970 871 110 75 nerves
2093 871 33 75 in
2138 871 145 75 animals,

1259 917 53 75 are
1330 917 134 75 bundles
1481 917 41 75 of
1536 917 123 75 twenty
1676 917 36 75 or
1729 917 102 75 thirty
1854 917 90 75 fmall
1966 917 189 75 contiguous
2181 917 103 75 cylin-

1258 964 101 75 drical
1376 964 104 75 tubes,
1506 964 106 75 which
1626 964 3 75 ,
1636 964 175 75 uniformly
1838 964 59 75 run
1920 964 85 75 from
2030 964 56 75 the
2110 964 184 75 extremity,

1259 1011 40 75 of
1309 1011 56 75 the
1382 1011 85 75 root,
1493 1011 138 75 without
1647 1011 131 75 fending
1802 1011 53 75 off
1876 1011 62 75 any
1960 1011 169 75 branches,
2154 1011 39 75 or
2219 1011 67 75 fuf-

1258 1057 104 75 fering
1382 1057 62 75 any
1459 1057 120 75 change
1595 1057 32 75 in
1644 1057 83 75 their
1745 1057 62 75 fize
1827 1057 37 75 or
1883 1057 104 75 ftiape.

1306 1104 38 75 In
1360 1104 86 75 fome
1463 1104 102 75 roots,
1583 1104 33 75 as
1633 1104 137 75 parfnip,
1795 1104 169 75 efpecially
1978 1104 33 75 in
2035 1104 55 75 the
2113 1104 71 75 ring
2207 1104 86 75 next,

1260 1151 54 75 the
1330 1151 90 75 inner
1437 1151 175 75 extremity
1629 1151 41 75 of
1685 1151 55 75 the
1765 1151 91 75 bark,
1883 1151 89 75 thefe
1988 1151 110 75 vefiels
2123 1151 127 75 contain
2267 1151 21 75 a

1260 1197 79 75 kind
1354 1197 41 75 of
1405 1197 124 75 lymph,
1554 1197 105 75 which
1683 1197 28 75 is
1736 1197 132 75 fweeter
1882 1197 77 75 than
1977 1197 55 75 the
2048 1197 53 75 fap
2119 1197 170 75 contained

1259 1243 31 75 in
1307 1243 54 75 the
1379 1243 148 75 bladders
1545 1243 40 75 of
1608 1243 56 75 the
1680 1243 224 75 parenchyma.
1954 1243 97 75 From
2068 1243 64 75 this
2150 1243 136 75 circum-

1259 1290 102 75 ftance
1378 1290 77 75 they
1470 1290 81 75 have
1567 1290 57 75 got
1640 1290 55 75 the
1712 1290 90 75 name
1819 1290 39 75 of
1876 1290 222 75 lymph-dufis.

1305 1339 108 75 Thefe
1445 1339 218 75 lymph-duds
1691 1339 180 75 fometimes
1900 1339 87 75 yield
2009 1339 20 75 a
2050 1339 243 75 mucilaginous,

1259 1384 124 75 lymph,
1401 1384 32 75 as
1446 1384 33 75 in
1491 1384 55 75 the
1559 1384 194 75 comphrey;
1780 1384 62 75 and
1854 1384 178 75 fometimes
2046 1384 18 75 a
2074 1384 99 75 white
2187 1384 106 75 milky

1260 1431 161 75 glutinous
1438 1431 124 75 lymph,
1588 1431 34 75 as
1646 1431 33 75 in
1695 1431 56 75 the
1777 1431 154 75 angelica,
1956 1431 148 75 fonchus,
2129 1431 158 75 burdock,

1260 1478 201 75 fcorzonera,
1486 1478 183 75 dandelion,
1696 1478 64 75 ere.
1809 1478 77 75 The
1902 1478 219 75 lymph-duds
2139 1478 53 75 are
2217 1478 72 75 fup-

1260 1525 98 75 pofed
1374 1525 35 75 to
1425 1525 40 75 be
1489 1525 55 75 the
1571 1525 109 75 veflels
1696 1525 86 75 from
1806 1525 107 75 which
1937 1525 56 75 the
2021 1525 90 75 gums
2134 1525 63 75 and
2220 1525 69 75 bal-

1260 1571 80 75 fams
1358 1571 52 75 are
1426 1571 161 75 fecerned.
1635 1571 77 75 The
1726 1571 111 75 lymph
1853 1571 40 75 of
1903 1571 111 75 fennil,
2040 1571 92 75 when
2148 1571 144 75 expofed

1261 1618 33 75 to
1320 1618 55 75 the
1401 1618 58 75 air,
1486 1618 90 75 turns
1600 1618 70 75 into
1695 1618 18 75 a
1737 1618 85 75 clear
1846 1618 197 75 tranfparent
2059 1618 141 75 balfam;
2227 1618 64 75 and

1259 1665 71 75 that
1347 1665 41 75 of
1398 1665 55 75 the
1466 1665 205 75 fcorzonera,
1694 1665 188 75 dandelion,
1906 1665 65 75 <bc.
1997 1665 171 75 condenfes
2184 1665 70 75 into
2271 1665 19 75 a

1259 1713 88 75 gum.

1306 1759 77 75 The
1396 1759 148 75 fituation
1557 1759 40 75 of
1607 1759 57 75 the
1674 1759 110 75 veffels
1800 1759 27 75 is
1845 1759 140 75 various.
2018 1759 39 75 In
2074 1759 86 75 fome
2171 1759 122 75 plants,

1259 1806 79 75 they
1354 1806 90 75 ftand
1466 1806 33 75 in
1522 1806 19 75 a
1563 1806 71 75 ring
1650 1806 38 75 or
1713 1806 94 75 circle
1824 1806 32 75 at
1879 1806 55 75 the
1958 1806 91 75 inner
2074 1806 80 75 edge
2177 1806 39 75 of
2234 1806 56 75 the

1262 1851 92 75 bark,
1379 1851 33 75 as
1429 1851 32 75 in
1479 1851 166 75 afparagus
1660 1851 11 75 ;
1696 1851 33 75 in
1746 1851 123 75 others,
1894 1851 78 75 they
1997 1851 115 75 appear
2139 1851 32 75 in
2196 1851 93 75 lines,

1264 1897 36 75 or
1316 1897 86 75 rays,
1429 1897 33 75 as
1479 1897 33 75 in
1528 1897 139 75 berage;
1694 1897 32 75 in
1744 1897 55 75 the
1815 1897 138 75 parfnip,
1978 1897 62 75 and
2061 1897 119 75 feveral
2197 1897 95 75 other

1264 1943 117 75 plants,
1399 1943 78 75 they
1488 1943 53 75 are
1557 1943 80 75 moft
1654 1943 206 75 confpicuous
1877 1943 125 75 toward
2020 1943 54 75 the
2091 1943 92 75 outer
2210 1943 82 75 edge

1265 1990 38 75 of
1323 1990 55 75 the
1394 1990 101 75 bark;
1532 1990 63 75 and
1617 1990 33 75 in
1674 1990 55 75 the
1754 1990 183 75 dandelion,
1969 1990 80 75 they
2069 1990 54 75 are
2147 1990 146 75 difpofed

1265 2038 32 75 in
1313 2038 55 75 the
1386 2038 84 75 form
1486 2038 40 75 of
1538 2038 181 75 concentric
1736 2038 125 75 circles.

1312 2086 33 75 2.
1369 2086 78 75 The
1469 2086 127 75 Wood
1622 2086 40 75 of
1680 2086 89 75 roots
1792 2086 27 75 is
1844 2086 70 75 that
1939 2086 72 75 part
2032 2086 106 75 which
2161 2086 131 75 appears

1264 2130 82 75 after
1359 2130 55 75 the
1430 2130 80 75 bark
1529 2130 27 75 is
1573 2130 96 75 taken
1685 2130 58 75 off,
1769 2130 62 75 and
1847 2130 29 75 is
1890 2130 108 75 firmer
2018 2130 63 75 and
2097 2130 59 75 lefs
2174 2130 118 75 porous

1263 2177 77 75 than
1356 2177 55 75 the
1428 2177 80 75 bark
1528 2177 39 75 or
1590 2177 84 75 pith.
1723 2177 32 75 It
1778 2177 123 75 confifts
1925 2177 41 75 of
1984 2177 67 75 two
2074 2177 122 75 diftind
2220 2177 72 75 fub-

1264 2223 131 75 ftances,
1428 2223 70 75 viz.
1532 2223 57 75 the
1615 2223 111 75 pulpy,
1755 2223 37 75 or
1816 2223 299 75 parenchymatous,
2148 2223 63 75 and
2238 2223 56 75 the

1263 2270 138 75 lignous.
1449 2270 78 75 The
1543 2270 95 75 wood
1661 2270 26 75 is
1712 2270 171 75 conneded
1906 2270 35 75 to
1966 2270 56 75 the
2044 2270 80 75 bark
2145 2270 45 75 by
2204 2270 89 75 laVge

1262 2316 145 75 portions
1423 2316 42 75 of
1483 2316 55 75 the
1561 2316 79 75 bark
1656 2316 140 75 inferred
1818 2316 68 75 into
1908 2316 39 75 it.
1995 2316 109 75 Thefe
2126 2316 168 75 infertions

1265 2364 52 75 are
1332 2364 115 75 moftly
1462 2364 33 75 in
1511 2364 56 75 the
1582 2364 85 75 form
1685 2364 40 75 of
1743 2364 86 75 rays,
1853 2364 133 75 tending
2005 2364 35 75 to
2060 2364 55 75 the
2135 2364 107 75 centre
2260 2364 40 75 of

1265 2410 55 75 the
1336 2410 87 75 pith,,
1437 2410 105 75 which
1555 2410 52 75 are
1619 2410 94 75 eafily
1724 2410 187 75 difcernible
1923 2410 43 75 by
1983 2410 55 75 the
2050 2410 57 75 eye
2120 2410 31 75 in
2164 2410 18 75 a
2194 2410 101 75 tranf-

1265 2457 86 75 verfe
1375 2457 116 75 fedion
1514 2457 40 75 of
1573 2457 79 75 moft
1676 2457 101 75 roots.
1825 2457 109 75 Thefe
1956 2457 178 75 infertions,
2158 2457 66 75 like
2240 2457 54 75 the

1264 2504 93 75 bark,
1381 2504 110 75 confift
1506 2504 41 75 of
1565 2504 96 75 many
1676 2504 122 75 veffels,
1823 2504 114 75 moftly
1953 2504 40 75 of
2012 2504 18 75 a
2046 2504 103 75 round
2169 2504 45 75 or,
2222 2504 74 75 oval

1267 2551 111 75 figure.
1425 2551 8 75 ,

1313 2597 76 75 The
1406 2597 125 75 lignous
1550 2597 109 75 veffels
1677 2597 53 75 are
1746 2597 163 75 generally
1924 2597 143 75 difpofed
2083 2597 32 75 in
2132 2597 169 75 collateral-

1270 2643 83 75 rows
1371 2643 136 75 running
1524 2643 245 75 longitudinally
1786 2643 139 75 through
1939 2643 54 75 the
2010 2643 85 75 root.
2148 2643 96 75 Some
2262 2643 41 75 of

1268 2690 89 75 thefe
1373 2690 128 75 contain
1519 2690 58 75 air,
1596 2690 61 75 and
1673 2690 109 75 others
1794 2690 65 75 fap.
1907 2690 77 75 The
2002 2690 171 75 a:r-veffels
2192 2690 53 75 are
2261 2690 34 75 lo

1269 2736 116 75 called,
1403 2736 131 75 becaufe
1560 2736 78 75 they
1663 2736 186 75 contain.no
1872 2736 119 75 liquor.
2039 2736 110 75 7^tfe
2166 2736 132 75 air-vef-

1270 2782 59 75 fels
1347 2782 52 75 are
1416 2782 222 75 diftinguiftied
1654 2782 44 75 by
1713 2782 97 75 being
1827 2782 113 75 whiter
1957 2782 79 75 than
2053 2782 56 75 the
2125 2782 125 75 others.

1320 2829 32 75 3.
1376 2829 77 75 The
1468 2829 100 75 Pith
1589 2829 26 75 is
1633 2829 54 75 the
1705 2829 149 75 centrical
1871 2829 70 75 part
1958 2829 40 75 of
2010 2829 55 75 the
2082 2829 85 75 root.
2200 2829 98 75 Some

1271 2876 87 75 roots
1375 2876 81 75 have
1481 2876 41 75 no
1548 2876 82 75 pith,
1656 2876 33 75 as
1714 2876 55 75 the
1793 2876 217 75 ftramonium,
2036 2876 169 75 nicotiana,

1271 2922 109 75 others
1396 2922 81 75 have
1492 2922 85 75 little
1592 2922 37 75 or
1645 2922 81 75 none
1739 2922 37 75 at
1792 2922 55 75 the
1858 2922 200 75 extremities
2071 2922 42 75 of
2121 2922 56 75 the
2194 2922 103 75 roots,

1271 2969 60 75 but
1361 2969 80 75 have
1468 2969 19 75 a
1510 2969 211 75 confiderable
1746 2969 149 75 quantity
1921 2969 40 75 of
1980 2969 26 75 it
2034 2969 76 75 near
2140 2969 55 75 the
2227 2969 70 75 top.

1269 3017 77 75 The
1362 3017 84 75 pith,
1472 3017 64 75 like
1553 3017 98 75 every
1674 3017 95 75 other
1793 3017 73 75 part
1886 3017 41 75 of
1950 3017 20 75 a
1991 3017 101 75 plant,
2117 3017 27 75 is
2166 3017 132 75 derived
2210 3053 90 75 from
