2428 3377
160 135 81 75 250

719 135 357 75 ANA

202 204 77 75 The
294 204 195 75 bronchialis
501 204 90 75 gives
609 204 19 75 a
644 204 88 75 fmall
750 204 120 75 branch
882 204 34 75 to
929 204 54 75 the
997 204 194 75 neighbour-

159 250 55 75 ing
237 250 117 75 auricle
371 250 40 75 of
430 250 55 75 the
501 250 105 75 heart,
632 250 105 75 which
761 250 246 75 communioates
1032 250 80 75 with
1137 250 56 75 the

159 296 118 75 arteria
294 296 178 75 coronaria.

205 343 77 75 The
298 343 203 75 oefophagasse
519 343 53 75 a^e
584 343 163 75 generally
758 343 66 75 two
836 343 36 75 or
888 343 92 75 three
996 343 33 75 in
1045 343 147 75 number,

158 389 181 75 fometimes
353 389 56 75 but
426 389 72 75 one.
538 389 100 75 They
651 389 77 75 arife
746 389 174 75 anteriorly
936 389 84 75 from
1032 389 56 75 the
1104 389 93 75 aorta

160 435 206 75 defcendens,
392 435 62 75 and
467 435 52 75 are
536 435 188 75 dillributed
740 435 35 75 to
792 435 56 75 the
864 435 202 75 oefophagus,
1092 435 65 75 <bc.

207 482 77 75 The
299 482 134 75 inferior
449 482 196 75 intercollals
662 482 53 75 are
732 482 183 75 commonly
931 482 91 75 feven
1046 482 37 75 or
1105 482 91 75 eight

160 528 43 75 on
219 528 78 75 each
314 528 74 75 fide,
415 528 62 75 and
492 528 182 75 fometimes
691 528 67 75 ten,
783 528 94 75 when
901 528 56 75 the
981 528 142 75 fuperior
1147 528 48 75 in-

160 573 164 75 tercoftals
350 573 78 75 arife
453 573 63 75 like
519 573 73 75 wife
617 573 85 75 from
725 573 65 75 the.
806 573 90 75 aorta
921 573 215 75 defcendens;
1162 573 33 75 in

161 621 106 75 which
286 621 67 75 cafe
366 621 87 75 thefe
472 621 59 75 run
548 621 166 75 obliquely
727 621 145 75 upward.

210 667 99 75 They
324 667 79 75 arife
416 667 95 75 along
522 667 55 75 the
593 667 163 75 back-iide
772 667 40 75 of
831 667 56 75 the
899 667 190 75 defcending
1106 667 91 75 aorta

162 714 33 75 in
211 714 97 75 pairs,
335 714 42 75 all
394 714 55 75 the
473 714 72 75 way
567 714 36 75 to
618 714 55 75 the
696 714 202 75 diaphragm,
924 714 63 75 and
1012 714 58 75 run
1095 714 100 75 tranf-

160 760 125 75 verfely
300 760 140 75 towards
457 760 78 75 each
547 760 76 75 fide,
647 760 41 75 on
705 760 56 75 the
779 760 109 75 bodies
901 760 41 75 of
960 760 55 75 the
1028 760 167 75 vertebrae.

161 806 112 75 Thofe
286 806 41 75 on
344 806 55 75 the
416 806 87 75 right
516 806 63 75 fide
592 806 68 75 pafs
676 806 120 75 behind
807 806 54 75 the
874 806 80 75 vena
966 806 118 75 azygos
1096 806 11 75 ;
1134 806 62 75 and

162 853 190 75 afterwards
369 853 79 75 they
465 853 42 75 all
524 853 58 75 run
600 853 35 75 to
652 853 54 75 the
726 853 181 75 intercoftal
930 853 145 75 mufcles,
1102 853 95 75 along

162 899 56 75 the
233 899 100 75 lower
349 899 80 75 edge
446 899 40 75 of
504 899 55 75 the
576 899 79 75 ribs,
681 899 43 75 all
748 899 56 75 the
829 899 72 75 way
916 899 35 75 to
974 899 55 75 the
1046 899 149 75 fternum,

163 945 39 75 or
218 945 75 75 near
306 945 37 75 it.

209 992 99 75 They
331 992 76 75 fend
429 992 156 75 branches
609 992 36 75 to
669 992 55 75 the
749 992 140 75 pleura,^
899 992 35 75 to
956 992 56 75 the
1036 992 160 75 vertebral

160 1038 148 75 mufcles,
325 1038 37 75 to
379 1038 90 75 thofe
485 1038 134 75 mufcles
633 1038 104 75 which
751 1038 41 75 He
805 1038 40 75 on
864 1038 56 75 the
937 1038 137 75 outfides
1092 1038 39 75 of
1143 1038 54 75 the

160 1084 81 75 ribs,
267 1084 62 75 and
346 1084 35 75 to
397 1084 55 75 the
470 1084 98 75 upper
585 1084 143 75 portions
746 1084 40 75 of
797 1084 56 75 the
869 1084 139 75 mufcles-
1018 1084 40 75 of
1070 1084 54 75 the
1142 1084 55 75 ab-

162 1131 116 75 domen
290 1131 10 75 ;
328 1131 62 75 and
413 1131 78 75 they
509 1131 232 75 communicate
758 1131 79 75 with
862 1131 55 75 the
942 1131 121 75 arteriae
1089 1131 106 75 epiga-

161 1178 101 75 ftricse
281 1178 62 75 and
354 1178 173 75 lumbares.

212 1223 121 75 Before
357 1223 77 75 they
449 1223 75 75 take
546 1223 85 75 their
647 1223 110 75 courfe
774 1223 95 75 along
885 1223 55 75 the
957 1223 78 75 ribs,
1060 1223 77 75 each
1162 1223 41 75 of

160 1270 91 75 them
276 1270 151 75 detaches
452 1270 60 75 one
535 1270 122 75 branch
681 1270 143 75 between
850 1270 55 75 the
930 1270 173 75 tranfverfe
1120 1270 75 75 apo-

159 1317 115 75 phyfes
292 1317 41 75 on
351 1317 80 75 both
448 1317 92 75 fides,
565 1317 35 75 to
613 1317 55 75 the
684 1317 158 75 vertebral
864 1317 145 75 mufcles,
1035 1317 63 75 and
1119 1317 76 75 ano-

162 1363 74 75 ther
252 1363 110 75 which
371 1363 105 75 enters
494 1363 55 75 the
562 1363 91 75 great
665 1363 89 75 canal
770 1363 40 75 of
829 1363 55 75 the
895 1363 89 75 fpina
999 1363 95 75 dorfi.

211 1409 203 75 Afterwards
431 1409 78 75 each
532 1409 179 75 intercoftal
729 1409 106 75 artery
851 1409 118 75 having
990 1409 136 75 reached
1141 1409 56 75 the

161 1456 122 75 middle
300 1456 41 75 of
351 1456 56 75 the
425 1456 60 75 rib,
504 1456 37 75 or
558 1456 19 75 a
587 1456 85 75 little
685 1456 101 75 more,
804 1456 124 75 divides
944 1456 69 75 into
1030 1456 66 75 two
1110 1456 86 75 prim

163 1502 82 75 cipal
263 1502 168 75 branches,
457 1502 61 75 one
534 1502 150 75 internal,
710 1502 55 75 the
782 1502 93 75 other
899 1502 159 75 external.
1108 1502 88 75 Soon

162 1549 86 75 after
264 1549 65 75 this
346 1549 144 75 divifion,
516 1549 55 75 the
595 1549 133 75 arteries
752 1549 72 75 that
847 1549 59 75 run
931 1549 84 75 upon
1039 1549 56 75 the
1120 1549 77 75 falfe

163 1595 81 75 ribs,
268 1595 141 75 feparate
434 1595 19 75 a
476 1595 84 75 little
585 1595 84 75 from
694 1595 101 75 them,
821 1595 95 75 being
938 1595 168 75 gradually
1120 1595 77 75 bent

163 1641 184 75 downward
364 1641 60 75 one
450 1641 83 75 after
557 1641 145 75 another,
729 1641 63 75 and
816 1641 53 75 are
892 1641 113 75 fpread
1033 1641 84 75 upon
1142 1641 56 75 the

164 1688 182 75 abdominal
363 1688 146 75 mufcles.

211 1734 77 75 The
304 1734 180 75 fubclavian
508 1734 109 75 artery
639 1734 118 75 having
781 1734 61 75 left
866 1734 55 75 the
946 1734 119 75 thorax
1087 1734 110 75 imme-

163 1780 122 75 diately
301 1780 101 75 above
419 1780 55 75 the
491 1780 64 75 firlt
573 1780 61 75 rib,
663 1780 32 75 in
717 1780 55 75 the
796 1780 157 75 interftice
976 1780 60 75 left
1056 1780 141 75 between

163 1827 58 75 the
236 1827 144 75 portions
397 1827 40 75 of
456 1827 54 75 the
527 1827 153 75 fealenus,
706 1827 91 75 there
813 1827 139 75 receives
976 1827 55 75 the
1056 1827 91 75 name
1163 1827 40 75 of

164 1873 169 75 axillaris,
357 1873 132 75 becaufe
506 1873 25 75 it
549 1873 97 75 palfes
664 1873 101 75 under
778 1873 55 75 the
850 1873 110 75 axilla.

212 1919 38 75 In
274 1919 63 75 this
363 1919 110 75 courfe
497 1919 27 75 it
549 1919 86 75 gives
661 1919 59 75 off,
745 1919 85 75 from
857 1919 43 75 its
924 1919 109 75 infide,
1064 1919 18 75 a
1109 1919 90 75 fmall

165 1965 121 75 branch
305 1965 35 75 to
352 1965 56 75 the
424 1965 96 75 infide
537 1965 39 75 of
595 1965 56 75 the
668 1965 64 75 firft
748 1965 70 75 rib;
845 1965 62 75 and
923 1965 186 75 afterwards
1126 1965 74 75 four

165 2011 38 75 or
228 2011 60 75 five
321 2011 154 75 principal
498 2011 168 75 branches,
691 2011 70 75 viz.
786 2011 56 75 the
869 2011 163 75 thqracica
1046 2011 153 75 fuperior,

164 2055 38 75 or
218 2055 185 75 mammaria
418 2055 146 75 externa,
590 2055 162 75 thoracica
772 2055 144 75 inferior,
941 2055 196 75 mufcularis,
1163 2055 37 75 or

164 2103 171 75 fcapularis
372 2103 146 75 externa,
550 2103 170 75 fcapularis
751 2103 137 75 interna,
924 2103 63 75 and
1013 2103 184 75 humeralis.

211 2150 77 75 The
304 2150 142 75 fuperior
462 2150 176 75 thoracica,
663 2150 36 75 or
717 2150 146 75 external
886 2150 176 75 mammary
1078 2150 120 75 artery,

166 2197 76 75 runs
259 2197 108 75 down,
394 2197 32 75 in
444 2197 19 75 a
478 2197 141 75 winding
635 2197 122 75 courfe,
782 2197 41 75 on
847 2197 56 75 the
918 2197 112 75 lateral
1054 2197 88 75 parts
1165 2197 40 75 of

163 2244 58 75 the
237 2244 132 75 thorax,
395 2244 63 75 and
474 2244 112 75 erodes
612 2244 55 75 the
692 2244 79 75 ribs.
820 2244 32 75 It
875 2244 87 75 gives
987 2244 154 75 branches
1165 2244 34 75 to

164 2289 57 75 the
233 2289 66 75 two
317 2289 138 75 peftoral
472 2289 146 75 mufcles,
647 2289 35 75 to
705 2289 57 75 the
778 2289 150 75 mamma,
952 2289 158 75 mufculus
1127 2289 72 75 fub-

166 2336 134 75 clavius,
325 2336 136 75 ferratus
478 2336 115 75 major,
611 2336 160 75 latidimus
788 2336 96 75 dorfi,
901 2336 110 75 and.to
1028 2336 55 75 the
1101 2336 99 75 upper

165 2382 145 75 portions
326 2382 40 75 of
385 2382 55 75 the
453 2382 300 75 coraco-brachialis
771 2382 61 75 and
849 2382 119 75 biceps.

213 2428 77 75 The
314 2428 132 75 inferior
469 2428 144 75 thoracic
627 2428 117 75 .artery
768 2428 78 75 runs
872 2428 95 75 along
989 2428 55 75 the
1068 2428 133 75 inferior

167 2475 85 75 eofla
268 2475 40 75 of
326 2475 55 75 the
398 2475 138 75 fcapula,
561 2475 36 75 to
607 2475 57 75 the
680 2475 158 75 mufculus
854 2475 239 75 fubfcapularis,
1118 2475 83 75 teres

165 2521 106 75 major
288 2521 60 75 and
360 2521 116 75 minor,
501 2521 252 75 infra-fpinatus,
778 2521 160 75 latilTimus
951 2521 95 75 dorfi,
1063 2521 136 75 ferratus

166 2568 117 75 major,
309 2568 62 75 and
388 2568 54 75 the
454 2568 233 75 neighbouring
702 2568 180 75 intercoftal
895 2568 145 75 mufcles,
1058 2568 142 75 commu-

165 2614 142 75 nicating
323 2614 78 75 with
421 2614 53 75 the
488 2614 122 75 arterin
628 2614 190 75 fcapulares.

216 2661 76 75 The
308 2661 146 75 external
469 2661 164 75 fcapulary
650 2661 106 75 artery
773 2661 97 75 palfes
882 2661 141 75 through
1035 2661 56 75 the
1103 2661 98 75 notch

167 2706 34 75 in
217 2706 55 75 the
288 2706 142 75 fupefior
452 2706 85 75 cofta
552 2706 40 75 of
611 2706 56 75 the
683 2706 137 75 fcapula,
846 2706 35 75 to
904 2706 55 75 the
975 2706 157 75 mufculus
1150 2706 51 75 fu-

167 2753 212 75 pra-fpinatus
397 2753 62 75 and
483 2753 251 75 infra-fpinatus,
761 2753 82 75 teres
871 2753 103 75 major
998 2753 63 75 and
1083 2753 115 75 minor,

170 2799 62 75 and
249 2799 34 75 to
294 2799 56 75 the
367 2799 200 75 articulation
584 2799 40 75 of
636 2799 54 75 the
703 2799 125 75 fcapula
846 2799 77 75 with
937 2799 55 75 the
1009 2799 34 75 os
1061 2799 137 75 humeri.

215 2846 77 75 The
306 2846 137 75 internal
459 2846 170 75 fcapularis
646 2846 93 75 arifes
756 2846 83 75 from
857 2846 55 75 the
937 2846 138 75 axillary
1093 2846 107 75 artery

168 2891 76 75 near
260 2891 55 75 the
332 2891 112 75 axilla,
467 2891 62 75 and
545 2891 74 75 runs
636 2891 182 75 backward,
844 2891 35 75 to
896 2891 39 75 be
959 2891 189 75 diftributed
1164 2891 35 75 to

169 2937 56 75 the
241 2937 238 75 fubfcapularis,
505 2937 108 75 giving
629 2937 154 75 branches
800 2937 36 75 to
858 2937 55 75 the
929 2937 135 75 ferratus
1082 2937 115 75 major,

170 2985 34 75 to
222 2985 53 75 the
292 2985 138 75 axillary
445 2985 125 75 glands,
596 2985 63 75 and
670 2985 34 75 to
720 2985 56 75 the
791 2985 83 75 teres
886 2985 123 75 major..

1193 135 40 75 T
1348 135 42 75 O
1507 135 48 75 M
1669 135 52 75 y.

2085 135 100 75 Part
2205 135 69 75 m

1286 202 77 75 The
1379 202 145 75 humeral
1541 202 107 75 artery
1661 202 93 75 arifes
1772 202 84 75 from
1868 202 55 75 the
1940 202 99 75 lower
2052 202 63 75 and
2126 202 152 75 fore-fid.e

1241 248 40 75 of
1300 248 55 75 the
1372 248 156 75 axillaris,
1554 248 63 75 and
1633 248 75 75 runs
1725 248 170 75 backward
1913 248 146 75 between
2072 248 55 75 the
2143 248 84 75 head
2243 248 41 75 of

1241 294 55 75 the
1309 294 35 75 os
1370 294 124 75 humeri
1511 294 63 75 and
1589 294 84 75 teres
1690 294 114 75 major,
1829 294 212 75 furrounding
2058 294 55 75 the
2129 294 150 75 articula-

1242 340 81 75 tion,
1349 340 49 75 till
1416 340 26 75 it
1459 340 130 75 reaches
1614 340 55 75 the
1686 340 153 75 pofterior
1856 340 71 75 part
1955 340 40 75 of
2016 340 55 75 the
2104 340 173 75 deltoides,

1244 387 33 75 to
1295 387 105 75 which
1418 387 25 75 it
1455 387 26 75 is
1499 387 200 75 diftributed.

1291 434 130 75 During
1437 434 64 75 this
1518 434 122 75 courfe,
1666 434 25 75 it
1707 434 88 75 gives
1812 434 118 75 feveral
1942 434 153 75 branches
2108 434 36 75 to
2161 434 117 75 thefur

1243 479 105 75 perior
1365 479 143 75 portions
1526 479 40 75 of
1586 479 55 75 the
1655 479 152 75 anconaei,
1833 479 34 75 to
1890 479 56 75 the
1963 479 103 75 capful
2071 479 33 75 ar
2125 479 154 75 ligament

1244 527 41 75 of
1303 527 57 75 the
1374 527 86 75 joint
1480 527 40 75 of
1539 527 55 75 the
1611 527 159 75 Ihoulder;,
1795 527 63 75 and
1870 527 36 75 to
1917 527 56 75 the
1985 527 36 75 os
2038 527 125 75 humeri
2179 527 98 75 itfelf,

1244 573 138 75 through
1400 573 120 75 feveral
1536 573 90 75 holes
1642 573 218 75 immediately
1875 573 105 75 below
1995 573 56 75 the
2074 573 90 75 great
2186 573 92 75 tuber

1245 619 97 75 rofity
1355 619 39 75 of
1413 619 56 75 the
1485 619 85 75 head
1582 619 40 75 of
1641 619 70 75 that
1728 619 95 75 bone.

1293 666 152 75 Oppofite
1461 666 36 75 to
1513 666 56 75 the
1585 666 104 75 origin
1706 666 40 75 of
1765 666 64 75 this
1846 666 143 75 humeral
2007 666 119 75 artery,
2152 666 56 75 the
2220 666 58 75 ax.-

1244 712 99 75 illaris
1361 712 91 75 fends
1477 712 52 75 off
1548 712 135 75 another
1707 712 89 75 fmall
1820 712 133 75 branch,
1978 712 107 75 which
2107 712 75 75 runs
2205 712 32 75 in
2261 712 20 75 a

1245 759 151 75 contrary
1412 759 165 75 direftion,
1603 759 143 75 between
1771 759 56 75 the
1843 759 82 75 head
1943 759 40 75 of
2002 759 55 75 the
2081 759 36 75 os
2140 759 138 75 humeri,

1244 804 62 75 and
1329 804 55 75 the
1409 804 147 75 common
1583 804 101 75 upper
1708 804 70 75 part
1802 804 35 75 of
1861 804 55 75 the
1938 804 107 75 biceps
2070 804 61 75 and
2148 804 130 75 coraco.-

1244 851 192 75 brachialis;
1462 851 62 75 and
1540 851 117 75 having
1676 851 93 75 given
1787 851 153 75 branches
1957 851 36 75 to
2014 851 55 75 the
2086 851 113 75 vagina
2215 851 63 75 and

1246 897 133 75 channel
1395 897 41 75 of
1446 897 55 75 the
1517 897 120 75 biceps,
1662 897 64 75 and
1742 897 35 75 to
1794 897 54 75 the
1865 897 200 75 periofteum,
2090 897 188 75 afterwards

1242 943 87 75 joins
1347 943 55 75 the
1418 943 153 75 principal
1583 943 184 75 humeralis.

1293 990 75 75 The
1385 990 138 75 axillary
1546 990 115 75 artery'
1661 990 125 75 having
1811 990 93 75 given
1926 990 53 75 off
1998 990 87 75 thefe
2109 990 167 75 branches,

1246 1036 97 75 paffes
1371 1036 217 75 immediately
1612 1036 119 75 behind
1755 1036 56 75 the
1835 1036 120 75 tendon
1980 1036 39 75 of
2038 1036 55 75 the
2110 1036 167 75 pedtoralis

1246 1082 115 75 major,
1386 1082 107 75 where
1510 1082 26 75 it
1553 1082 137 75 changes
1707 1082 41 75 its
1765 1082 120 75 former
1902 1082 90 75 name
2010 1082 52 75 for
2076 1082 70 75 that
2163 1082 40 75 of
2220 1082 55 75 ar-

1245 1129 88 75 teria
1349 1129 191 75 brachialU.
1589 1129 32 75 It
1633 1129 75 75 runs
1725 1129 95 75 down
1832 1129 41 75 on
1890 1129 56 75 the
1963 1129 95 75 infide
2070 1129 39 75 of
2128 1129 55 75 the
2195 1129 81 75 arm,

1245 1175 76 75 over
1339 1175 54 75 the
1409 1175 157 75 mufculus
1584 1175 300 75 coraco-brachialis
1901 1175 62 75 and
1987 1175 165 75 anconaeus
2178 1175 98 75 inter-

1245 1221 72 75 nus,
1343 1221 62 75 and
1421 1221 94 75 along
1532 1221 55 75 the
1602 1221 90 75 inner
1713 1221 81 75 edge
1811 1221 40 75 of
1869 1221 55 75 the
1941 1221 119 75 biceps,
2085 1221 119 75 behind
2221 1221 55 75 the

1246 1267 77 75 vena
1340 1267 137 75 bafilica,
1502 1267 109 75 giving
1627 1267 88 75 fmall
1733 1267 155 75 branches
1912 1267 40 75 on
1968 1267 80 75 both
2065 1267 80 75 fides
2168 1267 35 75 to
2219 1267 56 75 the

1244 1313 231 75 neighbouring
1492 1313 145 75 mufcles,
1654 1313 35 75 to
1706 1313 55 75 the
1773 1313 200 75 periofteum,
1992 1313 62 75 and
2066 1313 35 75 to
2113 1313 55 75 the
2179 1313 96 75 bone.

1293 1360 152 75 Between
1466 1360 55 75 the
1544 1360 99 75 axilla
1660 1360 61 75 and
1738 1360 120 75 middle
1881 1360 39 75 of
1939 1360 55 75 the
2017 1360 79 75 arm,
2123 1360 24 75 it
2171 1360 25 75 is
2220 1360 55 75 co-

1245 1406 97 75 vered
1358 1406 76 75 only
1450 1406 43 75 by
1509 1406 56 75 the
1581 1406 67 75 fkin
1665 1406 63 75 and
1751 1406 69 75 fat;
1847 1406 58 75 but
1928 1406 189 75 afterwards
2133 1406 26 75 it
2174 1406 27 75 is
2219 1406 57 75 hid

1245 1452 101 75 under
1370 1452 54 75 the
1441 1452 119 75 biceps,
1589 1452 63 75 and
1675 1452 75 75 runs
1775 1452 164 75 obliquely
1957 1452 146 75 .forward
2127 1452 33 75 as
2177 1452 26 75 it
2219 1452 56 75 de-

1245 1498 131 75 feends;
1403 1498 95 75 being
1521 1498 33 75 at
1578 1498 85 75 fome
1688 1498 137 75 diftance
1849 1498 84 75 from
1959 1498 55 75 the
2039 1498 134 75 internal
2199 1498 75 75 con-

1246 1545 85 75 dyle,
1357 1545 58 75 but
1431 1545 25 75 it
1472 1545 79 75 does
1568 1545 56 75 not
1640 1545 94 75 reach
1752 1545 54 75 the
1822 1545 120 75 middle
1953 1545 40 75 of
2011 1545 55 75 the
2083 1545 70 75 fold
2168 1545 41 75 of
2221 1545 54 75 the

1248 1593 79 75 arm.

1294 1639 151 75 Between
1463 1639 55 75 the
1542 1639 100 75 axilla
1665 1639 63 75 and
1751 1639 65 75 this
1833 1639 101 75 place,
1962 1639 25 75 it
2004 1639 90 75 fends
2111 1639 51 75 off
2180 1639 95 75 many

1246 1685 154 75 branches
1425 1685 34 75 to
1483 1685 54 75 the
1561 1685 253 75 infra-fpinatus,
1839 1685 83 75 teres
1947 1685 102 75 major
2073 1685 65 75 and
2158 1685 118 75 minor,

1247 1732 239 75 fubfcapularis,
1509 1732 161 75 fatiilimus
1686 1732 94 75 dorfi,
1806 1732 137 75 ferratus
1965 1732 115 75 major,
2104 1732 63 75 and
2183 1732 93 75 other

1248 1778 230 75 neighbouring
1494 1778 145 75 mufcles,
1665 1778 42 75 to-
1718 1778 55 75 the
1797 1778 146 75 common
1963 1778 226 75 integuments,
2214 1778 63 75 and

1247 1823 77 75 even
1341 1823 36 75 to
1394 1823 55 75 the
1466 1823 124 75 nerves.
1639 1823 114 75 Below
1769 1823 54 75 the
1847 1823 71 75 fold
1943 1823 39 75 of
2001 1823 54 75 the
2080 1823 80 75 arm,
2185 1823 26 75 it
2227 1823 48 75 di-

1246 1870 89 75 vides
1347 1870 70 75 into
1432 1870 66 75 two
1509 1870 153 75 principal
1679 1870 167 75 branches,
1870 1870 61 75 one
1948 1870 103 75 called
2068 1870 130 75 arteria
2221 1870 52 75 cu-

1248 1914 124 75 bitalis,
1398 1914 54 75 the
1469 1914 94 75 other
1579 1914 154 75 radialis.

1295 1961 96 75 From
1407 1961 42 75 its
1465 1961 100 75 upper
1582 1961 60 75 and
1659 1961 91 75 inner
1765 1961 84 75 part,
1873 1961 26 75 it
1916 1961 91 75 fends
2031 1961 51 75 off
2101 1961 18 75 a
2137 1961 138 75 particu-

1247 2006 47 75 lar
1309 2006 132 75 branch,
1468 2006 103 75 which
1597 2006 74 75 runs
1692 2006 167 75 obliquely
1880 2006 187 75 downward
2094 2006 62 75 and
2178 2006 93 75 back-

1248 2053 87 75 ward
1363 2053 77 75 over
1464 2053 55 75 the
1544 2053 150 75 anconsei,
1720 2053 61 75 and
1805 2053 76 75 then
1906 2053 90 75 turns
2013 2053 140 75 forward
2170 2053 104 75 agaio,

1248 2100 74 75 near
1335 2100 55 75 the
1406 2100 145 75 external
1569 2100 148 75 condyle,
1734 2100 106 75 where
1857 2100 25 75 it
1899 2100 247 75 communicates
2163 2100 77 75 with
2259 2100 18 75 a

1248 2146 120 75 branch
1380 2146 40 75 of
1438 2146 56 75 the
1507 2146 117 75 arteria
1640 2146 141 75 radialis.

1296 2193 222 75 Immediately
1534 2193 105 75 below
1656 2193 55 75 the
1723 2193 148 75 infertion
1889 2193 40 75 of
1947 2193 55 75 the
2019 2193 83 75 teres
2119 2193 115 75 major,
2250 2193 26 75 it

1248 2240 87 75 gives
1352 2240 51 75 off
1422 2240 132 75 another
1572 2240 131 75 branch,
1729 2240 106 75 which
1859 2240 75 75 runs
1957 2240 85 75 from
2067 2240 113 75 within
2204 2240 72 75 out-

1249 2286 117 75 wards,
1392 2286 63 75 and
1471 2286 85 75 from
1573 2286 117 75 behind
1707 2286 152 75 forward,
1885 2286 103 75 round
2004 2286 56 75 the
2076 2286 36 75 os
2128 2286 149 75 humeri;

1249 2332 62 75 and
1329 2332 153 75 defeends
1506 2332 166 75 obliquely
1696 2332 154 75 forward,
1874 2332 143 75 between
2042 2332 55 75 the
2120 2332 157 75 mufculus

1248 2379 188 75 brachiseus,
1461 2379 63 75 and
1543 2379 164 75 anconasus
1724 2379 166 75 externus,
1915 2379 35 75 to
1974 2379 79 75 both
2077 2379 106 75 which
2205 2379 26 75 it
2250 2379 27 75 js

1249 2426 189 75 diftributed
1462 2426 33 75 in
1519 2426 41 75 its
1585 2426 134 75 paffage.
1768 2426 130 75 Having
1924 2426 188 75 afterwards
2140 2426 149 75 reached.

1249 2472 56 75 the
1321 2472 146 75 external
1484 2472 147 75 condyle,
1656 2472 25 75 it
1698 2472 102 75 unites
1813 2472 79 75 with
1909 2472 55 75 the
1980 2472 121 75 branch
2117 2472 57 75 laft
2189 2472 88 75 men-

1250 2517 122 75 tioned,
1398 2517 60 75 and
1480 2517 137 75 likewife
1635 2517 246 75 communicates
1898 2517 79 75 with
1995 2517 18 75 a
2028 2517 120 75 branch
2164 2517 40 75 of
2223 2517 55 75 the

1250 2564 130 75 arteries
1393 2564 40 75 of
1452 2564 55 75 the
1522 2564 168 75 fore-arm,
1715 2564 34 75 fo
1766 2564 70 75 that
1852 2564 92 75 there
1960 2564 26 75 is
2002 2564 77 75 here
2096 2564 18 75 a
2130 2564 94 75 triple
2242 2564 35 75 a-

1250 2610 190 75 naftomofis.

1298 2655 113 75 About
1437 2655 55 75 the
1523 2655 136 75 breadth
1690 2655 41 75 of
1762 2655 17 75 a
1807 2655 100 75 finger
1933 2655 105 75 below
2066 2655 64 75 this
2162 2655 116 75 fecond

1250 2702 130 75 branch,
1405 2702 56 75 the
1478 2702 139 75 brachial
1635 2702 106 75 artery
1757 2702 91 75 fends
1865 2702 53 75 off
1928 2702 18 75 a
1962 2702 101 75 third,
2079 2702 106 75 which
2201 2702 76 75 runs

1249 2749 95 75 down
1367 2749 140 75 towards
1532 2749 56 75 the
1610 2749 135 75 internal
1765 2749 149 75 condyle,
1946 2749 62 75 and
2032 2749 245 75 communicates

1250 2795 76 75 with
1343 2795 94 75 other
1453 2795 154 75 branches
1624 2795 40 75 of
1683 2795 56 75 the
1763 2795 132 75 arteries
1920 2795 39 75 of
1978 2795 56 75 the
2050 2795 167 75 fore-arm,
2243 2795 34 75 as

1249 2842 47 75 we
1314 2842 75 75 lhall
1401 2842 51 75 fee
1469 2842 173 75 hereafter.

1296 2887 113 75 About
1425 2887 55 75 the
1497 2887 120 75 middle
1632 2887 40 75 of
1684 2887 54 75 the
1754 2887 80 75 arm,
1861 2887 37 75 or
1915 2887 18 75 a
1948 2887 84 75 little
2047 2887 111 75 lower,
2181 2887 96 75 much

1249 2934 97 75 about
1369 2934 55 75 the
1447 2934 89 75 place
1560 2934 105 75 where
1682 2934 55 75 the
1753 2934 143 75 brachial
1913 2934 107 75 artery
2043 2934 111 75 begins
2180 2934 34 75 to
2237 2934 40 75 be

1249 2982 136 75 covered
1407 2982 45 75 by
1476 2982 55 75 the
1554 2982 122 75 bic:ps,
1701 2982 24 75 it
1749 2982 92 75 fends
1863 2982 52 75 off
1935 2982 19 75 a
1969 2982 131 75 branch,
2127 2982 103 75 which
2247 2982 32 75 is

2090 3016 186 75 diftributed
