2406 3327
158 147 51 75 52

626 147 42 75 A
745 147 40 75 G
861 147 36 75 R
975 147 17 75 I
1066 147 36 75 C
1180 147 45 75 U

158 210 144 75 efFedual
326 210 107 75 means
450 210 40 75 of
511 210 128 75 rooting
655 210 57 75 out
729 210 252 75 quicken-grafs,
1003 210 64 75 and
1091 210 94 75 other

160 256 194 75 root-weeds
371 256 40 75 of
423 256 56 75 the
495 256 83 75 fame
594 256 124 75 nature,.
769 256 36 75 If
825 256 55 75 the
895 256 57 75 foil
970 256 38 75 be
1024 256 82 75 hard
1121 256 64 75 and

159 303 36 75 Hi
197 303 37 75 IF,
259 303 27 75 it
307 303 27 75 is
351 303 55 75 the
421 303 113 75 fooner
551 303 126 75 cleared
693 303 40 75 of
752 303 105 75 weeds
878 303 43 75 by
936 303 94 75 being
1046 303 67 75 laid
1128 303 57 75 Out

158 349 32 75 in
207 349 107 75 grafs;
341 349 67 75 But
435 349 19 75 a
477 349 63 75 foft
562 349 122 75 fpungy
699 349 57 75 foil
774 349 140 75 requires
932 349 34 75 to
986 349 40 75 be
1049 349 34 75 in
1098 349 87 75 grafs

158 395 48 75 fix
223 395 38 75 or
276 395 92 75 feven
384 395 91 75 years
491 395 110 75 before
617 395 56 75 the
695 395 105 75 weeds
818 395 52 75 are
887 395 181 75 deftroyed.

204 441 111 75 Thofe
331 441 105 75 weeds
451 441 71 75 that
544 441 92 75 infeft
650 441 91 75 lands
761 441 31 75 in
810 441 97 75 grafs,
937 441 53 75 are
1007 441 104 75 eafiefl
1127 441 57 75 de-

158 487 127 75 ftroyed
308 487 44 75 by
373 487 130 75 turning
526 487 55 75 the
597 487 75 75 land
691 487 67 75 into
774 487 122 75 tillage.
944 487 140 75 Neither
1107 487 27 75 is
1159 487 26 75 it

158 532 158 75 necefTary
331 532 35 75 to
384 532 147 75 continue
553 532 27 75 it
602 532 77 75 long
703 532 33 75 in
760 532 65 75 this
851 532 148 75 fituation
1013 532 10 75 ;
1049 532 53 75 for
1127 532 59 75 the

158 579 105 75 weeds
288 579 182 75 commonly
484 579 164 75 difappear
663 579 84 75 after
763 579 55 75 the
834 579 65 75 firft
914 579 188 75 ploughing.

205 625 73 75 But
294 625 46 75 as,
358 625 32 75 in
406 625 85 75 fome
508 625 97 75 cafes,
629 625 26 75 it
673 625 73 75 may
761 625 39 75 he
826 625 220 75 inconvenient
1059 625 35 75 to
1110 625 74 75 turn

159 672 18 75 a
200 672 75 75 field
291 672 133 75 infefted
445 672 79 75 with
549 672 105 75 weeds
680 672 84 75 from
791 672 110 75 tillage
928 672 68 75 into
1019 672 98 75 grafs,
1146 672 39 75 or

157 718 85 75 from
259 718 85 75 grafs
360 718 68 75 into
443 718 122 75 tillage,
582 718 26 75 it
618 718 32 75 ’is
667 718 158 75 neceffary
833 718 35 75 to
884 718 142 75 confider
1041 718 145 75 whether

158 763 55 75 the
229 763 83 75 fame
329 763 72 75 may
417 763 57 75 not
498 763 40 75 be
565 763 241 75 accomplifhed,
823 763 138 75 without
977 763 136 75 altering
1129 763 56 75 the

159 809 146 75 fituation
321 809 40 75 of
372 809 55 75 the
443 809 88 75 land.

204 855 111 75 When
337 855 76 75 land
428 855 27 75 is
473 855 31 75 in
525 855 122 75 tillage,
673 855 56 75 the
745 855 106 75 weeds
869 855 74 75 may
954 855 44 75 be
1017 855 169 75 deftroyed

157 902 44 75 by
214 902 185 75 frequently
410 902 124 75 ftirring
551 902 62 75 and
629 902 129 75 turning
773 902 26 75 it
816 902 77 75 over
909 902 31 75 in
952 902 61 75 dry
1021 902 161 75 weather;

157 947 52 75 for
222 947 95 75 when
335 947 56 75 the
415 947 105 75 weeds
533 947 57 75 are
607 947 172 75 difplaced,
809 947 55 75 the
881 947 142 75 drought
1038 947 148 75 prevents

158 994 89 75 them
262 994 85 75 from
363 994 110 75 taking
489 994 73 75 root
586 994 104 75 again.

204 1039 96 75 Land
321 1039 115 75 cannot
463 1039 39 75 be
524 1039 93 75 made
641 1039 57 75 too
722 1039 74 75 fine,
825 1039 60 75 nor
907 1039 56 75 the
987 1039 124 75 furface
1127 1039 57 75 too

157 1086 137 75 fmooth,
312 1086 92 75 when
421 1086 27 75 it
470 1086 27 75 is
525 1086 152 75 intended
693 1086 35 75 to
744 1086 39 75 be
799 1086 91 75 freed
905 1086 41 75 of
964 1086 194 75 feed-weeds
1173 1086 11 75 ;

157 1133 130 75 becaufe
303 1133 44 75 by
363 1133 71 75 that
455 1133 56 75 the
535 1133 135 75 greateft
694 1133 134 75 number
848 1133 53 75 are
923 1133 141 75 brought
1080 1133 34 75 to
1132 1133 53 75 ve-

157 1179 106 75 getate
278 1179 9 75 :
314 1179 80 75 But,
420 1179 93 75 when
529 1179 151 75 intended
695 1179 36 75 to
751 1179 40 75 be
808 1179 91 75 freed
913 1179 41 75 of
975 1179 209 75 root-weeds,

158 1224 57 75 the
242 1224 139 75 rougher
400 1224 55 75 the
473 1224 134 75 furface,
632 1224 55 75 the
714 1224 106 75 weeds
845 1224 53 75 are
915 1224 55 75 the
986 1224 89 75 more
1092 1224 95 75 eafily

156 1270 188 75 deftroyed;
369 1270 132 75 becaufe
525 1270 55 75 the
606 1270 141 75 drought
767 1270 57 75 has
849 1270 55 75 the
920 1270 95 75 eafier
1031 1270 103 75 accefs
1151 1270 36 75 to

159 1316 85 75 their
261 1316 100 75 roots.

204 1363 36 75 If
255 1363 193 75 grafs-lands
464 1363 41 75 be
521 1363 133 75 infefted
671 1363 78 75 with
765 1363 120 75 weeds,
911 1363 63 75 and
989 1363 27 75 it
1033 1363 26 75 is
1076 1363 110 75 incon-

156 1409 127 75 venient
302 1409 35 75 to
362 1409 75 75 turn
464 1409 88 75 them
578 1409 70 75 into
668 1409 122 75 tillage,
819 1409 55 75 the
890 1409 78 75 only
983 1409 72 75 way
1071 1409 41 75 of
1130 1409 55 75 de-

157 1454 139 75 ftroying
316 1454 55 75 the
387 1454 119 75 weeds,
534 1454 27 75 is
589 1454 36 75 to
641 1454 54 75 ait
719 1454 89 75 them
832 1454 196 75 frequently,
1058 1454 37 75 or
1119 1454 69 75 pull

157 1500 89 75 them
263 1500 41 75 up
324 1500 45 75 by
385 1500 56 75 the
463 1500 103 75 roots.

204 1547 97 75 Some
323 1547 104 75 lands,
453 1547 83 75 after
552 1547 94 75 being
662 1547 33 75 in
712 1547 85 75 grafs
815 1547 19 75 a
850 1547 64 75 few
929 1547 105 75 years,
1059 1547 54 75 are
1127 1547 59 75 lia-

155 1593 53 75 ble
232 1593 35 75 to
291 1593 40 75 be
347 1593 153 75 over-run
527 1593 81 75 with
629 1593 81 75 fog:
736 1593 38 75 In
791 1593 64 75 this
872 1593 89 75 .cafe,
985 1593 132 75 rolling,
1141 1593 46 75 by

155 1637 130 75 making
303 1637 55 75 the
373 1637 124 75 furface
516 1637 121 75 firmer,
666 1637 66 75 will
756 1637 40 75 be
822 1637 39 75 of
880 1637 91 75 great
995 1637 54 75 ufe
1072 1637 32 75 in
1128 1637 57 75 de-

157 1684 138 75 ftroying
317 1684 56 75 the
391 1684 69 75 fog.
507 1684 86 75 This
615 1684 104 75 weed,
751 1684 34 75 as
809 1684 72 75 well
903 1684 33 75 as
965 1684 122 75 others,
1111 1684 75 75 may

158 1731 40 75 be
214 1731 167 75 deftroyed
397 1731 44 75 by
457 1731 165 75 depriving
637 1731 28 75 it
684 1731 41 75 of
742 1731 61 75 air.
850 1731 87 75 This
953 1731 74 75 may
1046 1731 39 75 be
1101 1731 85 75 done

156 1777 44 75 by
217 1777 149 75 covering
382 1777 56 75 the
454 1777 120 75 furface
592 1777 78 75 with
686 1777 18 75 a
715 1777 77 75 crop
809 1777 40 75 of
855 1777 102 75 peafe,
976 1777 158 75 potatoes,
1147 1777 39 75 or

157 1822 93 75 other
277 1822 105 75 plants
418 1822 72 75 that
514 1822 41 75 lie
583 1822 90 75 thick
699 1822 43 75 on
774 1822 56 75 the
858 1822 134 75 furface.
1036 1822 35 75 A
1104 1822 80 75 deep

157 1869 166 75 trenching
342 1869 79 75 will,
439 1869 33 75 in
487 1869 86 75 fome
589 1869 97 75 cafes,
704 1869 120 75 anfwer
841 1869 55 75 the
913 1869 83 75 fame
1012 1869 171 75 intention.

158 1967 59 75 0/'
240 1967 205 75 dejlroylng
464 1967 164 75 Shrubs,
661 1967 45 75 as
722 1967 138 75 Furze,
887 1967 141 75 Broom,
1044 1967 140 75 Bram-

581 2024 68 75 ble,
680 2024 74 75 &c.

493 2122 30 75 i.
580 2122 266 75 FURZE.

203 2193 85 75 The
314 2193 147 75 common
477 2193 134 75 method
626 2193 40 75 of
685 2193 180 75 deftroying
881 2193 93 75 furze
993 2193 54 75 (or
1062 2193 118 75 whins)

158 2239 26 75 is
200 2239 44 75 by
256 2239 158 75 grubbing
430 2239 88 75 them
536 2239 57 75 out
609 2239 79 75 with
701 2239 18 75 a
735 2239 74 75 hoe.
858 2239 67 75 But
940 2239 25 75 it
977 2239 25 75 is
1015 2239 171 75 impoflible

159 2284 34 75 to
216 2284 74 75 root
316 2284 88 75 them
437 2284 57 75 out
521 2284 34 75 fo
589 2284 192 75 compleatly
812 2284 35 75 as
874 2284 35 75 to
936 2284 134 75 prevent
1100 2284 87 75 their

158 2330 159 75 fpringing
344 2330 103 75 again,
476 2330 166 75 efpecially
658 2330 31 75 if
706 2330 55 75 the
781 2330 8 75 '
789 2330 72 75 land
887 2330 40 75 be
955 2330 172 75 continued
1152 2330 33 75 in

158 2375 98 75 grafs.
306 2375 77 75 The
399 2375 79 75 moft
494 2375 144 75 effectual
655 2375 145 75 method,
814 2375 176 75 therefore.,
1006 2375 27 75 is
1046 2375 35 75 to
1092 2375 95 75 bring

159 2421 55 75 the
239 2421 75 75 land
338 2421 69 75 into
432 2421 108 75 tillage
562 2421 216 75 immediately
794 2421 83 75 after
901 2421 56 75 the
979 2421 102 75 whins
1106 2421 80 75 have

158 2467 81 75 been
255 2467 145 75 grubbed
413 2467 58 75 up.
517 2467 50 75 As
583 2467 77 75 long
676 2467 33 75 as
726 2467 26 75 it
774 2467 164 75 continues
954 2467 33 75 in
1004 2467 122 75 tillage,
1142 2467 44 75 no

159 2513 102 75 whins
284 2513 66 75 will
374 2513 134 75 appear;
534 2513 59 75 but
611 2513 31 75 if
660 2513 116 75 turned
798 2513 70 75 into
884 2513 99 75 grafs,
1000 2513 79 75 they
1095 2513 90 75 grow

158 2559 35 75 as
209 2559 171 75 numerous
397 2559 33 75 as
447 2559 87 75 ever.

205 2604 57 75 To
277 2604 131 75 prevent
420 2604 64 75 this
501 2604 108 75 return
622 2604 40 75 of
668 2604 114 75 whins,
799 2604 57 75 the
871 2604 109 75 young
995 2604 106 75 plants
1117 2604 71 75 that

160 2650 115 75 appear
291 2650 83 75 after
390 2650 56 75 the
461 2650 77 75 land
551 2650 29 75 is
601 2650 116 75 turned
732 2650 68 75 into
817 2650 98 75 grafs,
933 2650 110 75 fhould
1060 2650 39 75 be
1116 2650 70 75 pul-

161 2695 53 75 led
230 2695 42 75 up
288 2695 44 75 by
347 2695 56 75 the
427 2695 102 75 roots.
578 2695 117 75 Unlefs
712 2695 77 75 they
800 2695 53 75 are
862 2695 78 75 very
957 2695 102 75 thick,
1076 2695 66 75 this
1158 2695 27 75 is

159 2741 126 75 neither
304 2741 213 75 troublefome
537 2741 59 75 nor
618 2741 165 75 expenfive
795 2741 8 75 :
822 2741 112 75 When
952 2741 54 75 the
1018 2741 124 75 ground
1158 2741 27 75 is

160 2787 105 75 moift,
293 2787 26 75 it
343 2787 74 75 may
433 2787 40 75 be
495 2787 183 75 performed
693 2787 44 75 by
748 2787 107 75 young
878 2787 93 75 boys.
1019 2787 39 75 If
1075 2787 62 75 any
1152 2787 42 75 of

162 2832 89 75 them
267 2832 59 75 rife
349 2832 200 75 afterwards,
573 2832 107 75 which
706 2832 27 75 is
756 2832 181 75 commonly
953 2832 54 75 the
1030 2832 80 75 cafe,
1131 2832 57 75 the

160 2878 84 75 lame
272 2878 164 75 operation
460 2878 81 75 muft
562 2878 40 75 be
629 2878 150 75 repeated
805 2878 97 75 every
924 2878 107 75 feafon
1056 2878 51 75 till
1129 2878 55 75 the

160 2923 77 75 land
252 2923 26 75 is
303 2923 191 75 compleatly
510 2923 127 75 cleared
650 2923 41 75 of
697 2923 101 75 them.

207 2971 111 75 There
336 2971 27 75 is
386 2971 133 75 another
541 2971 125 75 fcheme
688 2971 41 75 of
746 2971 218 75 management
986 2971 106 75 which
1115 2971 33 75 in
1166 2971 19 75 a

1306 145 34 75 L
1423 145 39 75 T
1521 145 44 75 U
1637 145 38 75 R
1751 145 48 75 E.

1234 209 64 75 few
1322 209 92 75 years
1437 209 67 75 will
1528 209 181 75 effedtually
1724 209 127 75 deftroy
1868 209 115 75 whins.
2032 209 33 75 It
2088 209 27 75 is
2144 209 119 75 certain

1234 256 69 75 that
1320 256 55 75 the
1392 256 87 75 feeds
1497 256 40 75 of
1553 256 102 75 whins
1672 256 67 75 will
1760 256 57 75 not
1833 256 147 75 vegetate
1996 256 104 75 unlefs
2116 256 78 75 they
2209 256 54 75 are

1231 302 136 75 allowed
1383 302 35 75 to
1434 302 42 75 lie
1492 302 33 75 in
1542 302 56 75 the
1618 302 91 75 earth
1725 302 206 75 undifturbed
1947 302 52 75 for
2014 302 20 75 a
2051 302 212 75 confiderable

1228 348 89 75 time.
1366 348 49 75 As
1432 348 76 75 long
1525 348 34 75 as
1575 348 76 75 land
1673 348 26 75 is
1715 348 61 75 left
1796 348 33 75 in
1846 348 121 75 tillage,
1993 348 156 75 although
2166 348 93 75 there

1231 394 39 75 be
1294 394 96 75 many
1417 394 192 75 whin-feeds
1640 394 33 75 in
1704 394 38 75 it,
1774 394 56 75 yet
1862 394 77 75 they
1972 394 96 75 never
2099 394 162 75 vegetate.

1230 441 225 75 Whin-plants
1478 441 43 75 do
1538 441 57 75 not
1614 441 80 75 even
1710 441 116 75 appear
1841 441 50 75 till
1907 441 66 75 two
1996 441 92 75 years
2105 441 84 75 after
2206 441 57 75 the

1229 486 76 75 land
1327 486 58 75 has
1410 486 80 75 been
1506 486 136 75 allowed
1661 486 36 75 to
1722 486 72 75 reft,
1814 486 37 75 or
1873 486 57 75 has
1953 486 79 75 been
2050 486 117 75 turned
2192 486 69 75 into

1229 532 100 75 grafs.
1378 532 99 75 Now,
1495 532 30 75 if
1539 532 18 75 a
1568 532 125 75 fcheme
1705 532 40 75 of
1756 532 220 75 management
1987 532 40 75 be
2039 532 164 75 fallowed,
2217 532 45 75 by

1229 578 107 75 which
1363 578 57 75 the
1442 578 77 75 land
1543 578 26 75 is
1595 578 116 75 turned
1738 578 85 75 from
1848 578 110 75 tillage
1980 578 69 75 into
2071 578 99 75 grafs,
2198 578 63 75 and

1229 625 85 75 from
1339 625 84 75 grafs
1450 625 69 75 into
1546 625 122 75 tillage,
1692 625 56 75 the
1775 625 103 75 whins
1903 625 44 75 by
1970 625 132 75 degrees
2126 625 67 75 will
2221 625 40 75 be

1230 671 122 75 wholly
1368 671 193 75 eradicated.

1278 716 31 75 It
1325 716 64 75 was
1407 716 152 75 obferved
1575 716 113 75 above,
1711 716 72 75 that
1799 716 110 75 before
1925 716 90 75 lands
2033 716 133 75 infefted
2181 716 79 75 with

1231 763 100 75 whins
1364 763 58 75 can
1450 763 40 75 be
1515 763 177 75 improved,
1727 763 56 75 the
1810 763 102 75 whins
1940 763 81 75 muft
2045 763 40 75 be
2116 763 145 75 grubbed

1230 810 57 75 up.
1344 810 86 75 This
1464 810 164 75 operation
1656 810 27 75 is
1715 810 81 75 both
1822 810 127 75 tedious
1982 810 65 75 and
2077 810 181 75 expenfive.

1230 859 76 75 The
1323 859 167 75 following
1505 859 133 75 method
1655 859 40 75 of
1701 859 128 75 rooting
1839 859 89 75 them
1944 859 58 75 out
2019 859 43 75 by
2073 859 55 75 the
2141 859 120 75 plough

1230 903 26 75 is
1277 903 88 75 more
1385 903 214 75 expeditious,
1628 903 60 75 Ids
1705 903 179 75 expenfive,
1907 903 63 75 and
1993 903 58 75 has
2075 903 79 75 been
2177 903 84 75 tried

1232 952 79 75 with
1328 952 132 75 fuccefs.

1277 995 86 75 This
1389 995 91 75 work
1503 995 80 75 muft
1607 995 40 75 be
1671 995 182 75 performed
1878 995 45 75 by
1946 995 21 75 a
1997 995 106 75 ftrong
2136 995 121 75 Scotch

1231 1041 133 75 plough,
1392 1041 81 75 with
1491 1041 19 75 a
1526 1041 73 75 well
1625 1041 80 75 redd
1725 1041 105 75 beam.
1878 1041 50 75 As
1959 1041 26 75 it
2005 1041 141 75 requires
2170 1041 91 75 great

1232 1088 87 75 force
1335 1088 35 75 to
1387 1088 69 75 tear
1470 1088 43 75 up
1530 1088 56 75 the
1609 1088 101 75 roots,
1727 1088 47 75 fix
1789 1088 109 75 horfes
1915 1088 113 75 ihould
2046 1088 40 75 be
2102 1088 109 75 yoked
2225 1088 35 75 in

1231 1133 97 75 pairs.
1364 1133 89 75 Two
1468 1133 123 75 drivers
1607 1133 53 75 are
1676 1133 138 75 likewife
1826 1133 170 75 neceflary,
2009 1133 35 75 to
2059 1133 134 75 prevent
2204 1133 56 75 the

1231 1180 108 75 horfes
1355 1180 86 75 from
1462 1180 142 75 ftepping
1625 1180 94 75 afide.
1767 1180 49 75 As
1833 1180 56 75 the
1905 1180 101 75 whins
2030 1180 32 75 in
2089 1180 94 75 rifing
2205 1180 56 75 are

1232 1226 55 75 apt
1310 1226 36 75 to
1361 1226 148 75 entangle
1525 1226 37 75 or
1578 1226 102 75 choke
1696 1226 55 75 the
1778 1226 104 75 beam,
1900 1226 134 75 another
2057 1226 73 75 man
2150 1226 26 75 is
2193 1226 66 75 alfo

1232 1272 159 75 neceflary
1406 1272 35 75 to
1457 1272 75 75 pulh
1549 1272 89 75 them
1653 1272 51 75 off
1716 1272 78 75 with
1811 1272 19 75 a
1845 1272 193 75 pitch-fork.
2087 1272 33 75 A
2137 1272 120 75 plough

1233 1318 107 75 yoked
1371 1318 63 75 and
1457 1318 153 75 attended
1640 1318 33 75 in
1705 1318 64 75 this
1790 1318 143 75 manner,
1956 1318 66 75 will
2050 1318 85 75 plow
2162 1318 96 75 down

1232 1365 101 75 whins
1355 1365 74 75 near
1446 1365 91 75 three
1553 1365 67 75 feet
1644 1365 91 75 high,
1758 1365 79 75 with
1860 1365 89 75 roots
1973 1365 101 75 above
2101 1365 74 75 four
2190 1365 69 75 feet

1232 1413 88 75 long,
1338 1413 63 75 and
1420 1413 39 75 an
1475 1413 74 75 inch
1574 1413 33 75 in
1634 1413 167 75 diameter.
1848 1413 86 75 This
1957 1413 164 75 operation
2148 1413 112 75 ftiould

1233 1458 39 75 be
1292 1458 183 75 performed
1490 1458 33 75 in
1539 1458 55 75 the
1610 1458 126 75 winter,
1754 1458 93 75 when
1859 1458 56 75 the
1929 1458 77 75 land
2015 1458 27 75 is
2054 1458 73 75 well
2142 1458 119 75 foaked

1232 1503 78 75 with
1327 1503 80 75 rain.

1280 1549 99 75 After
1401 1549 56 75 the
1482 1549 78 75 land
1583 1549 58 75 has
1656 1549 81 75 been
1749 1549 173 75 -ploughed
1938 1549 33 75 in
1986 1549 65 75 this
2067 1549 142 75 manner,
2232 1549 28 75 it

1233 1595 112 75 Ihould
1368 1595 40 75 be
1432 1595 138 75 allowed
1593 1595 34 75 to
1654 1595 42 75 lie
1720 1595 51 75 till
1793 1595 147 75 fummer,
1957 1595 95 75 wdien
2080 1595 55 75 the
2156 1595 102 75 whins

1233 1641 72 75 torn
1321 1641 42 75 up
1380 1641 44 75 by
1440 1641 55 75 the
1512 1641 119 75 plough
1648 1641 73 75 may
1736 1641 40 75 be
1792 1641 135 75 burned,
1953 1641 55 75 the
2025 1641 76 75 land
2115 1641 143 75 harrow-

1232 1687 52 75 ed,
1310 1687 63 75 and
1399 1687 56 75 the
1477 1687 88 75 roots
1589 1687 167 75 gathered.
1804 1687 203 75 Afterwards
2024 1687 55 75 the
2094 1687 76 75 land
2186 1687 73 75 may

1232 1733 40 75 be
1287 1733 125 75 drefled
1426 1733 172 75 according
1610 1733 34 75 to
1656 1733 56 75 the
1724 1733 171 75 judgment
1902 1733 41 75 of
1949 1733 56 75 the
2016 1733 140 75 farmer;
2181 1733 79 75 only

1233 1779 55 75 the
1315 1779 117 75 fecond
1453 1779 177 75 ploughing
1653 1779 113 75 ftiould
1790 1779 39 75 be
1850 1779 117 75 acrofs,
1988 1779 71 75 that
2083 1779 62 75 any
2168 1779 89 75 roots

1232 1824 106 75 which
1355 1824 80 75 have
1451 1824 80 75 been
1547 1824 60 75 left
1623 1824 73 75 may
1711 1824 41 75 be
1769 1824 72 75 torn
1856 1824 55 75 up.

1278 1870 67 75 But
1356 1870 92 75 when
1455 1870 55 75 the
1520 1870 101 75 whins
1638 1870 53 75 are
1706 1870 35 75 fo
1748 1870 107 75 ftrong
1864 1870 71 75 that
1948 1870 27 75 it
1991 1870 26 75 is
2035 1870 170 75 impoflible
2222 1870 35 75 to

1233 1916 121 75 plough
1371 1916 88 75 them
1475 1916 109 75 down,
1594 1916 77 75 they
1679 1916 75 75 may
1765 1916 39 75 be
1820 1916 124 75 burned
1957 1916 11 75 ;
1994 1916 62 75 and
2071 1916 32 75 if
2112 1916 55 75 the
2182 1916 77 75 land

1231 1962 39 75 be
1287 1962 137 75 allowed
1449 1962 35 75 to
1505 1962 43 75 lie
1564 1962 20 75 a
1598 1962 64 75 few
1678 1962 91 75 years
1786 1962 95 75 after,
1906 1962 28 75 it
1949 1962 73 75 may
2038 1962 41 75 be
2094 1962 165 75 ploughed

1232 2008 138 75 without
1385 2008 95 75 much
1496 2008 169 75 difficulty.

1562 2081 34 75 2.
1644 2081 279 75 BROOM.

1280 2148 142 75 Broom
1449 2148 27 75 is
1492 2148 58 75 not
1565 2148 34 75 fo
1621 2148 112 75 bufhy,
1758 2148 62 75 and
1835 2148 77 75 does
1928 2148 59 75 not
2008 2148 95 75 cover
2118 2148 56 75 the
2190 2148 66 75 fur-

1232 2194 70 75 face
1332 2194 35 75 fo
1389 2194 96 75 much
1518 2194 33 75 as
1579 2194 124 75 whins;
1742 2194 63 75 and
1831 2194 163 75 therefore
2020 2194 75 75 land
2126 2194 132 75 infefted

1233 2240 80 75 with
1329 2240 27 75 it
1371 2240 27 75 is
1410 2240 88 75 more
1514 2240 94 75 eafily
1624 2240 137 75 cleared.
1809 2240 146 75 Though
1970 2240 56 75 the
2042 2240 149 75 methods
2208 2240 49 75 re-

1233 2286 208 75 commended
1463 2286 52 75 for
1537 2286 181 75 deftroying
1748 2286 101 75 whins
1876 2286 66 75 will
1974 2286 78 75 mod
2079 2286 179 75 effeftually

1233 2332 126 75 deftroy
1375 2332 126 75 broom,
1523 2332 19 75 a
1555 2332 90 75 more
1661 2332 107 75 Ample
1784 2332 63 75 and
1861 2332 61 75 lefs
1938 2332 165 75 expenfive
2118 2332 61 75 one
2190 2332 68 75 will

1230 2377 193 75 -fufficiently
1433 2377 120 75 anfwer
1567 2377 57 75 the
1640 2377 145 75 purpofe.

1281 2424 37 75 If
1336 2424 125 75 broom,
1487 2424 168 75 efpecially
1670 2424 93 75 When
1779 2424 26 75 it
1821 2424 26 75 is
1864 2424 68 75 old,
1955 2424 39 75 be
2011 2424 54 75 cut
2080 2424 34 75 fo
2135 2424 66 75 low
2223 2424 35 75 as

1231 2471 38 75 to
1294 2471 74 75 take
1390 2471 91 75 away
1496 2471 44 75 all
1562 2471 55 75 the
1632 2471 118 75 leaves,
1778 2471 27 75 it
1819 2471 67 75 will
1911 2471 96 75 never
2021 2471 106 75 fpring
2152 2471 106 75 again,

1234 2517 35 75 A
1294 2517 80 75 kind
1393 2517 41 75 of
1455 2517 109 75 fcythe
1586 2517 57 75 has
1664 2517 101 75 lately
1789 2517 83 75 been
1896 2517 161 75 invented,
2086 2517 43 75 by
2152 2517 107 75 which

1235 2562 113 75 broom
1363 2562 74 75 may
1453 2562 40 75 be
1509 2562 54 75 cut
1579 2562 31 75 in
1627 2562 64 75 this
1708 2562 130 75 manner
1856 2562 79 75 with
1952 2562 90 75 great
2058 2562 198 75 expedition.

1235 2609 38 75 If
1294 2609 64 75 this
1375 2609 133 75 method
1529 2609 40 75 be
1591 2609 165 75 obferved,
1785 2609 26 75 it
1837 2609 27 75 is
1891 2609 201 75 unneceflary
2108 2609 35 75 to
2165 2609 93 75 bring

1235 2654 77 75 land
1334 2654 86 75 from
1446 2654 86 75 grafs
1572 2654 69 75 into
1668 2654 110 75 tillage
1804 2654 33 75 in
1863 2654 96 75 order
1989 2654 36 75 to
2052 2654 85 75 clear
2147 2654 46 75 "it
2222 2654 42 75 of

1235 2701 126 75 broom.

1517 2769 32 75 3.
1598 2769 386 75 BRAMBLE.

1282 2839 79 75 Thi
1372 2839 15 75 s
1403 2839 90 75 plant
1507 2839 27 75 is
1551 2839 40 75 of
1602 2839 19 75 a
1636 2839 78 75 very
1725 2839 149 75 different
1891 2839 111 75 nature
2018 2839 85 75 from
2119 2839 87 75 whin
2222 2839 38 75 or

1236 2885 125 75 broom.
1409 2885 77 75 The
1502 2885 73 75 root
1589 2885 82 75 finks
1687 2885 80 75 deep
1779 2885 68 75 into
1862 2885 56 75 the
1934 2885 104 75 earth,
2056 2885 62 75 and
2133 2885 126 75 fpreads

1236 2930 79 75 very
1346 2930 95 75 wide.
1498 2930 146 75 Though
1672 2930 54 75 cut
1753 2930 33 75 in
1812 2930 56 75 the
1894 2930 127 75 winter,
2045 2930 25 75 it
2094 2930 75 75 rifes
2197 2930 63 75 and

1237 2978 105 75 comes
1359 2978 34 75 to
1407 2978 78 75 fuch
1502 2978 173 75 perfection
1691 2978 33 75 as
1742 2978 34 75 to
1793 2978 94 75 carry
1902 2978 78 75 fruit
1995 2978 33 75 in
2044 2978 55 75 the
2109 2978 149 75 fummer.

2227 3021 31 75 It
