2396 3377
1010 155 39 75 G

1194 155 34 75 E

163 153 55 75 84

643 153 39 75 A

827 153 34 75 L

419 224 29 75 V
466 224 39 75 R
528 224 34 75 O
588 224 28 75 B
643 224 152 75 LEM
843 224 84 75 VII.

212 278 46 75 7"9
275 278 78 75 find
374 278 52 75 the
443 278 99 75 great
545 278 43 75 eft
611 278 140 75 common
776 278 145 75 meafure
945 278 43 75 of
1006 278 67 75 two
1098 278 93 75 num-

165 324 70 75 bers
251 324 12 75 ;
289 324 71 75 that
376 324 40 75 is,
441 324 57 75 the
514 324 135 75 greateft
666 324 132 75 number
815 324 72 75 that
903 324 57 75 can
978 324 108 75 divide
1102 324 90 75 them

166 371 77 75 both
271 371 138 75 without
434 371 19 75 a
479 371 189 75 remainder.

165 433 123 75 Rule.
337 433 82 75 Firfi
435 433 108 75 divide
560 433 55 75 the
637 433 126 75 greater
784 433 134 75 number
941 433 44 75 by
1010 433 54 75 the
1086 433 104 75 lefler,

212 482 63 75 acd
290 482 30 75 if
325 482 97 75 ,there
438 482 27 75 is
482 482 41 75 ne
541 482 190 75 remainder,
760 482 56 75 the
831 482 90 75 lefTer
938 482 133 75 number
1085 482 28 75 is
1136 482 56 75 the

211 526 133 75 greateu
361 526 147 75 common
524 526 118 75 divifor
657 526 164 75 required.
870 526 37 75 If
927 526 91 75 there
1041 526 26 75 is
1096 526 19 75 a
1141 526 51 75 re-

211 576 154 75 mainder,
391 576 106 75 divide
512 576 83 75 your
609 576 57 75 laft
681 576 117 75 divifdr
814 576 45 75 by
873 576 48 75 it;
948 576 64 75 and
1026 576 75 75 thus
1117 576 75 75 pro?

211 619 79 75 ceed
311 619 209 75 continually,
552 619 145 75 dividing
721 619 57 75 the
802 619 58 75 latt
884 619 118 75 divifor
1025 619 44 75 by
1084 619 42 75 its
1143 619 56 75 re-'

211 666 155 75 Bi/uider,
392 666 49 75 till
466 666 91 75 there
573 666 26 75 is
615 666 44 75 no
675 666 180 75 remainder
871 666 72 75 left,
970 666 63 75 and
1048 666 76 75 then
1137 666 56 75 the

212 713 56 75 Lift
284 713 118 75 divilbr
417 713 26 75 is
461 713 55 75 the
531 713 136 75 greateft
682 713 150 75 common
847 713 142 75 meafure
1005 713 163 75 required.
1196 713 4 75 .

256 786 110 75 Thus,
390 786 213 75 the-greateft
630 786 148 75 common
797 786 141 75 meafure
954 786 40 75 of
1006 786 43 75 4;
1068 786 63 75 and
1147 786 43 75 63

213 832 27 75 is
270 832 20 75 9
313 832 10 75 ;
367 832 63 75 and
456 832 56 75 the
540 832 135 75 greateft
711 832 148 75 common
886 832 143 75 meafure
1062 832 40 75 of
1125 832 68 75 256

212 879 62 75 and
302 879 43 75 48
373 879 27 75 is
430 879 56 75 16.

259 936 61 75 45)
347 936 42 75 63
418 936 35 75 (1

838 936 62 75 48)
928 936 67 75 256
1022 936 37 75 (5

344 982 43 75 45

927 964 18 49 2
950 982 45 75 4°

340 1066 66 75 T8)
434 1066 110 75 4r(2

954 1066 57 75 16)
1039 1066 43 75 48
1110 1066 49 75 (3'

432 1112 44 75 36

1033 1112 44 75 48

418 1205 9 75 -
446 1205 38 75 9)
515 1205 40 75 18
583 1205 38 75 (2

1041 1205 24 75 o

459 1233 5 49 1
513 1251 40 75 18

519 1343 24 75 o

212 1388 106 75 Much
342 1388 84 75 after
451 1388 56 75 the
531 1388 84 75 fame
640 1388 129 75 manner
797 1388 56 75 the
879 1388 136 75 greateft
1048 1388 149 75 common

165 1435 140 75 meafure
322 1435 39 75 of
373 1435 161 75 algebraic
543 1435 188 75 quantities
758 1435 27 75 is
813 1435 205 75 difcovered;
1046 1435 75 75 only
1144 1435 54 75 the

167 1481 201 75 remainders
386 1481 72 75 that
481 1481 89 75 arife
597 1481 37 75 in
659 1481 53 75 the
734 1481 168 75 operation
921 1481 60 75 are
1003 1481 31 75 to
1059 1481 36 75 be
1110 1481 86 75 divi-

166 1529 61 75 ded
241 1529 34 75 by
292 1529 90 75 their
393 1529 118 75 ftmple
527 1529 150 75 divifors,
704 1529 63 75 and
790 1529 54 75 the
868 1529 180 75 quantities
1071 1529 60 75 are
1145 1529 51 75 al-

166 1574 89 75 ways
278 1574 33 75 to
336 1574 36 75 be
396 1574 127 75 ranged
538 1574 174 75 according
735 1574 47 75 to'
792 1574 54 75 the
871 1574 187 75 dimenftons
1084 1574 46 75 of
1144 1574 53 75 the

158 1620 94 75 fame
269 1620 110 75 letter.

213 1666 94 75 Thus
324 1666 35 75 to
377 1666 67 75 find
460 1666 55 75 the
533 1666 135 75 greateft
685 1666 147 75 common
849 1666 142 75 meafure
1003 1666 39 75 of
1051 1666 21 75 a
1072 1648 17 49 %
1102 1666 48 75 —
1161 1666 18 75 b
1179 1648 16 49 x

168 1712 63 75 and
246 1712 37 75 a*
297 1712 49 75 —
358 1712 18 75 2
395 1712 21 75 a
432 1712 18 75 b
466 1712 38 75 fi-
521 1712 32 75 b*
573 1712 10 75 •

308 1759 37 75 a*
359 1759 48 75 —
418 1759 53 75 £*)
496 1759 23 75 a
519 1741 14 49 x
551 1759 50 75 —
618 1759 18 75 2
655 1759 22 75 a
693 1759 19 75 b
727 1759 88 75 fi-b*
845 1759 34 75 (1

495 1805 21 75 a
516 1787 15 49 7
531 1805 2 75 ‘
550 1805 49 75 —

551 1899 47 75 —
616 1899 19 75 2
653 1899 22 75 a
693 1899 18 75 b
783 1899 19 75 2
821 1899 36 75 V
884 1899 209 75 Remainder,

167 1944 106 75 which
289 1944 133 75 divided
435 1944 45 75 by
494 1944 76 75 —2
589 1944 17 75 b
623 1944 27 75 is
667 1944 140 75 reduced
830 1944 35 75 to

308 1990 21 75 a
340 1990 48 75 —
400 1990 33 75 V)
457 1990 148 75 a*—b*
634 1990 39 75 (a
688 1990 39 75 fir
743 1990 19 75 b

461 2036 36 75 a*
511 2036 49 75 —
571 2036 18 75 b
589 2018 15 49 1

466 2129 164 75 0*0.

215 2174 183 75 Therefore
420 2174 22 75 a
452 2174 50 75 —
513 2174 18 75 b
552 2174 27 75 is
596 2174 57 75 the
669 2174 135 75 greateft
820 2174 148 75 common
991 2174 142 75 meafure
1149 2174 51 75 re-

171 2221 126 75 quired.

217 2267 77 75 The
311 2267 124 75 ground
456 2267 40 75 of
515 2267 65 75 this
608 2267 166 75 operation
799 2267 40 75 is,
862 2267 94 75 That
972 2267 62 75 any
1050 2267 150 75 quantity

170 2313 70 75 that
257 2313 155 75 meafures
428 2313 56 75 the
500 2313 117 75 divifor
635 2313 62 75 and
712 2313 56 75 the
786 2313 179 75 remainder
994 2313 46 75 (if
1057 2313 91 75 there
1171 2313 27 75 is

171 2358 77 75 any)
263 2358 79 75 muft
354 2358 65 75 alfo
430 2358 140 75 meafure
583 2358 54 75 the
647 2358 173 75 dividend;
837 2358 133 75 becaufe
982 2358 55 75 the
1048 2358 152 75 dividend

171 2405 26 75 is
210 2405 96 75 equal
322 2405 34 75 to
369 2405 56 75 the
437 2405 67 75 fum
512 2405 48 75 .of
567 2405 54 75 the
634 2405 119 75 divifor
764 2405 181 75 multiplied
961 2405 68 75 into
1045 2405 55 75 the
1118 2405 80 75 quo-

170 2451 94 75 tient,
290 2451 63 75 and
368 2451 39 75 of
427 2451 56 75 the
507 2451 176 75 remainder
700 2451 104 75 added
820 2451 161 75 together.
1029 2451 109 75 Thus,
1165 2451 33 75 in

170 2498 57 75 the
250 2498 57 75 laft
331 2498 159 75 example,
514 2498 98 75 a—b
629 2498 157 75 meafures
812 2498 56 75 the
891 2498 118 75 divifor
1032 2498 38 75 a*
1088 2498 109 75 —b*,

154 2575 10 49 v
171 2543 64 75 and
250 2543 56 75 the
323 2543 175 75 remainder
512 2543 48 75 —
567 2543 18 75 2
600 2543 21 75 a
629 2543 22 75 h
660 2543 64 75 fi-2.
739 2543 40 75 b\
798 2543 26 75 it
841 2543 81 75 muft
940 2543 162 75 therefore
1117 2543 80 75 like-

171 2589 74 75 wife
261 2589 141 75 meafure
417 2589 85 75 their
521 2589 67 75 fum
605 2589 36 75 a?
655 2589 49 75 —
717 2589 18 75 2
749 2589 131 75 abfi-b
880 2571 15 49 1
895 2589 17 75 .
959 2589 75 75 You
1044 2589 80 75 muft
1140 2589 58 75 ob-

171 2635 88 75 ferve
282 2635 33 75 in
340 2635 63 75 this
420 2635 164 75 operation
600 2635 35 75 to
650 2635 93 75 make
758 2635 72 75 that
844 2635 57 75 the
916 2635 153 75 dividend
1092 2635 105 75 which

173 2681 56 75 has
246 2681 57 75 the
321 2681 123 75 higheft
458 2681 125 75 powers
597 2681 42 75 of
654 2681 56 75 the
725 2681 109 75 letter,
859 2681 170 75 according
1045 2681 35 75 to
1092 2681 105 75 which

173 2729 54 75 the
244 2729 171 75 quantities
432 2729 53 75 are
502 2729 132 75 ranged.

421 2821 372 75 PROBLEM
845 2821 101 75 VIII.

267 2892 46 75 To
335 2892 117 75 reduce
474 2892 61 75 any
548 2892 154 75 fraflion
726 2892 32 75 to
780 2892 46 75 its
850 2892 65 75 low
917 2892 43 75 eft
981 2892 116 75 terms.

172 2965 124 75 Rule.
344 2965 85 75 Find
448 2965 56 75 the
527 2965 134 75 greateft
685 2965 146 75 comrtion
848 2965 140 75 meafufe
1004 2965 41 75 of
1060 2965 59 75 the
1135 2965 58 75 nu-

219 3013 138 75 merator
372 3013 63 75 and
450 3013 241 75 denominator;
716 3013 107 75 divide
839 3013 89 75 them
953 3013 45 75 by
1013 3013 71 75 that
1107 3013 87 75 com-

1377 154 36 75 B

1559 154 36 75 R

1739 154 53 75 A.

1291 220 74 75 mon
1380 220 154 75 meafure,
1559 220 63 75 and
1637 220 89 75 place
1741 220 56 75 the
1822 220 171 75 quotients’
2008 220 33 75 in
2065 220 86 75 their
2166 220 103 75 room,

1291 266 62 75 and
1376 266 64 75 you
1464 266 77 75 ftiall
1562 266 82 75 have
1660 266 19 75 a
1694 266 137 75 fraflion
1855 266 185 75 equivalent
2056 266 34 75 to
2106 266 55 75 the
2178 266 93 75 given

1290 313 134 75 ffattion
1440 313 166 75 exprefled
1621 313 32 75 in
1671 313 55 75 the
1746 313 76 75 lead:
1838 313 111 75 terms.
1966 313 5 75 .

1241 412 95 75 Thus
1386 394 18 49 2
1404 412 24 75 5
1444 412 68 75 M
1543 412 131 75 Vjabc
1688 444 37 49 =
1808 412 10 75 _
1869 412 66 75 156
1952 412 22 75 a
1989 412 22 75 a
2026 412 40 75 +
2086 412 66 75 156
2168 412 22 75 a
2205 412 55 75 b_

1388 441 287 75 2slc)i25bcx
1743 441 17 75 5
1774 441 21 75 x
1808 423 11 49 7
1866 441 359 75 Sl2aa—5l2ab

1243 534 37 49 T
1317 502 185 75 -M-t-S*

1295 546 38 75 IX
1352 546 21 75 a
1384 546 47 75 —
1444 546 93 75 lib'

1289 608 111 75 When
1426 608 69 75 unit
1516 608 27 75 is
1568 608 56 75 the
1650 608 135 75 greateft
1809 608 149 75 common
1987 608 140 75 meafure
2154 608 41 75 of
2217 608 58 75 the

1243 655 148 75 numbers
1408 655 63 75 and
1487 655 186 75 quantities,
1691 655 79 75 then
1780 655 57 75 the
1846 655 137 75 fraction
2000 655 26 75 is
2045 655 130 75 already
2186 655 32 75 in
2230 655 43 75 its

1243 727 109 75 loweft
1383 727 112 75 terms.
1549 727 97 75 Thus

1797 727 118 75 cannot
1932 727 41 75 be
1989 727 141 75 reduced
2143 727 114 75 lower.

1676 757 8 75 e
1684 757 4 75 ,
1709 757 55 75 da

1290 799 90 75 And,
1410 799 151 75 numbers
1592 799 106 75 whofe
1730 799 137 75 greateft
1896 799 147 75 common
2074 799 142 75 meafure
2247 799 27 75 is

1243 845 83 75 unit,
1352 845 53 75 are
1429 845 68 75 faid
1520 845 36 75 to
1579 845 39 75 be
1637 845 109 75 prime
1767 845 36 75 to
1828 845 61 75 one
1914 845 147 75 another.

1257 893 5 75 •
1290 893 38 75 If
1339 893 19 75 a
1373 893 112 75 vulgar
1500 893 135 75 fraflion
1651 893 27 75 is
1695 893 36 75 to
1745 893 41 75 be
1801 893 139 75 reduced
1951 893 35 75 to
2002 893 20 75 a
2037 893 136 75 decimal
2187 893 88 75 (that

1244 941 40 75 is,
1309 941 20 75 a
1351 941 134 75 fraftion
1508 941 107 75 whofe
1645 941 239 75 denomination
1905 941 27 75 is
1964 941 54 75 10,
2043 941 39 75 or
2097 941 63 75 any
2175 941 40 75 of
2233 941 42 75 its

1245 986 155 75 powers,)
1427 986 24 75 “
1473 986 107 75 annex
1595 986 33 75 as
1644 986 97 75 many
1756 986 135 75 cyphers
1908 986 33 75 as
1958 986 64 75 you
2047 986 103 75 pleafe
2168 986 34 75 to
2219 986 58 75 the

1248 1031 24 75 “
1297 1031 195 75 numerator,
1511 1031 62 75 and
1583 1031 78 75 then
1677 1031 106 75 divide
1799 1031 26 75 it
1841 1031 44 75 by
1899 1031 56 75 the
1968 1031 233 75 denominator,
2219 1031 56 75 the

1249 1078 24 75 “
1299 1078 148 75 quotient
1462 1078 77 75 ftiall
1556 1078 72 75 give
1646 1078 18 75 a
1677 1078 135 75 decimal
1830 1078 94 75 equal
1941 1078 34 75 to
1992 1078 55 75 the
2064 1078 112 75 vulgar
2190 1078 83 75 frac-

1249 1126 25 75 “
1298 1126 69 75 tion
1389 1126 194 75 propofed.”
1630 1126 109 75 Thus,

1343 1208 87 75 —=
1447 1208 143 75 .66666,
1615 1208 65 75 tec.

2024 1208 52 75 -2-
2088 1208 37 75 =
2139 1208 34 75 .6
2190 1208 14 75 ;

1358 1243 19 75 3

2041 1243 17 75 5

1436 1315 50 75 -y
1499 1315 38 75 =
1562 1315 188 75 .2857142,
1776 1315 65 75 £}C.

1291 1403 110 75 Thefe
1424 1403 150 75 fractions
1596 1403 66 75 are'
1675 1403 107 75 added
1802 1403 63 75 arid
1888 1403 180 75 fubtrafled
2090 1403 65 75 like
2171 1403 106 75 whole

1247 1449 168 75 numbers;
1442 1449 75 75 only
1535 1449 72 75 care
1635 1449 80 75 muft
1739 1449 39 75 be
1802 1449 95 75 taken
1914 1449 35 75 to
1956 1449 56 75 fet
2017 1449 137 75 Jimilar
2164 1449 111 75 places

1245 1496 98 75 above
1357 1496 58 75 one
1429 1496 148 75 another,
1603 1496 33 75 as
1659 1496 84 75 units
1766 1496 102 75 above
1892 1496 99 75 units,
2022 1496 62 75 and
2109 1496 107 75 tenths
2241 1496 33 75 a-

1246 1542 91 75 bove-
1350 1542 123 75 tenths,
1505 1542 65 75 be.
1635 1542 99 75 They
1750 1542 53 75 are
1820 1542 180 75 multiplied
2016 1542 63 75 and
2094 1542 131 75 divided
2240 1542 34 75 as

1246 1587 124 75 integer
1386 1587 170 75 numbers;
1582 1587 78 75 only
1676 1587 90 75 there
1788 1587 83 75 vtuft
1894 1587 36 75 be
1952 1587 38 75 as
2023 1587 91 75 tnany
2138 1587 140 75 decimal

1241 1633 110 75 places
1380 1633 37 75 in
1440 1633 55 75 the
1511 1633 136 75 produfi
1665 1633 37 75 as
1725 1633 36 75 in
1786 1633 71 75 both
1873 1633 54 75 the
1951 1633 234 75 multiplicand
2205 1633 72 75 and

1247 1680 200 75 multiplier;
1462 1680 64 75 and
1536 1680 36 75 in
1584 1680 53 75 the
1650 1680 143 75 quotient
1806 1680 37 75 as
1859 1680 91 75 many
1962 1680 38 75 as
2012 1680 89 75 there
2111 1680 59 75 are
2177 1680 36 75 in
2222 1680 55 75 the

1246 1727 158 75 dividend
1417 1727 86 75 more
1524 1727 79 75 than
1621 1727 36 75 in
1673 1727 54 75 the
1748 1727 132 75 divifor.
1929 1727 79 75 And
2023 1727 32 75 in
2072 1727 131 75 divifion
2219 1727 57 75 the

1247 1772 148 75 quotient
1417 1772 74 75 may
1507 1772 39 75 be
1570 1772 171 75 continued
1762 1772 36 75 to
1822 1772 62 75 any
1906 1772 118 75 degree
2048 1772 40 75 of
2113 1772 161 75 exaflnels

1248 1819 65 75 you
1334 1819 115 75 pleafe,
1479 1819 44 75 by
1547 1819 119 75 adding
1689 1819 135 75 cyphers
1849 1819 36 75 to
1907 1819 56 75 the
1986 1819 164 75 dividend.
2197 1819 86 75 The-

1245 1864 128 75 ground
1388 1864 41 75 of
1439 1864 88 75 thefe
1543 1864 181 75 operations
1748 1864 27 75 is
1800 1864 94 75 eafily
1911 1864 192 75 underftood
2119 1864 85 75 from
2220 1864 57 75 the

1247 1910 129 75 general
1408 1910 85 75 rules
1525 1910 53 75 for
1610 1910 130 75 adding,
1780 1910 217 75 multiplying,
2038 1910 64 75 and
2131 1910 144 75 dividing

1244 1954 165 75 fraftions.

1248 2101 35 75 C
1301 2101 30 75 h
1349 2101 28 75 a
1394 2101 37 75 p.
1472 2101 69 75 VI.
1617 2101 66 75 Of
1713 2101 66 75 the
1816 2101 378 75 Involution
2237 2101 46 75 of

1555 2155 75 75 Qu
1644 2155 310 75 ANTITIES.

1293 2253 85 75 The
1405 2253 148 75 produfls
1570 2253 113 75 arifing
1706 2253 86 75 from
1816 2253 55 75 the
1896 2253 160 75 continual
2082 2253 191 75 multiplica-

1247 2299 68 75 tion
1331 2299 41 75 of
1391 2299 54 75 the
1469 2299 85 75 fame
1577 2299 150 75 quantity
1750 2299 84 75 were
1860 2299 104 75 palled
1990 2299 48 75 (in
2063 2299 106 75 Chap.
2187 2299 84 75 III.)

1247 2346 55 75 the
1321 2346 129 75 powers
1474 2346 40 75 of
1534 2346 71 75 that
1630 2346 164 75 quantity.
1848 2346 110 75 Thus,
1982 2346 35 75 a,
2041 2346 21 75 a
2062 2328 21 49 z
2083 2346 16 75 ,
2124 2346 21 75 a
2145 2328 17 49 z
2162 2346 16 75 ,
2204 2346 66 75 be.

1247 2392 52 75 are
1315 2392 56 75 the
1388 2392 123 75 powers
1529 2392 40 75 of
1587 2392 43 75 a;
1666 2392 63 75 and
1743 2392 21 75 a
1782 2392 30 75 b,
1837 2392 21 75 a
1858 2374 21 49 %
1900 2392 18 75 b
1918 2374 20 49 x
1938 2392 16 75 ,
1980 2392 21 75 a
2001 2374 16 49 3
2037 2392 50 75 b>,
2122 2392 64 75 be.
2217 2392 56 75 are

1247 2439 54 75 the
1316 2439 124 75 powers
1457 2439 41 75 of
1510 2439 22 75 a
1546 2439 31 75 b.
1632 2439 39 75 In
1696 2439 54 75 the
1772 2439 83 75 fame
1880 2439 143 75 chapter,
2052 2439 54 75 the
2131 2439 69 75 rule
2222 2439 52 75 for

1246 2485 55 75 the
1313 2485 245 75 multiplication
1567 2485 40 75 of
1613 2485 124 75 powers
1749 2485 40 75 of
1797 2485 55 75 the
1865 2485 84 75 fame
1962 2485 147 75 quantity
2119 2485 40 75 is,
2178 2485 23 75 “
2215 2485 59 75 To

1247 2530 23 75 “
1297 2530 64 75 add
1376 2530 56 75 the
1448 2530 192 75 exponents,
1664 2530 66 75 and
1749 2530 93 75 make
1858 2530 84 75 their
1957 2530 68 75 fum
2041 2530 56 75 the
2113 2530 161 75 exponent

1247 2576 23 75 “
1296 2576 40 75 of
1347 2576 55 75 the
1418 2576 171 75 produft.”
1636 2576 97 75 Thus
1749 2576 20 75 a
1769 2558 17 49 4
1806 2576 31 75 X
1853 2576 21 75 «
1874 2558 15 49 s
1907 2576 37 75 =
1958 2576 21 75 a
1979 2558 18 49 5,
2015 2576 10 75 ;
2052 2576 63 75 and
2130 2576 21 75 a
2151 2558 19 49 3
2189 2576 17 75 h
2206 2558 16 49 l
2242 2576 31 75 X

1245 2623 20 75 a
1265 2605 18 49 6
1302 2623 18 75 b
1320 2605 19 49 1
1354 2623 37 75 —
1400 2623 22 75 a
1422 2605 17 49 9
1457 2623 49 75 b*.
1555 2623 38 75 In
1610 2623 106 75 Chap.
1729 2623 64 75 IV.
1819 2623 63 75 you
1899 2623 82 75 have
1997 2623 57 75 the
2069 2623 69 75 rule
2154 2623 52 75 for
2223 2623 49 75 di-

1245 2669 109 75 viding
1370 2669 124 75 powers
1512 2669 39 75 of
1563 2669 55 75 the
1634 2669 84 75 fame
1735 2669 159 75 quantity,
1919 2669 106 75 which
2040 2669 28 75 is
2086 2669 23 75 “
2126 2669 57 75 To
2199 2669 72 75 fub-

1246 2715 23 75 “
1288 2715 81 75 tradl
1385 2715 56 75 the
1457 2715 194 75 exponents,
1669 2715 63 75 and
1742 2715 92 75 make
1846 2715 55 75 the
1913 2715 173 75 difference
2102 2715 55 75 the
2170 2715 101 75 expo-

1245 2761 24 75 “
1286 2761 77 75 nent
1386 2761 41 75 of
1445 2761 56 75 the
1525 2761 186 75 quotient.”

1240 2862 109 75 Thus,
1382 2862 117 75 ~=a
1499 2844 18 49 fi
1517 2862 44 75 -
1561 2844 21 49 4
1582 2862 72 75 =a
1654 2844 20 49 1
1674 2862 24 75 ;
1729 2862 63 75 and
1807 2862 81 75 ^-f-
1888 2844 6 49 3
1894 2862 67 75 =a
1961 2844 16 49 5
1977 2862 53 75 —^
2045 2862 18 75 i
2063 2844 16 49 3
2079 2862 40 75 ”
2119 2844 14 49 1

1381 2889 22 75 a
1403 2871 16 49 4

1686 2871 12 49 7

1804 2889 22 75 a
1826 2871 17 49 4
1858 2889 19 75 b

1291 2968 45 75 If
1338 2968 58 75 you
1413 2968 110 75 divide
1538 2968 22 75 a
1575 2968 92 75 lejfer
1685 2968 115 75 power
1822 2968 35 75 by
1882 2968 22 75 a
1921 2968 151 75 greater,
2097 2968 57 75 the
2177 2968 91 75 expo-

1241 3016 77 75 nent
1342 3016 43 75 of
1399 3016 53 75 the
1479 3016 144 75 quotient
1647 3016 95 75 muft,
1782 3016 44 75 by
1850 3016 65 75 this
1940 3016 81 75 rule,
2046 3016 37 75 be
2105 3016 163 75 negative.
2160 3048 108 75 Thus,
