2397 3387
556 182 34 75 B
652 182 33 75 L
745 182 43 75 A

1118 182 19 75 (
1196 182 87 75 5<*o
1342 182 17 75 )

1699 182 36 75 B
1796 182 35 75 L
1891 182 42 75 A

203 245 95 75 north
326 245 41 75 of
392 245 94 75 Pool,
522 245 33 75 ia
585 245 19 75 2
604 227 23 49 0
656 245 55 75 20'
738 245 62 75 W.
830 245 89 75 long,
956 245 65 75 and
1047 245 61 75 jo°
1136 245 55 75 jo'

204 293 46 75 N.
278 293 59 75 ht.

155 339 62 75 BL
225 339 135 75 ANKS,
386 339 18 75 a
420 339 178 75 port-town
615 339 39 75 of
666 339 170 75 Catalonia
852 339 32 75 in
903 339 110 75 Spain,
1039 339 43 75 E.
1101 339 89 75 long.

206 387 16 75 2
222 369 25 49 0
264 387 80 75 40',
369 387 49 75 N.
436 387 57 75 lat.
515 387 38 75 41
553 369 26 49 0
601 387 67 75 30'.

155 432 180 75 BLANK,
369 432 38 75 or
433 432 146 75 Blanc,
615 432 151 75 properly
793 432 133 75 fignifies
953 432 114 75 white.
1133 432 62 75 See

205 479 161 75 White.

156 525 150 75 Blank,
331 525 31 75 in
380 525 192 75 commerce,
598 525 19 75 a
640 525 76 75 void
732 525 37 75 or
791 525 174 75 unwritten
983 525 90 75 place
1089 525 107 75 which

203 572 180 75 merchants
400 572 180 75 fometimes
599 572 88 75 leave
703 572 33 75 in
753 572 84 75 their
854 572 183 75 day-books
1055 572 36 75 or
1104 572 93 75 jour-

203 619 81 75 nals.

157 665 226 75 BLANK-^t/r,
409 665 124 75 inlaw,
559 665 56 75 the
643 665 85 75 fame
751 665 81 75 with
849 665 148 75 common
1014 665 69 75 bar.
1134 665 63 75 See

208 713 92 75 Bar.

157 760 256 75 Blank-verje^
437 760 32 75 in
487 760 55 75 the
561 760 131 75 modern
709 760 127 75 poetry,
863 760 71 75 that
947 760 166 75 compofed
1127 760 41 75 of
1179 760 18 75 a

205 806 120 75 certain
342 806 133 75 number
491 806 41 75 of
551 806 161 75 fyllables,
738 806 137 75 without
900 806 55 75 the
980 806 18 75 a
1000 806 134 75 Alliance
1161 806 41 75 of

206 853 114 75 rhime.
370 853 63 75 See
448 853 128 75 Verse
598 853 61 75 and
679 853 151 75 Rhime.

161 899 268 75 Pc;»/-Blank.
480 899 61 75 See
558 899 100 75 ¥ona
671 899 145 75 r-blank.

159 945 387 75 BLANKENBURG,
573 945 18 75 a
619 945 86 75 town
723 945 39 75 of
782 945 114 75 Dutch
913 945 168 75 Flanders,
1107 945 90 75 eight

206 993 91 75 miles
310 993 176 75 north-ealt
498 993 41 75 of
550 993 136 75 Oftend,
705 993 32 75 in
758 993 16 75 3
774 975 24 49 0
813 993 44 75 E.
868 993 88 75 long,
982 993 63 75 and
1060 993 16 75 j
1086 993 12 75 1
1098 975 26 49 0
1140 993 46 75 20

205 1042 48 75 N.
271 1042 58 75 lat.

159 1086 293 75 Blankenburg
471 1086 27 75 is
515 1086 65 75 alfo
594 1086 55 75 the
665 1086 92 75 name
774 1086 40 75 of
825 1086 19 75 a
855 1086 87 75 town
956 1086 31 75 in
999 1086 99 75 lower
1112 1086 85 75 Sax-

206 1134 76 75 ony,
300 1134 278 75 aboutjforty-five
590 1134 90 75 miles
694 1134 172 75 fouth-eaft
883 1134 39 75 of
929 1134 267 75 Wolfembuttle,

206 1181 31 75 in
260 1181 62 75 ii°
347 1181 51 75 15^
415 1181 45 75 E.
477 1181 88 75 long,
593 1181 63 75 and
675 1181 39 75 51
714 1163 25 49 0
763 1181 41 75 50
819 1181 9 75 .
853 1181 47 75 N.
918 1181 59 75 lat.

160 1227 247 75 BLANKET,
434 1227 18 75 a
467 1227 142 75 coverlet
627 1227 50 75 for
694 1227 19 75 a
728 1227 74 75 bed.
861 1227 34 75 A
923 1227 78 75 fluff
1015 1227 183 75 commonly

207 1275 93 75 made
327 1275 41 75 of
387 1275 99 75 white
515 1275 95 75 wool,
648 1275 66 75 and
738 1275 148 75 wrought
912 1275 31 75 in
972 1275 18 75 a
1020 1275 87 75 loom
1131 1275 67 75 like

161 1321 11 75 “
207 1321 87 75 cloth
309 1321 10 75 ;
347 1321 80 75 with
448 1321 63 75 this
529 1321 186 75 difference,
741 1321 70 75 that
828 1321 78 75 they
923 1321 53 75 are
993 1321 122 75 croffed
1131 1321 66 75 like

208 1367 117 75 ferges.

256 1414 111 75 When
383 1414 79 75 they
487 1414 90 75 come
604 1414 85 75 from
714 1414 54 75 the
786 1414 100 75 loom,
912 1414 78 75 they
1007 1414 53 75 are
1076 1414 68 75 fent
1161 1414 35 75 to

209 1462 55 75 the
281 1462 95 75 fuller
387 1462 11 75 ;
425 1462 62 75 and
515 1462 83 75 after
626 1462 78 75 they
731 1462 82 75 have
830 1462 77 75 been
925 1462 102 75 fulled
1044 1462 63 75 and
1124 1462 74 75 well

207 1508 145 75 cleaned,
377 1508 78 75 they
472 1508 53 75 are
542 1508 103 75 naped
663 1508 79 75 with
768 1508 19 75 a
809 1508 126 75 fuller’s
960 1508 117 75 thiftle.

254 1555 113 75 There
379 1555 53 75 are
449 1555 146 75 blankets
612 1555 92 75 made
721 1555 80 75 with
817 1555 56 75 the
889 1555 70 75 hair
976 1555 40 75 of
1026 1555 119 75 feveral
1163 1555 33 75 a-

207 1601 135 75 nimals;
369 1601 33 75 as
419 1601 71 75 that
510 1601 41 75 of
562 1601 104 75 goats,
692 1601 94 75 dogs,
812 1601 64 75 and
891 1601 124 75 others.

256 1648 126 75 French
408 1648 159 75 blankets,
602 1648 104 75 called
727 1648 104 75 Paris
857 1648 149 75 mantles,
1033 1648 62 75 pay
1117 1648 82 75 duty

214 1696 76 75 igs.
313 1696 35 75 11
365 1696 35 75 d,
417 1696 92 75 each,
533 1696 31 75 if
583 1696 153 75 coloured
759 1696 63 75 and
846 1696 56 75 the
929 1696 217 75 manufadture
1163 1696 40 75 of

209 1742 148 75 France;
383 1742 169 75 otherwife
580 1742 77 75 only
684 1742 17 75 5
714 1742 27 75 s.
766 1742 124 75 i-t^d.
939 1742 38 75 If
989 1742 207 75 uncoloured,

210 1790 61 75 and
308 1790 56 75 the
399 1790 218 75 manufacture
658 1790 41 75 of
729 1790 136 75 France,
905 1790 79 75 they
1023 1790 62 75 pay
1119 1790 78 75 each

212 1837 60 75 9s.
297 1837 136 75 S-reg-d.
459 1837 169 75 otherwife
654 1837 77 75 only
757 1837 56 75 3s.
836 1837 158 75 ic>A^-d.
1043 1837 155 75 Blankets

210 1882 160 75 imported
392 1882 68 75 into
477 1882 135 75 France,
639 1882 61 75 pay
717 1882 18 75 a
750 1882 80 75 duty
855 1882 41 75 of
917 1882 206 75 importation
1145 1882 53 75 ac-

211 1929 134 75 cording
361 1929 35 75 to
413 1929 83 75 their
517 1929 150 75 finenefs;
696 1929 138 75 namely,
861 1929 89 75 thofe
967 1929 40 75 of
1018 1929 61 75 fine
1099 1929 98 75 wool,

211 1977 47 75 fix
281 1977 96 75 livres
399 1977 63 75 per
488 1977 88 75 piece
593 1977 11 75 ;
637 1977 90 75 thofe
755 1977 41 75 of
821 1977 106 75 coarfe
937 1977 7 75 -
955 1977 63 75 and
1042 1977 157 75 middling

211 2023 97 75 wool,
333 2023 92 75 three
441 2023 108 75 livres.
599 2023 96 75 None
708 2023 58 75 can
783 2023 40 75 be
835 2023 160 75 imported
1010 2023 58 75 but
1084 2023 43 75 by
1144 2023 56 75 the

213 2070 71 75 way
301 2070 39 75 of
351 2070 109 75 Calais
477 2070 62 75 and
557 2070 198 75 StVallery.

165 2116 208 75 BLANOS,
398 2116 19 75 a
433 2116 156 75 maritime
601 2116 88 75 town
706 2116 40 75 of
759 2116 98 75 Spain
873 2116 32 75 in
922 2116 184 75 Catalonia,
1124 2116 76 75 near

214 2163 54 75 the
287 2163 112 75 mouth
417 2163 40 75 of
469 2163 54 75 the
544 2163 83 75 river
642 2163 161 75 Tordera.

163 2208 338 75 BLANQUILLE,
526 2208 31 75 in
575 2208 190 75 commerce,
791 2208 18 75 a
825 2208 89 75 fmall
931 2208 92 75 filver
1039 2208 72 75 coin
1127 2208 72 75 cur-

215 2256 70 75 rent
301 2256 32 75 in
351 2256 55 75 the
422 2256 153 75 kingdom
598 2256 40 75 of
656 2256 172 75 Morocco,
854 2256 62 75 and
933 2256 42 75 all
992 2256 69 75 that
1078 2256 72 75 part
1166 2256 40 75 of

213 2303 56 75 the
282 2303 82 75 coaft
376 2303 39 75 of
423 2303 167 75 Barbary;
604 2303 25 75 it
641 2303 27 75 is
681 2303 106 75 worth
800 2303 97 75 about
909 2303 291 75 three-half-pence

213 2350 40 75 of
264 2350 59 75 our
338 2350 142 75 money,..

167 2396 175 75 BLARE,
368 2396 30 75 in
424 2396 190 75 commerce,
640 2396 19 75 a
681 2396 88 75 fmall
799 2396 118 75 copper
945 2396 73 75 coin
1040 2396 41 75 of
1099 2396 100 75 Bern,

216 2442 109 75 nearly
340 2442 40 75 of
398 2442 54 75 the
464 2442 84 75 fame
564 2442 93 75 value
673 2442 79 75 with
770 2442 55 75 the
838 2442 84 75 ratz.

168 2487 327 75 BLAREGNIES,
521 2487 19 75 a
555 2487 87 75 town
655 2487 40 75 of
714 2487 55 75 the
795 2487 149 75 Auftrian
967 2487 232 75 Netherlands,

217 2536 98 75 about
337 2536 93 75 feven
453 2536 91 75 miles
568 2536 93 75 fouth
684 2536 40 75 of
743 2536 122 75 Mons;
891 2536 45 75 E.
961 2536 89 75 long.
1070 2536 18 75 3
1088 2518 24 49 0
1134 2536 67 75 55',

218 2582 63 75 and
296 2582 48 75 N.
362 2582 59 75 lat.
443 2582 64 75 50°
528 2582 54 75 30'
582 2582 12 75 .

169 2630 189 75 BLASIA,
383 2630 33 75 in
438 2630 132 75 botany,
596 2630 17 75 a
630 2630 97 75 genus
745 2630 40 75 of
803 2630 56 75 the
882 2630 219 75 cryptogamia
1123 2630 79 75 algae

217 2675 92 75 clafs.
356 2675 78 75 The
450 2675 84 75 calix
551 2675 38 75 of
608 2675 88 75 what
719 2675 27 75 is
763 2675 103 75 called
881 2675 56 75 the
954 2675 82 75 male
1056 2675 26 75 is
1100 2675 102 75 cylin-

217 2722 112 75 drical,
355 2722 62 75 and
433 2722 59 75 full
510 2722 39 75 of
569 2722 104 75 grains
689 2722 11 75 ;
726 2722 56 75 the
805 2722 86 75 calix
913 2722 41 75 of
972 2722 56 75 the
1044 2722 114 75 female
1175 2722 26 75 is

218 2770 116 75 naked,
352 2770 61 75 and
430 2770 149 75 inclofing
592 2770 18 75 a
627 2770 146 75 roundilh
790 2770 73 75 feed
876 2770 78 75 funk
970 2770 32 75 in
1015 2770 55 75 the
1081 2770 118 75 leaves.

216 2815 112 75 There
343 2815 28 75 is
393 2815 25 75 h
418 2797 17 49 u
435 2815 16 75 t
475 2815 60 75 one
560 2815 128 75 fpecies,
713 2815 71 75 viz.
809 2815 56 75 the
888 2815 121 75 pufilla,
1034 2815 38 75 or
1097 2815 109 75 dwarf

218 2861 106 75 blafia,
350 2861 18 75 a
385 2861 104 75 native
502 2861 40 75 of
560 2861 138 75 Britain.

171 2908 305 75 BLASPHEMY,
503 2908 38 75 an
565 2908 160 75 indignity
748 2908 37 75 or
806 2908 108 75 injury
938 2908 125 75 offered
1085 2908 36 75 to
1144 2908 55 75 the

216 2954 184 75 Almighty,
425 2954 42 75 by
483 2954 140 75 denying
640 2954 86 75 what
751 2954 26 75 is
802 2954 49 75 his
876 2954 74 75 due,
976 2954 63 75 and
1055 2954 39 75 of
1114 2954 85 75 right

215 3000 171 75 belonging
402 3000 35 75 to
460 3000 88 75 him;
567 3000 45 75 .or
637 3000 43 75 by
702 3000 190 75 attributing
913 3000 36 75 to
972 3000 56 75 the
1053 3000 146 75 creature

215 3048 71 75 that
301 3048 105 75 which
422 3048 27 75 is
466 3048 63 75 due
545 3048 76 75 only
638 3048 34 75 to
690 3048 55 75 the
763 3048 150 75 Creator.

1245 246 172 75 BLAST,
1443 246 32 75 in
1492 246 18 75 a
1527 246 126 75 general
1676 246 98 75 fenfe,
1801 246 132 75 denoted
1951 246 63 75 any
2031 246 121 75 violent
2168 246 114 75 explo-

1293 292 63 75 fion
1368 292 40 75 of
1429 292 60 75 air,
1515 292 145 75 whether
1670 292 186 75 occafioned
1871 292 44 75 by
1931 292 226 75 gun-powder,
2183 292 37 75 or
2238 292 45 75 by

1294 339 55 75 the
1366 339 101 75 adion
1485 339 40 75 of
1544 339 20 75 a
1578 339 69 75 pair
1662 339 40 75 of
1720 339 148 75 bellows.

1246 385 160 75 Blasts,
1439 385 116 75 among
1582 385 130 75 miners,
1744 385 56 75 the
1827 385 83 75 fame
1939 385 78 75 with
2046 385 122 75 damps.
2220 385 64 75 See

1296 433 149 75 Damps.

1248 478 146 75 Blast,
1420 478 39 75 or
1475 478 174 75 Blight,
1675 478 31 75 in
1719 478 194 75 hulbandry.
1963 478 61 75 See
2042 478 175 75 Blight.

1247 527 265 75 BLASTING,
1539 527 19 75 a
1574 527 81 75 term
1673 527 137 75 ufed.by
1826 527 116 75 miners
1960 527 51 75 for
2027 527 55 75 the
2099 527 124 75 tearing
2240 527 43 75 up

1296 572 93 75 rocks
1414 572 106 75 which
1543 572 43 75 lie
1609 572 32 75 in
1665 572 85 75 their
1774 572 83 75 way,
1883 572 43 75 by
1951 572 56 75 the
2029 572 89 75 force
2143 572 40 75 of
2201 572 80 75 gun-

1294 619 143 75 powder.

1247 666 216 75 BLATTA,
1489 666 38 75 or
1544 666 259 75 Cockroche,
1830 666 17 75 a
1864 666 98 75 genus
1974 666 41 75 of
2025 666 111 75 infeds
2148 666 133 75 belong-

1295 711 53 75 ing
1373 711 34 75 to
1431 711 56 75 the
1511 711 96 75 order
1630 711 38 75 of
1688 711 190 75 hemiptera,
1904 711 38 75 or
1964 711 75 75 fuch
2057 711 34 75 as
2111 711 80 75 have
2207 711 76 75 four

1294 759 275 75 femicruflaceous
1593 759 184 75 incumbent
1801 759 115 75 wings.
1965 759 78 75 The
2067 759 82 75 head
2167 759 39 75 of
2225 759 57 75 the

1295 805 101 75 blatta
1408 805 26 75 is
1450 805 147 75 infleded
1613 805 141 75 towards
1771 805 55 75 the
1838 805 102 75 bread
1952 805 10 75 ;
1989 805 55 75 the
2062 805 156 75 antennas,
2244 805 38 75 or

1297 852 127 75 feelers,
1444 852 52 75 are
1509 852 81 75 hard
1607 852 64 75 like
1684 852 122 75 bridles
1818 852 11 75 ;
1855 852 57 75 the
1924 852 104 75 elytra
2040 852 63 75 and
2118 852 100 75 wings
2229 852 55 75 are

1296 897 96 75 plain,
1418 897 62 75 and
1498 897 151 75 refemble
1665 897 210 75 parchment;
1901 897 54 75 the
1972 897 102 75 breaft
2091 897 25 75 is
2142 897 139 75 fmooth,

1296 945 159 75 roundifii,
1474 945 62 75 and
1552 945 26 75 is
1595 945 192 75 terminated
1802 945 43 75 by
1857 945 39 75 an
1913 945 80 75 edge
2006 945 37 75 or
2055 945 122 75 margin
2189 945 9 75 ;
2226 945 56 75 the

1295 991 65 75 feet
1378 991 53 75 are
1448 991 91 75 fitted
1566 991 51 75 for
1640 991 158 75 running;
1825 991 63 75 and
1907 991 92 75 there
2024 991 53 75 are
2103 991 65 75 two
2190 991 92 75 fmali

1295 1039 98 75 horns
1411 1039 101 75 above
1524 1039 55 75 the
1592 1039 69 75 tail.
1700 1039 86 75 This
1799 1039 95 75 infed
1907 1039 167 75 refembies
2087 1039 54 75 the
2154 1039 128 75 beetle;

1297 1086 61 75 and
1374 1086 91 75 there
1483 1086 55 75 are
1557 1086 41 75 10
1614 1086 137 75 fpecies;
1776 1086 71 75 viz.
1873 1086 29 75 1.
1915 1086 76 75 The
2008 1086 146 75 gigantea
2169 1086 26 75 is
2213 1086 40 75 of
2264 1086 18 75 a

1297 1132 77 75 livid
1398 1132 124 75 colour,
1548 1132 63 75 and
1632 1132 56 75 has
1713 1132 114 75 fquare
1850 1132 156 75 brownilh
2032 1132 106 75 marks
2162 1132 40 75 on
2226 1132 57 75 the

1297 1179 112 75 breaft.
1459 1179 32 75 It
1504 1179 27 75 is
1548 1179 102 75 found
1661 1179 32 75 in
1707 1179 75 75 Afia
1797 1179 64 75 and
1874 1179 164 75 America,
2063 1179 63 75 and
2141 1179 26 75 is
2185 1179 100 75 about

1297 1225 54 75 the
1367 1225 62 75 fize
1446 1225 40 75 of
1505 1225 17 75 a
1540 1225 90 75 hen’s
1647 1225 74 75 egg.
1772 1225 33 75 2.
1829 1225 77 75 The
1920 1225 72 75 alba
2008 1225 26 75 is
2053 1225 69 75 red,
2148 1225 62 75 and
2228 1225 55 75 the

1297 1272 121 75 margin
1435 1272 41 75 of
1495 1272 54 75 the
1567 1272 100 75 breaft
1683 1272 26 75 is
1726 1272 111 75 white.
1887 1272 32 75 It
1936 1272 26 75 is
1980 1272 101 75 found
2098 1272 31 75 in
2155 1272 126 75 Egypt.

1299 1319 31 75 3.
1355 1319 77 75 The
1444 1319 216 75 furinamenfis
1673 1319 26 75 is
1715 1319 91 75 livid,
1825 1319 63 75 and
1905 1319 55 75 the
1972 1319 102 75 breaft
2085 1319 103 75 edged
2203 1319 80 75 with

1296 1365 109 75 white.
1454 1365 33 75 It
1509 1365 25 75 is
1559 1365 19 75 a
1603 1365 106 75 native
1734 1365 39 75 of
1793 1365 162 75 Surinam.
2006 1365 32 75 4.
2065 1365 76 75 The
2167 1365 115 75 ameri-

1296 1411 77 75 cana
1395 1411 27 75 is
1448 1411 40 75 of
1507 1411 39 75 an
1571 1411 70 75 iron
1658 1411 124 75 colour,
1807 1411 64 75 and
1894 1411 55 75 the
1973 1411 79 75 hind
2074 1411 70 75 part
2167 1411 40 75 of
2226 1411 57 75 the

1295 1458 102 75 breaft
1414 1458 25 75 is
1457 1458 110 75 white.
1617 1458 76 75 The
1706 1458 100 75 wings
1818 1458 62 75 and
1897 1458 104 75 elytra
2013 1458 52 75 are
2083 1458 111 75 longer
2205 1458 77 75 than

1296 1505 41 75 its
1356 1505 100 75 body.
1505 1505 32 75 It
1559 1505 26 75 is
1611 1505 103 75 found
1738 1505 32 75 in
1795 1505 153 75 America
1972 1505 63 75 and
2059 1505 55 75 the
2137 1505 92 75 fouth
2248 1505 42 75 of

1295 1552 136 75 France.
1483 1552 31 75 5.
1534 1552 76 75 The
1627 1552 90 75 pivea
1733 1552 26 75 is
1777 1552 109 75 white,
1913 1552 79 75 with
2014 1552 116 75 yellow
2154 1552 129 75 feelers.

1296 1598 31 75 It
1343 1598 27 75 is
1388 1598 17 75 a
1422 1598 104 75 native
1544 1598 40 75 of
1596 1598 163 75 America.
1809 1598 34 75 6.
1867 1598 77 75 The
1961 1598 140 75 africana
2116 1598 26 75 is
2158 1598 125 75 alh-co-

1296 1646 126 75 loured,
1448 1646 62 75 and
1526 1646 57 75 ha$
1599 1646 86 75 fome
1700 1646 86 75 hairs
1810 1646 42 75 on
1868 1646 42 75 its
1927 1646 112 75 breaft.
2089 1646 32 75 It
2138 1646 26 75 is
2182 1646 102 75 found

1295 1691 32 75 in
1345 1691 125 75 Africa.
1514 1691 33 75 7.
1565 1691 78 75 The
1661 1691 162 75 orientalis
1843 1691 26 75 is
1888 1691 40 75 of
1941 1691 18 75 a
1975 1691 100 75 dulky
2092 1691 51 75 alh
2156 1691 124 75 colour,

1296 1739 56 75 has
1372 1739 85 75 Ihort
1474 1739 116 75 elytra,
1609 1739 78 75 with
1704 1739 40 75 an
1755 1739 120 75 oblong
1885 1739 122 75 furrow
2019 1739 32 75 in
2064 1739 100 75 them.
2197 1739 56 75 Th
2253 1721 10 49 ;
2263 1739 21 75 s

1296 1786 118 75 fpecies
1432 1786 25 75 is
1475 1786 150 75 frequent
1640 1786 32 75 in
1691 1786 162 75 America.
1901 1786 101 75 They
2013 1786 54 75 get
2082 1786 69 75 into
2167 1786 114 75 chefts,

1298 1833 64 75 be.
1387 1833 62 75 and
1461 1833 43 75 do
1524 1833 96 75 much
1636 1833 75 75 hurt
1730 1833 34 75 to
1781 1833 123 75 cloaths
1916 1833 10 75 ;
1952 1833 79 75 they
2046 1833 92 75 infeft
2154 1833 130 75 peoples

1297 1879 77 75 beds
1391 1879 32 75 in
1440 1879 56 75 the
1514 1879 103 75 night,
1643 1879 65 75 bite
1719 1879 65 75 like
1797 1879 93 75 bugs,
1915 1879 63 75 and
1989 1879 89 75 leave
2095 1879 18 75 a
2128 1879 79 75 very
2223 1879 58 75 un-

1296 1924 136 75 favoury
1453 1924 89 75 fmeil
1568 1924 122 75 behind
1713 1924 102 75 them.
1863 1924 100 75 They
1986 1924 97 75 avoid
2106 1924 55 75 the
2185 1924 96 75 light,

1297 1971 61 75 and
1374 1971 121 75 feldom
1512 1971 115 75 appear
1643 1971 58 75 but
1717 1971 31 75 in
1766 1971 55 75 the
1833 1971 92 75 night
1938 1971 89 75 time.
2075 1971 78 75 The
2165 1971 117 75 female

1298 2019 169 75 refembies
1492 2019 19 75 a
1534 2019 78 75 kind
1637 2019 40 75 of
1695 2019 195 75 caterpillar,
1916 2019 32 75 as
1973 2019 26 75 it
2022 2019 58 75 has
2097 2019 42 75 no
2156 2019 123 75 wings:

1299 2066 65 75 She
1381 2066 68 75 lays
1473 2066 39 75 an
1537 2066 61 75 egg
1623 2066 40 75 of
1682 2066 98 75 about
1807 2066 61 75 one
1889 2066 75 75 half
1982 2066 57 75 the
2062 2066 79 75 bulk
2165 2066 41 75 of
2223 2066 60 75 her

1293 2112 100 75 belly.
1440 2112 100 75 They
1556 2112 51 75 eat
1631 2112 110 75 bread,
1767 2112 65 75 raw
1855 2112 37 75 or
1915 2112 123 75 dreffed
2061 2112 96 75 meat,
2182 2112 98 75 linen,

1297 2159 115 75 books,
1444 2159 194 75 filk-worms
1665 2159 63 75 tfnd
1754 2159 85 75 their
1866 2159 93 75 bags,
1993 2159 65 75 be.
2108 2159 54 75 Sir
2189 2159 93 75 Hans

1299 2206 117 75 Sloane
1428 2206 82 75 fays,
1537 2206 69 75 that
1624 2206 54 75 the
1694 2206 130 75 Indians
1840 2206 70 75 mix
1934 2206 84 75 their
2034 2206 85 75 alhes
2136 2206 77 75 with
2230 2206 52 75 fu-

1298 2253 69 75 gar,
1385 2253 63 75 and
1464 2253 96 75 apply
1575 2253 89 75 them
1681 2253 35 75 to
1733 2253 103 75 ulcers
1852 2253 34 75 in
1901 2253 97 75 order
2014 2253 35 75 to
2065 2253 145 75 promote
2225 2253 59 75 the

1296 2299 217 75 fuppuration.
1561 2299 35 75 8.
1614 2299 77 75 The
1707 2299 191 75 germanica,
1924 2299 26 75 is
1961 2299 91 75 livid,
2070 2299 62 75 and
2147 2299 134 75 yellow-

1297 2346 57 75 ifti,
1380 2346 80 75 with
1477 2346 65 75 two
1566 2346 94 75 black
1681 2346 132 75 parallel
1828 2346 80 75 lines
1926 2346 42 75 on
1984 2346 55 75 the
2054 2346 114 75 breaft.
2205 2346 31 75 It
2254 2346 27 75 is

1296 2393 102 75 found
1414 2393 32 75 in
1464 2393 180 75 Denmark.
1687 2393 34 75 9.
1737 2393 77 75 The
1830 2393 176 75 lapponica,
2027 2393 27 75 is
2070 2393 130 75 yellow,
2219 2393 63 75 and

1301 2439 54 75 the
1367 2439 105 75 elytra
1484 2439 53 75 are
1549 2439 126 75 fpotted
1692 2439 78 75 with
1788 2439 107 75 black.
1943 2439 32 75 It
1991 2439 27 75 is
2035 2439 102 75 found
2150 2439 33 75 in
2195 2439 88 75 Lap-

1298 2486 87 75 land,
1415 2486 62 75 and
1500 2486 89 75 feeds
1613 2486 85 75 upon
1725 2486 121 75 cheefe,
1871 2486 103 75 fifties,
2001 2486 65 75 <bc.
2119 2486 53 75 10.
2202 2486 80 75 The

1299 2533 184 75 oblongata,
1509 2533 26 75 is
1559 2533 41 75 of
1611 2533 38 75 an
1670 2533 119 75 oblong
1805 2533 122 75 figure;
1954 2533 56 75 the
2032 2533 110 75 colour
2159 2533 27 75 is
2202 2533 81 75 livid

1298 2580 62 75 and
1376 2580 141 75 ftiining;
1544 2580 62 75 and
1622 2580 25 75 it
1662 2580 57 75 has
1736 2580 66 75 two
1818 2580 95 75 black
1929 2580 86 75 fpots
2036 2580 40 75 on
2093 2580 56 75 the
2165 2580 116 75 breaft.

1298 2627 77 75 The
1397 2627 114 75 feelers
1535 2627 53 75 are
1610 2627 58 75 red
1692 2627 63 75 and
1775 2627 167 75 clavated;
1975 2627 62 75 and
2060 2627 55 75 the
2136 2627 67 75 feet
2227 2627 54 75 are

1298 2672 77 75 very
1392 2672 103 75 hairy.
1532 2672 32 75 It
1581 2672 26 75 is
1626 2672 19 75 a
1661 2672 106 75 native
1782 2672 39 75 of
1833 2672 164 75 America.

1250 2719 163 75 Blatta

1624 2719 31 75 in
1672 2719 185 75 pharmacy.
1907 2719 61 75 See
1985 2719 172 75 Unguis.

1249 2767 301 75 BLATTARIA,
1575 2767 32 75 in
1624 2767 132 75 botany.
1806 2767 61 75 See
1881 2767 255 75 Verbascum.

1249 2814 211 75 BLAVET,
1486 2814 38 75 or
1541 2814 269 75 Port-Lewis,
1836 2814 19 75 a
1875 2814 178 75 port-town
2070 2814 40 75 of
2129 2814 152 75 Brittany

1296 2860 31 75 in
1344 2860 136 75 France,
1504 2860 133 75 fituated
1654 2860 33 75 at
1704 2860 55 75 the
1775 2860 113 75 mouth
1908 2860 41 75 of
1967 2860 56 75 the
2038 2860 86 75 river
2139 2860 139 75 Blavet;

1295 2906 62 75 W.
1369 2906 89 75 long.
1476 2906 17 75 3
1493 2888 25 49 0
1518 2906 14 75 ,
1558 2906 62 75 and
1635 2906 48 75 N.
1701 2906 56 75 lat.
1779 2906 67 75 47°
1866 2906 68 75 40'.

1249 2955 327 75 BLAWBUREN,
1602 2955 19 75 a
1645 2955 85 75 town
1757 2955 39 75 of
1817 2955 139 75 Swabia,
1981 2955 32 75 in
2038 2955 180 75 Germany,
2244 2955 34 75 a-

1295 2999 79 75 bout
1389 2999 109 75 eleven
1516 2999 91 75 miles
1624 2999 63 75 eaft
1703 2999 41 75 of
1762 2999 104 75 Ulm;
1891 2999 44 75 E.
1953 2999 88 75 long.
2061 2999 21 75 9
2082 2981 23 49 0
2120 2999 69 75 45',
2215 2999 64 75 and

1294 3049 48 75 N.
1362 3049 57 75 lat.
1438 3049 67 75 48°
1526 3049 43 75 24
1569 3031 12 49 r
1581 3049 11 75 .

2101 3093 171 75 BLAYE,
