2428 3377
156 105 101 75 Part
287 105 70 75 IV.

707 105 44 75 A
866 105 44 75 N
1026 105 42 75 A
1182 87 12 49 r

200 173 124 75 Laftly,
349 173 56 75 the
428 173 145 75 peroniea
589 173 185 75 continuing
796 173 42 75 its
861 173 110 75 courfe
987 173 197 75 downward,

153 219 41 75 on
212 219 55 75 the
284 219 145 75 backfide
446 219 40 75 of
505 219 55 75 the
586 219 110 75 fibula,
722 219 34 75 as
784 219 51 75 far
862 219 35 75 as
925 219 56 75 the
1009 219 36 75 os
1073 219 109 75 calcis,

151 266 101 75 forms
272 266 39 75 an
328 266 75 75 arch
420 266 78 75 with
515 266 56 75 the
587 266 119 75 tibialis
723 266 166 75 pofterior,
914 266 145 75 between
1076 266 55 75 the
1147 266 35 75 a-

143 312 157 75 Hragalus
317 312 63 75 and
396 312 56 75 the
468 312 252 75 tendo-achillis.

821 573 366 75 PAR

637 755 141 75 OF

908 755 256 75 THE

145 925 142 75 TH
299 925 31 75 E
352 925 113 75 blood,
482 925 189 75 diftributed
693 925 36 75 to
745 925 43 75 all
803 925 88 75 parts
907 925 43 75 of
958 925 58 75 the
1032 925 87 75 body
1135 925 44 75 by

270 970 65 75 two
350 970 94 75 kinds
460 970 40 75 of
511 970 146 75 arteries,
682 970 56 75 the
754 970 91 75 aorta
870 970 64 75 and
962 970 118 75 arteria
1106 970 72 75 pul-

145 1016 151 75 monaris,
322 1016 126 75 returns
464 1016 44 75 by
523 1016 92 75 three
630 1016 94 75 kinds
741 1016 40 75 of
798 1016 101 75 veins,
924 1016 104 75 called
1044 1016 43 75 by
1102 1016 74 75 ana-

146 1062 120 75 tomifts
286 1062 84 75 vena
385 1062 95 75 cava,
505 1062 83 75 vena
598 1062 116 75 portae,
740 1062 63 75 and
818 1062 82 75 vena
911 1062 217 75 pulmonaris.

191 1108 76 75 The
283 1108 81 75 vena
379 1108 77 75 cava
472 1108 116 75 carries
605 1108 82 75 back
699 1108 36 75 to
752 1108 56 75 the
824 1108 86 75 right
928 1108 118 75 auricle
1062 1108 41 75 of
1121 1108 54 75 the

142 1154 104 75 heart,
263 1154 56 75 the
336 1154 99 75 blood
450 1154 163 75 conveyed
624 1154 44 75 by
685 1154 54 75 the
756 1154 91 75 aorta
862 1154 35 75 to
914 1154 42 75 all
972 1154 88 75 parts
1072 1154 42 75 of
1119 1154 56 75 the

143 1201 88 75 body
250 1201 115 75 except
390 1201 87 75 what
501 1201 76 75 goes
594 1201 44 75 by
655 1201 53 75 the
724 1201 123 75 arterias
864 1201 172 75 coronarbe
1054 1201 119 75 cordis.

142 1245 33 75 It
187 1245 137 75 receives
341 1245 42 75 all
400 1245 64 75 this
477 1245 97 75 blood
591 1245 85 75 from
692 1245 56 75 the
764 1245 128 75 arterial
903 1245 224 75 ramifications
1141 1245 33 75 in

142 1292 71 75 part
230 1292 146 75 diredtly,
400 1292 64 75 and
479 1292 33 75 in
528 1292 72 75 part
615 1292 180 75 indiredtly.

188 1339 77 75 The
292 1339 80 75 vena
399 1339 98 75 portae
528 1339 138 75 receives
693 1339 56 75 the
776 1339 100 75 blood
902 1339 124 75 carried
1053 1339 35 75 to
1116 1339 56 75 the

140 1385 133 75 floating
288 1385 120 75 vifcera
430 1385 42 75 of
490 1385 56 75 the
570 1385 156 75 abdomen
749 1385 44 75 by
817 1385 56 75 the
898 1385 118 75 arteria
1044 1385 128 75 cseliaca

139 1431 65 75 and
236 1431 56 75 the
315 1431 66 75 two
409 1431 223 75 mefentericae,
658 1431 63 75 and
744 1431 136 75 conveys
904 1431 27 75 it
954 1431 36 75 to
1012 1431 68 75 the>
1092 1431 82 75 vena

139 1477 159 75 hepatica,
324 1477 62 75 and
402 1477 85 75 from
507 1477 114 75 thence
636 1477 35 75 to
687 1477 57 75 the
758 1477 81 75 vena
854 1477 89 75 cava.

189 1524 74 75 The
281 1524 80 75 vena
380 1524 193 75 pulmonaris
592 1524 137 75 conveys
747 1524 35 75 to
796 1524 56 75 the
869 1524 189 75 pulmonary
1073 1524 95 75 finus,

140 1570 39 75 or
201 1570 60 75 left
286 1570 119 75 auricle
429 1570 41 75 of
488 1570 56 75 the
565 1570 104 75 heart,
694 1570 55 75 the
773 1570 101 75 blood
900 1570 125 75 carried
1052 1570 35 75 to
1114 1570 57 75 the

138 1617 93 75 lungs
251 1617 44 75 by
311 1617 56 75 the
382 1617 117 75 arteria
514 1617 215 75 pulmonaris.,

185 1663 68 75 We
268 1663 183 75 commonly
463 1663 72 75 talk
550 1663 42 75 of
602 1663 54 75 the
667 1663 86 75 ^|na
765 1663 80 75 cava
860 1663 34 75 in
918 1663 139 75 general,
1083 1663 34 75 as
1145 1663 31 75 if

138 1710 27 75 it
193 1710 84 75 were
298 1710 58 75 but
372 1710 61 75 one
449 1710 72 75 vein
537 1710 33 75 at
586 1710 41 75 its
645 1710 116 75 origin,
786 1710 37 75 or
848 1710 64 75 had
929 1710 59 75 but
1004 1710 61 75 one
1081 1710 88 75 com-

139 1754 74 75 mon
230 1754 119 75 trunk;
376 1754 140 75 whereas
541 1754 27 75 it
592 1754 76 75 goes
692 1754 57 75 out
771 1754 87 75 from
874 1754 55 75 the
947 1754 87 75 right
1051 1754 119 75 auricle

140 1801 40 75 of
191 1801 55 75 the
263 1801 91 75 heart
370 1801 45 75 by
429 1801 66 75 two
510 1801 89 75 large
615 1801 140 75 feparate
776 1801 125 75 trunks,
926 1801 33 75 in
978 1801 19 75 a
1015 1801 154 75 direftion

137 1848 110 75 almoft
263 1848 275 75 perpendicularly
552 1848 140 75 oppofite
719 1848 35 75 to
773 1848 78 75 each
876 1848 106 75 other,
1008 1848 60 75 one
1093 1848 74 75 run-

138 1893 76 75 ning
230 1893 142 75 upward,
392 1893 102 75 called
511 1893 81 75 vena
609 1893 81 75 cava
692 1893 171 75 fuperior;
882 1893 55 75 the
949 1893 95 75 other
1055 1893 111 75 down-

137 1939 100 75 ward,
263 1939 104 75 called
383 1939 82 75 vena
488 1939 81 75 cava
586 1939 153 75 inferior.

183 1987 77 75 The
276 1987 80 75 vena
371 1987 77 75 cava
470 1987 141 75 fuperior
637 1987 26 75 is
691 1987 190 75 diftributed
905 1987 115 75 chiefly
1047 1987 36 75 to
1109 1987 56 75 the

135 2033 132 75 thorax,
291 2033 97 75 head,
414 2033 62 75 and
500 2033 99 75 upper
619 2033 212 75 extremities,
857 2033 63 75 and
942 2033 58 75 but
1017 2033 78 75 very
1111 2033 54 75 lit-

134 2077 46 75 tle
197 2077 34 75 to
248 2077 55 75 the
320 2077 87 75 parts
425 2077 103 75 below
545 2077 56 75 the
618 2077 199 75 diaphragm.

180 2124 79 75 The
272 2124 83 75 vena
371 2124 77 75 cava
463 2124 132 75 inferior
611 2124 27 75 is
655 2124 188 75 diftributed
855 2124 115 75 chiefly
986 2124 35 75 to
1037 2124 56 75 the
1109 2124 55 75 ab-

134 2169 117 75 domen
268 2169 63 75 and
346 2169 101 75 lower
462 2169 210 75 extremities,
698 2169 62 75 and
777 2169 57 75 but
857 2169 78 75 very
951 2169 84 75 little
1058 2169 35 75 to
1111 2169 53 75 the

134 2215 87 75 parts
242 2215 99 75 above
358 2215 55 75 the
429 2215 198 75 diaphragm.

180 2262 76 75 The
275 2262 97 75 trunk
389 2262 41 75 of
439 2262 78 75 each
533 2262 40 75 of
583 2262 88 75 thefe
686 2262 67 75 two
769 2262 88 75 veins
874 2262 91 75 fends
981 2262 60 75 off,
1066 2262 95 75 much

132 2308 32 75 in
183 2308 54 75 the
255 2308 82 75 fame
354 2308 130 75 manner
499 2308 79 75 with
593 2308 55 75 the
661 2308 143 75 arteries,
823 2308 19 75 a
852 2308 119 75 certain
984 2308 132 75 number
1128 2308 40 75 of

156 2355 130 75 rincipal
303 2355 38 75 or
356 2355 116 75 capital
488 2355 168 75 branches,
681 2355 105 75 which
798 2355 53 75 are
863 2355 188 75 afterwards
1068 2355 94 75 rami-

156 2401 38 75 ed
211 2401 31 75 in
260 2401 150 75 different
427 2401 158 75 manners.
635 2401 91 75 Each
742 2401 96 75 trunk
855 2401 183 75 terminates
1062 2401 98 75 after-

132 2447 104 75 wards
256 2447 44 75 by
317 2447 17 75 a
350 2447 192 75 bifurcation
559 2447 38 75 or
613 2447 18 75 a
647 2447 129 75 divifion
793 2447 68 75 into
877 2447 66 75 two
960 2447 202 75 fubordinate

132 2494 125 75 trunks,
274 2494 78 75 each
369 2494 41 75 of
429 2494 104 75 which
546 2494 87 75 gives
650 2494 52 75 off
712 2494 95 75 other
822 2494 153 75 principal
992 2494 167 75 branches,

132 2540 117 75 ending
264 2540 31 75 in
314 2540 17 75 a
347 2540 92 75 great
454 2540 133 75 number
602 2540 40 75 of
656 2540 88 75 fmall
761 2540 126 75 trunks,
912 2540 92 75 rami,
1030 2540 62 75 and
1109 2540 49 75 ra-

130 2587 202 75 riiifications.

174 2632 75 75 The
272 2632 143 75 fuperior
431 2632 81 75 vena
528 2632 77 75 cava
620 2632 76 75 runs
719 2632 42 75 up
777 2632 85 75 from
886 2632 56 75 the
959 2632 87 75 right
1073 2632 84 75 auri-

129 2678 48 75 cle
194 2678 40 75 of
244 2678 55 75 the
314 2678 106 75 heart,
445 2678 109 75 almoft
569 2678 33 75 in
619 2678 18 75 a
655 2678 101 75 diredl
768 2678 122 75 courfe,
916 2678 51 75 for
983 2678 97 75 about
1092 2678 66 75 two

128 2726 116 75 fingers
272 2726 150 75 breadth,
453 2726 90 75 lying
569 2726 113 75 within
711 2726 55 75 the
793 2726 223 75 pericardium,
1042 2726 33 75 in
1101 2726 55 75 the

129 2770 86 75 right
231 2770 63 75 fide
311 2770 40 75 of
361 2770 55 75 the
433 2770 97 75 trunk
546 2770 40 75 of
597 2770 56 75 the
668 2770 103 75 aorta,
796 2770 58 75 but
867 2770 19 75 a
895 2770 84 75 little
995 2770 88 75 more
1100 2770 54 75 an-

130 2816 146 75 teriorly.

175 2863 48 75 As
240 2863 26 75 it
283 2863 76 75 goes
376 2863 56 75 out
448 2863 42 75 of
499 2863 55 75 the
570 2863 225 75 pericardium,
820 2863 26 75 it
868 2863 28 75 is
913 2863 138 75 inclined
1067 2863 18 75 a
1100 2863 53 75 lit-

127 2908 45 75 tle
188 2908 35 75 to
239 2908 55 75 the
311 2908 59 75 left
383 2908 99 75 hand,
500 2908 61 75 and
573 2908 77 75 then
663 2908 79 75 runs
759 2908 41 75 up
818 2908 33 75 as
867 2908 78 75 high
962 2908 33 75 as
1013 2908 56 75 the
1087 2908 67 75 car-

127 2956 97 75 tilage
248 2956 41 75 of
308 2956 53 75 the
388 2956 65 75 firft
476 2956 69 75 true
573 2956 61 75 rib,
659 2956 63 75 and
738 2956 18 75 a
770 2956 85 75 little
871 2956 116 75 higher
1002 2956 78 75 than
1097 2956 56 75 the

175 3003 95 75 Vol.
289 3003 30 75 I.
343 3003 72 75 No.
437 3003 53 75 10.

989 3003 17 75 3

1338 104 39 75 O
1493 104 49 75 M
1656 104 51 75 Y.

2182 104 80 75 237

1282 171 97 75 From
1397 171 114 75 thence
1527 171 27 75 it
1571 171 74 75 runs
1661 171 159 75 outward,
1847 171 62 75 and
1932 171 19 75 a
1974 171 85 75 little
2082 171 101 75 above
2207 171 56 75 the

1233 216 93 75 outer
1342 216 93 75 ankle
1459 216 247 75 communicates
1729 216 79 75 with
1837 216 55 75 the
1914 216 117 75 tibialis
2055 216 140 75 anterior
2218 216 44 75 by

1232 263 39 75 an
1296 263 90 75 arch,
1412 263 106 75 which
1542 263 91 75 fends
1658 263 122 75 feveral
1803 263 90 75 fmall
1914 263 223 75 ramifications
2154 263 35 75 to
2206 263 56 75 the

1231 310 233 75 neighbouring
1479 310 101 75 parts.

1287 573 61 75 T

1515 573 108 75 IV.

1296 754 454 75 VEINS.

1227 921 168 75 curvature
1409 921 43 75 of
1472 921 56 75 the
1554 921 103 75 aorta.
1706 921 48 75 At
1771 921 63 75 this
1850 921 90 75 place
1962 921 27 75 it
2012 921 183 75 terminates
2212 921 44 75 by

1227 968 18 75 a
1261 968 194 75 bifurcation
1470 968 38 75 or
1524 968 130 75 divifion
1671 968 69 75 into
1766 968 67 75 two
1855 968 89 75 large
1960 968 153 75 branches
2130 968 38 75 or
2183 968 72 75 fub-

1225 1014 146 75 ordinate
1388 1014 125 75 trunks,
1538 1014 60 75 one
1615 1014 40 75 of
1666 1014 104 75 which
1787 1014 75 75 runs
1879 1014 125 75 toward
2015 1014 55 75 the
2085 1014 60 75 left
2156 1014 97 75 hand,

1226 1060 54 75 the
1299 1060 94 75 other
1408 1060 126 75 toward
1549 1060 56 75 the
1620 1060 100 75 right.

1270 1107 108 75 Thefe
1395 1107 66 75 two
1477 1107 155 75 branches
1649 1107 52 75 are
1713 1107 114 75 named
1832 1107 191 75 fubclavia,
2049 1107 32 75 as
2099 1107 89 75 lying
2198 1107 56 75 be-

1224 1152 79 75 hind
1319 1152 55 75 the
1391 1152 176 75 clavicuhe.

1269 1200 77 75 The
1362 1200 97 75 trunk
1474 1200 41 75 of
1525 1200 55 75 the
1604 1200 141 75 fuperior
1760 1200 90 75 cava,
1877 1200 84 75 from
1979 1200 109 75 where
2103 1200 27 75 it
2147 1200 106 75 leaves

1223 1246 55 75 the
1294 1246 210 75 pericardium
1516 1246 35 75 to
1572 1246 55 75 the
1643 1246 223 75 birfurcation,
1892 1246 91 75 fends
2003 1246 58 75 out
2078 1246 175 75 anteriorly

1222 1292 119 75 leveral
1357 1292 89 75 fmail
1474 1292 167 75 branches.
1688 1292 109 75 Thefe
1830 1292 153 75 branches
2011 1292 53 75 are
2092 1292 55 75 the
2175 1292 78 75 vena

1222 1339 193 75 mediaftina,
1433 1339 187 75 pericardia,
1638 1339 271 75 diaphragmatica
1923 1339 155 75 fuperior,
2096 1339 155 75 thymica,

1221 1385 184 75 mammaria
1421 1385 136 75 interna,
1583 1385 62 75 and
1665 1385 182 75 trachealis.

1269 1432 56 75 All
1342 1432 86 75 thefe
1445 1432 88 75 fmall
1551 1432 152 75 branches
1720 1432 85 75 from
1833 1432 55 75 the
1913 1432 96 75 trunk
2033 1432 42 75 of
2096 1432 56 75 the
2174 1432 79 75 cava

1220 1478 141 75 fuperior
1384 1478 53 75 are
1453 1478 125 75 termed
1594 1478 140 75 dextrae-,
1762 1478 62 75 and
1840 1478 84 75 their
1940 1478 124 75 fellows
2088 1478 42 75 on
2143 1478 54 75 the
2214 1478 37 75 o-

1220 1524 72 75 ther
1312 1524 74 75 fide,
1412 1524 103 75 called
1527 1524 157 75 finiftrae,
1709 1524 43 75 do
1780 1524 57 75 not
1861 1524 80 75 arife
1965 1524 86 75 from
2069 1524 55 75 the
2140 1524 109 75 trunk,

1221 1569 57 75 but
1296 1569 84 75 from
1398 1569 54 75 the
1469 1569 61 75 left
1546 1569 170 75 fubclavia.

1265 1617 205 75 Pofteriorly,
1496 1617 19 75 a
1535 1617 85 75 little
1636 1617 100 75 above
1753 1617 56 75 the
1826 1617 224 75 pericardium,
2076 1617 56 75 the
2149 1617 100 75 trunk

1220 1663 38 75 of
1278 1663 54 75 the
1349 1663 140 75 fuperior
1506 1663 77 75 cava
1597 1663 92 75 fends
1713 1663 58 75 out
1796 1663 18 75 a
1841 1663 116 75 capital
1984 1663 133 75 branch,
2143 1663 105 75 called

1218 1709 81 75 vena
1315 1709 127 75 azygos,
1468 1709 38 75 or
1523 1709 81 75 vena
1610 1709 75 75 jins
1696 1709 93 75 pari,
1807 1709 106 75 which
1930 1709 75 75 runs
2022 1709 94 75 down
2133 1709 42 75 on
2192 1709 57 75 the

1218 1755 86 75 right
1321 1755 63 75 fide
1401 1755 41 75 of
1453 1755 55 75 the
1529 1755 110 75 bodies
1662 1755 41 75 of
1723 1755 56 75 the
1796 1755 153 75 vertebrae
1966 1755 94 75 dorfi,
2086 1755 110 75 almoft
2211 1755 38 75 to

1217 1803 55 75 the
1295 1803 185 75 diaphragm
1495 1803 10 75 ;
1531 1803 107 75 giving
1654 1803 52 75 off
1723 1803 55 75 the
1800 1803 133 75 greateft
1950 1803 70 75 part
2036 1803 41 75 of
2089 1803 65 75 the,
2160 1803 86 75 venae

1214 1850 213 75 intercoftales
1443 1850 64 75 and
1521 1850 158 75 lumbares
1695 1850 189 75 fuperiores.

1262 1896 76 75 The
1354 1896 66 75 two
1436 1896 165 75 fubclaviae
1623 1896 59 75 run
1698 1896 148 75 laterally
1862 1896 39 75 or
1916 1896 124 75 toward
2063 1896 79 75 each
2167 1896 76 75 fide,

1215 1942 62 75 and
1293 1942 167 75 terminate
1477 1942 34 75 as
1528 1942 78 75 they
1621 1942 43 75 go
1683 1942 58 75 out
1757 1942 40 75 of
1808 1942 54 75 the
1879 1942 131 75 thorax,
2035 1942 144 75 between
2189 1942 57 75 the

1214 1987 65 75 firft
1296 1987 48 75 rib
1361 1987 60 75 and
1442 1987 166 75 clavicula.

1261 2034 75 75 The
1355 2034 84 75 right
1451 2034 191 75 fubclavian,
1659 2034 106 75 which
1783 2034 26 75 is
1826 2034 55 75 the
1898 2034 130 75 (horteft
2044 2034 41 75 of
2095 2034 57 75 the
2165 2034 77 75 two,

1215 2080 184 75 commonly
1417 2080 91 75 fends
1533 2080 57 75 out
1613 2080 74 75 four
1702 2080 115 75 capital
1835 2080 176 75 branches;
2038 2080 55 75 the
2111 2080 131 75 jugula-

1213 2126 43 75 ris
1276 2126 145 75 externa,
1443 2126 156 75 jugularis
1622 2126 135 75 interna,
1784 2126 197 75 vertebralis,
2006 2126 63 75 and
2085 2126 155 75 axillaris.

1259 2172 76 75 The
1351 2172 61 75 left
1426 2172 180 75 fubclarian
1623 2172 94 75 being
1733 2172 110 75 longer
1862 2172 76 75 than
1956 2172 55 75 the
2028 2172 99 75 right,
2152 2172 89 75 gives

1211 2218 59 75 off,
1299 2218 65 75 firft
1379 2218 41 75 of
1442 2218 55 75 all,
1527 2218 55 75 the
1606 2218 89 75 fmall
1722 2218 87 75 veins
1837 2218 42 75 on
1903 2218 56 75 the
1986 2218 61 75 left
2075 2218 74 75 fide,
2184 2218 58 75 an-

1211 2264 132 75 fwering
1360 2264 90 75 thofe
1466 2264 41 75 on
1523 2264 56 75 the
1594 2264 86 75 right
1697 2264 63 75 fide
1777 2264 71 75 that
1865 2264 89 75 come
1970 2264 83 75 from
2071 2264 55 75 the
2141 2264 99 75 trunk

1211 2310 40 75 of
1273 2310 55 75 the
1355 2310 142 75 fuperior
1524 2310 87 75 cava,
1637 2310 69 75 viz.
1743 2310 57 75 the
1824 2310 194 75 mediaftina,
2049 2310 188 75 pericardia,

1210 2358 271 75 diaphragmatica
1511 2358 152 75 fuperior,
1700 2358 152 75 thymica,
1889 2358 183 75 mammaria
2101 2358 135 75 iurerna,

1211 2402 62 75 and
1290 2402 180 75 trachealis.

1256 2450 92 75 Next
1364 2450 36 75 to
1416 2450 87 75 thefe
1519 2450 89 75 fmall
1624 2450 101 75 veins,
1751 2450 104 75 called
1864 2450 151 75 finiflrce,
2039 2450 29 75 it
2084 2450 151 75 detaches

1209 2496 134 75 another
1372 2496 75 75 mall
1463 2496 133 75 branch,
1621 2496 104 75 called
1744 2496 213 75 intercofalis
1968 2496 154 75 fuperior
2133 2496 102 75 fnif-

1208 2543 68 75 tra,
1302 2543 62 75 and
1388 2543 76 75 then
1492 2543 72 75 four
1586 2543 88 75 large
1698 2543 152 75 branches
1872 2543 65 75 like
1959 2543 89 75 thofe
2076 2543 86 75 from
2175 2543 60 75 the

1209 2589 85 75 right
1318 2589 190 75 fubclavian,
1532 2589 70 75 viz.
1637 2589 55 75 the
1720 2589 156 75 jugularis
1909 2589 146 75 externa,
2077 2589 157 75 jugularis

1207 2635 134 75 interna,
1366 2635 198 75 vertebralis,
1590 2635 62 75 and
1674 2635 154 75 axillaris,
1853 2635 105 75 which
1976 2635 53 75 are
2046 2635 124 75 termed
2181 2635 53 75 fi-

1207 2682 122 75 niftrae.

1253 2729 76 75 The
1353 2729 144 75 external
1522 2729 129 75 jugular
1677 2729 88 75 veins
1791 2729 53 75 are
1860 2729 190 75 diftributed
2066 2729 115 75 chiefly
2196 2729 36 75 to

1207 2775 54 75 the
1278 2775 92 75 outer
1385 2775 87 75 parts
1489 2775 40 75 of
1547 2775 55 75 the
1614 2775 125 75 throat,
1764 2775 81 75 neck
1866 2775 62 75 and
1946 2775 104 75 head;
2078 2775 62 75 and
2155 2775 76 75 fend

1206 2821 18 75 a
1239 2821 89 75 fmall
1345 2821 71 75 vein
1430 2821 37 75 to
1484 2821 55 75 the
1567 2821 80 75 arm,
1673 2821 115 75 named
1804 2821 175 75 cepbalica,
2005 2821 105 75 which
2138 2821 91 75 affifts

1204 2867 32 75 in
1252 2867 139 75 forming
1408 2867 17 75 a
1445 2867 86 75 large
1547 2867 60 75 one
1627 2867 41 75 of
1677 2867 56 75 the
1745 2867 83 75 fame
1842 2867 103 75 name.

1251 2915 76 75 The
1343 2915 132 75 internal
1488 2915 130 75 jugular
1632 2915 88 75 veins
1737 2915 41 75 go
1793 2915 36 75 to
1841 2915 26 75 ti
1884 2915 16 75 e
1924 2915 134 75 internal
2085 2915 85 75 parts
2194 2915 41 75 of

1203 2962 56 75 the
1275 2962 81 75 neck
1373 2962 65 75 and
1451 2962 96 75 head,
1572 2962 267 75 communicating
1866 2962 78 75 with
1972 2962 56 75 the
2056 2962 113 75 finufts
2193 2962 42 75 of

1696 3007 16 75 3
1738 3007 33 75 O

2174 3007 56 75 the
