2428 3377
122 170 101 75 Part
242 170 72 75 VI.

682 170 41 75 A
838 170 43 75 N
997 170 42 75 A
1156 170 40 75 T

117 242 63 75 and
195 242 28 75 it
239 242 169 75 refembles
431 242 34 75 in
481 242 85 75 fome
591 242 141 75 meafure
760 242 40 75 an
818 242 76 75 arch
921 242 172 75 fupported
1110 242 45 75 by

114 288 42 75 its
173 288 110 75 center
299 288 38 75 or
354 288 114 75 frame.
517 288 32 75 It
564 288 27 75 is
600 288 90 75 more
702 288 185 75 contracted
899 288 32 75 at
948 288 55 75 the
1019 288 132 75 middle,

115 334 79 75 than
211 334 33 75 at
257 334 56 75 the
328 334 215 75 extremities,
568 334 44 75 by
628 334 106 75 which
750 334 26 75 it
803 334 27 75 is
846 334 119 75 clofely
982 334 111 75 united
1116 334 37 75 to

115 381 90 75 thofe
223 381 40 75 of
282 381 55 75 the
354 381 134 75 te/licle.

162 427 153 75 Between
328 427 42 75 its
391 427 198 75 extremities
602 427 25 75 it
650 427 78 75 does
746 427 56 75 not
819 427 215 75 immediately
1052 427 100 75 touch

114 475 56 75 the
193 475 133 75 tefticle,
350 475 59 75 but
425 475 28 75 is
470 475 78 75 only
572 475 121 75 loofely
713 475 176 75 connedted
911 475 35 75 to
969 475 39 75 it,
1034 475 44 75 by
1095 475 55 75 the

113 521 200 75 duplicature
340 521 41 75 of
400 521 20 75 a
444 521 77 75 very
537 521 63 75 fine
617 521 62 75 and
707 521 109 75 almoft
833 521 198 75 tranfparent
1050 521 98 75 mem-

110 568 111 75 brane,
247 568 33 75 as
298 568 43 75 by
357 568 19 75 a
391 568 79 75 kind
486 568 40 75 of
545 568 164 75 ligament.
756 568 85 75 This
858 568 184 75 membrone
1054 568 27 75 is
1094 568 56 75 the

112 614 220 75 continuation
359 614 64 75 and
446 614 201 75 duplicature
669 614 40 75 of
727 614 56 75 the
806 614 107 75 tunica
930 614 166 75 albuginea
1112 614 39 75 or

111 660 117 75 proper
250 660 76 75 coat
349 660 42 75 of
410 660 55 75 the
491 660 131 75 tefticle,
649 660 105 75 which
783 660 118 75 having
925 660 143 75 fupplied
1092 660 56 75 the

110 707 91 75 place
213 707 40 75 of
260 707 19 75 a
294 707 154 75 ligament
460 707 36 75 to
512 707 55 75 the
577 707 192 75 epididymis
782 707 186 75 afterwards
981 707 31 75 in
1016 707 78 75 veils
1107 707 38 75 it.

158 753 76 75 The
251 753 190 75 epididymis
470 753 25 75 is
513 753 67 75 flat,
607 753 18 75 a
648 753 85 75 little
761 753 137 75 concaye
914 753 41 75 on
973 753 56 75 the
1045 753 104 75 under

108 799 78 75 fide,
212 799 38 75 or
266 799 71 75 that
354 799 78 75 next
449 799 55 75 the
527 799 132 75 teliicle,
685 799 193 75 irregularly
894 799 126 75 convex
1036 799 40 75 on
1090 799 56 75 the

108 846 102 75 upper
229 846 75 75 fide,
329 846 38 75 or
391 846 71 75 that
487 846 116 75 turned
630 846 84 75 from
731 846 55 75 the
803 846 141 75 tefticle;
971 846 62 75 and
1057 846 89 75 thefe

108 893 67 75 two
199 893 78 75 fides
296 893 53 75 are
366 893 224 75 diftinguiftied
605 893 45 75 by
665 893 66 75 two
748 893 131 75 angular
895 893 96 75 edges
1003 893 10 75 ;
1032 893 44 75 by
1088 893 57 75 the

107 940 171 75 innermoft
290 940 41 75 of
349 940 118 75 which,
491 940 28 75 it
534 940 27 75 is
579 940 173 75 connedled
767 940 36 75 to
819 940 55 75 the
887 940 131 75 tefticle,
1043 940 32 75 in
1088 940 56 75 the

106 985 130 75 manner
266 985 131 75 already
428 985 87 75 faid;
541 985 59 75 but
622 985 56 75 the
696 985 92 75 outer
812 985 81 75 edge
917 985 63 75 and
996 985 56 75 flat
1079 985 64 75 fide

105 1033 54 75 are
175 1033 86 75 loofe
278 1033 64 75 and
365 1033 80 75 free.

152 1079 77 75 The
245 1079 141 75 anterior
401 1079 177 75 extremity
588 1079 37 75 or
634 1079 84 75 head
728 1079 41 75 of
776 1079 55 75 the
844 1079 189 75 epididymis
1047 1079 95 75 arifes

104 1125 87 75 from
216 1125 55 75 the
293 1125 142 75 tefticle;
471 1125 63 75 and
561 1125 55 75 the
643 1125 153 75 pofterior
812 1125 175 75 extremity
1003 1125 38 75 or
1069 1125 69 75 tail,

104 1171 106 75 which
226 1171 140 75 likev/ife
383 1171 132 75 adheres
536 1171 78 75 very
630 1171 120 75 clofely
776 1171 36 75 to
835 1171 38 75 it,
899 1171 27 75 is
954 1171 187 75 incurv^ted

103 1218 84 75 from
204 1218 133 75 behind,
364 1218 154 75 forward,
544 1218 63 75 and
619 1218 17 75 a
651 1218 86 75 little
754 1218 142 75 upward,
916 1218 61 75 and
994 1218 145 75 contrac-

103 1264 70 75 ting
195 1264 45 75 by
267 1264 145 75 degrees,
438 1264 100 75 forms
562 1264 18 75 a
604 1264 174 75 particular
803 1264 102 75 canal,
931 1264 124 75 termed
1081 1264 56 75 vas

103 1311 159 75 deferens,
287 1311 107 75 which
410 1311 78 75 lhall
505 1311 39 75 be
560 1311 164 75 defcribed
742 1311 84 75 after
848 1311 56 75 the
919 1311 154 75 fcrotum.

149 1358 77 75 The
242 1358 139 75 fcrotum
408 1358 27 75 is
451 1358 58 75 the
526 1358 172 75 cutaneous
724 1358 151 75 covering
898 1358 41 75 of
957 1358 55 75 the
1028 1358 107 75 teftes.

102 1404 207 75 Outwardly,
334 1404 26 75 it
376 1404 27 75 is
430 1404 17 75 a
473 1404 64 75 bag
553 1404 147 75 common
728 1404 35 75 to
790 1404 93 75 both,
908 1404 127 75 formed
1057 1404 44 75 by
1118 1404 19 75 a

101 1450 219 75 continuation
336 1450 40 75 of
395 1450 57 75 the
473 1450 67 75 fkin
557 1450 39 75 of
615 1450 55 75 the
693 1450 232 75 neighbouring
947 1450 101 75 parts,
1073 1450 61 75 and

100 1497 183 75 commonly
297 1497 80 75 very
398 1497 135 75 uneven,
558 1497 120 75 having
693 1497 18 75 a
727 1497 91 75 great
833 1497 133 75 number
990 1497 40 75 of
1048 1497 85 75 rugae

100 1542 41 75 on
158 1542 41 75 its
212 1542 93 75 outer
320 1542 137 75 furface.
505 1542 175 75 Interiorly
695 1542 26 75 it
737 1542 26 75 is
779 1542 109 75 fldhy,
914 1542 61 75 and
992 1542 101 75 forms
1114 1542 19 75 a

99 1591 157 75 mufcular
272 1591 127 75 capfula
413 1591 53 75 for
489 1591 78 75 each
583 1591 133 75 tefticle,
742 1591 124 75 termed
881 1591 123 75 dartos.

144 1638 77 75 The
238 1638 144 75 exterior
397 1638 38 75 or
458 1638 173 75 cutaneous
655 1638 126 75 portion
804 1638 40 75 of
862 1638 57 75 the
941 1638 138 75 fcrotum
1103 1638 27 75 is

97 1683 112 75 nearly
225 1683 41 75 of
283 1683 56 75 the
355 1683 84 75 fame
455 1683 152 75 ftrufture
623 1683 79 75 with
719 1683 55 75 the
791 1683 66 75 fkin
870 1683 31 75 in
927 1683 141 75 general,
1095 1683 39 75 of

97 1730 105 75 which
219 1730 26 75 it
262 1730 26 75 is
317 1730 19 75 a
360 1730 239 75 continuation;
627 1730 77 75 only
728 1730 25 75 it
778 1730 28 75 is
830 1730 179 75 fomething
1035 1730 92 75 finer,

97 1775 63 75 and
175 1775 25 75 it
217 1775 27 75 is
260 1775 139 75 likewife
416 1775 185 75 plentifully
617 1775 106 75 ftored
739 1775 79 75 with
833 1775 169 75 febaceous
1015 1775 113 75 glands

95 1822 63 75 and
170 1822 94 75 bulbs
280 1822 37 75 or
334 1822 88 75 roots
435 1822 42 75 of
485 1822 100 75 hairs.

143 1871 144 75 Though
303 1871 26 75 it
341 1871 26 75 is
385 1871 17 75 a
420 1871 146 75 common
594 1871 150 75 covering
761 1871 55 75 for
828 1871 81 75 both
926 1871 150 75 tefticles,
1101 1871 26 75 it

94 1916 28 75 is
139 1916 211 75 neverthelefs
367 1916 223 75 diftinguiflied
606 1916 68 75 into
704 1916 67 75 two
796 1916 114 75 lateral
934 1916 86 75 parts
1049 1916 44 75 by
1109 1916 18 75 a

92 1964 175 75 fuperficial
285 1964 62 75 and
363 1964 122 75 Uneven
502 1964 180 75 prominent
709 1964 63 75 line
788 1964 106 75 which
913 1964 131 75 appears
1060 1964 65 75 like

92 2010 18 75 a
120 2010 80 75 kind
215 2010 40 75 of
263 2010 119 75 future,
408 2010 61 75 and
481 2010 85 75 from
578 2010 115 75 thence
706 2010 55 75 has
779 2010 77 75 been
871 2010 124 75 termed
1012 2010 111 75 raphe.

138 2056 86 75 This
248 2056 64 75 line
343 2056 27 75 is
388 2056 18 75 a
429 2056 218 75 continuation
675 2056 40 75 of
734 2056 71 75 that
828 2056 105 75 which
950 2056 122 75 divides
1089 2056 33 75 in

91 2102 55 75 the
164 2102 82 75 fame
263 2102 130 75 manner
417 2102 56 75 the
500 2102 174 75 cutaneous
701 2102 150 75 covering
875 2102 41 75 of
934 2102 55 75 the
1006 2102 88 75 penis
1108 2102 12 75 ;

91 2147 61 75 and
168 2147 26 75 it
211 2147 27 75 is
262 2147 172 75 continued
450 2147 140 75 through
618 2147 56 75 the
690 2147 184 75 perinasum,
899 2147 105 75 which
1030 2147 25 75 it
1072 2147 49 75 di-

90 2194 89 75 vides
195 2194 151 75 likewife,
372 2194 43 75 all
438 2194 56 75 the
510 2194 72 75 way
598 2194 36 75 to
654 2194 57 75 the
727 2194 77 75 anus
865 2194 33 75 It
914 2194 27 75 is
969 2194 77 75 only
1069 2194 53 75 fu-

89 2240 153 75 perficial,
266 2240 63 75 and
343 2240 79 75 does
438 2240 56 75 not
512 2240 116 75 appear
643 2240 42 75 on
698 2240 54 75 the
768 2240 96 75 infide
884 2240 40 75 of
943 2240 55 75 the
1014 2240 80 75 Ikin.

135 2287 76 75 The
228 2287 90 75 inner
333 2287 123 75 furface
471 2287 40 75 of
530 2287 64 75 this
612 2287 172 75 cutaneous
800 2287 62 75 bag
884 2287 28 75 is
928 2287 87 75 lined
1039 2287 44 75 by
1099 2287 19 75 a

87 2334 79 75 very
182 2334 71 75 thin
269 2334 133 75 cellular
429 2334 194 75 membrane,
649 2334 140 75 through
815 2334 106 75 which
945 2334 93 75 bulbs
1055 2334 64 75 and

86 2380 113 75 glands
215 2380 118 75 appear
347 2380 79 75 very
441 2380 157 75 diftin&ly
614 2380 93 75 when
723 2380 49 75 we
788 2380 81 75 view
884 2380 44 75 its
942 2380 110 75 infide.

133 2425 77 75 The
226 2425 121 75 dartos,
365 2425 36 75 or
418 2425 96 75 flefliy
529 2425 127 75 portion
673 2425 40 75 of
720 2425 54 75 the
789 2425 154 75 fcrotum,
967 2425 27 75 is
1011 2425 19 75 a
1045 2425 72 75 true

86 2473 174 75 cutaneous
274 2473 117 75 mufcle
403 2473 10 75 ;
439 2473 56 75 the
511 2473 95 75 fibres
623 2473 40 75 of
681 2473 105 75 which
804 2473 53 75 are
873 2473 53 75 for
952 2473 56 75 the
1036 2473 80 75 moft

85 2517 71 75 part
174 2517 140 75 ftrongly
337 2517 172 75 connetfted
526 2517 35 75 to
577 2517 55 75 the
648 2517 78 75 fhin,
751 2517 136 75 running
902 2517 142 75 through
1060 2517 55 75 the

85 2566 132 75 cellular
233 2566 159 75 fubftance
409 2566 105 75 which
533 2566 59 75 lies
617 2566 144 75 between
777 2566 89 75 thefe
887 2566 67 75 two
970 2566 144 75 portions

82 2611 33 75 in
131 2611 91 75 place
238 2611 41 75 of
297 2611 18 75 a
331 2611 183 75 membrana
540 2611 140 75 adipofa,
704 2611 60 75 but
791 2611 138 75 without
956 2611 57 75 the
1038 2611 86 75 leaft:

84 2658 192 75 appearance
292 2658 41 75 of
351 2658 59 75 fat.
458 2658 85 75 This
560 2658 116 75 ruufcle
688 2658 27 75 is
731 2658 82 75 thin,
839 2658 62 75 and
917 2658 44 75 by
976 2658 55 75 the
1051 2658 63 75 dif-

83 2704 133 75 pofition
234 2704 40 75 of
296 2704 42 75 its
363 2704 94 75 fibres
485 2704 99 75 forms
602 2704 18 75 a
636 2704 65 75 bag.
714 2704 78 75 with
818 2704 66 75 two
908 2704 143 75 cavities,
1077 2704 37 75 or

83 2750 65 75 two
164 2750 89 75 fmall
271 2750 78 75 bags
362 2750 121 75 joined:
496 2750 147 75 laterally
659 2750 36 75 to
721 2750 78 75 each
824 2750 107 75 other,
957 2750 63 75 and
1036 2750 75 75 con-

83 2796 105 75 tained
205 2796 112 75 within
335 2796 55 75 the
407 2796 171 75 cutaneous
595 2796 140 75 portion.

128 2842 76 75 The
218 2842 114 75 lateral
347 2842 87 75 parts
450 2842 42 75 of
510 2842 87 75 thefe
610 2842 66 75 two
686 2842 91 75 bags,
802 2842 106 75 which
926 2842 53 75 are
995 2842 116 75 turned

80 2890 86 75 from
181 2890 78 75 each
280 2890 107 75 other,
413 2890 53 75 are
481 2890 113 75 longer
608 2890 77 75 than
702 2890 91 75 thofe
810 2890 105 75 which
933 2890 53 75 are
998 2890 116 75 joined

80 2934 172 75 together;
280 2934 60 75 and
357 2934 44 75 by
417 2934 65 75 this
499 2934 96 75 union
613 2934 20 75 a
644 2934 123 75 feptum
784 2934 26 75 is
823 2934 127 75 formed
966 2934 146 75 between

79 2981 56 75 the
166 2981 106 75 teftes,
313 2981 107 75 which
444 2981 75 75 may
549 2981 40 75 be
611 2981 105 75 called
747 2981 216 75 mediaftinum
1000 2981 109 75 fcroti.

125 3029 76 75 The
217 3029 98 75 raphe
331 3029 38 75 or
383 3029 108 75 future
503 3029 130 75 already
647 3029 186 75 mentioned
851 3029 133 75 adheres
1001 3029 36 75 to
1054 3029 62 75 the

1316 165 39 75 O
1473 165 48 75 M
1639 165 41 75 Y

2160 165 76 75 271

1203 238 81 75 edge
1300 238 41 75 of
1348 238 63 75 this
1429 238 134 75 feptum,
1590 238 63 75 and
1665 238 136 75 thereby
1811 238 110 75 braces
1939 238 95 75 down
2046 238 55 75 the
2118 238 121 75 middle

1202 285 41 75 of
1261 285 56 75 the
1339 285 173 75 cutaneous
1530 285 141 75 portion,
1697 285 107 75 which
1820 285 86 75 from
1923 285 115 75 thence
2054 285 132 75 appears
2203 285 36 75 to

1200 331 80 75 have
1297 331 31 75 in
1346 331 71 75 part
1429 331 67 75 two
1507 331 143 75 cavities.

1247 378 76 75 The
1340 378 207 75 aponeurotic
1563 378 37 75 or
1616 378 212 75 ligamentary
1842 378 171 75 expanfion
2030 378 40 75 of
2090 378 55 75 the
2161 378 76 75 dar-

1200 424 49 75 tos
1267 424 26 75 is
1322 424 87 75 fixed
1425 424 33 75 in
1483 424 54 75 the
1554 424 106 75 ramus
1685 424 40 75 of
1743 424 57 75 the
1823 424 36 75 os
1888 424 105 75 pubis,
2019 424 143 75 between
2180 424 56 75 the

1199 471 158 75 mufculus
1381 471 117 75 triceps
1526 471 62 75 and
1606 471 55 75 the
1683 471 104 75 origin
1812 471 41 75 of
1871 471 57 75 the
1952 471 114 75 corpus
2084 471 151 75 caverno-

1199 518 67 75 fum
1281 518 41 75 of
1341 518 55 75 the
1417 518 83 75 fame
1518 518 75 75 fide,
1619 518 43 75 all
1683 518 54 75 the
1755 518 70 75 way
1852 518 35 75 to
1905 518 55 75 the
1988 518 100 75 lower
2104 518 72 75 part
2198 518 42 75 of

1200 564 54 75 the
1271 564 172 75 fymphyfis
1456 564 41 75 of
1516 564 88 75 thele
1620 564 112 75 bones.

1243 612 78 75 The
1340 612 71 75 vafa
1424 612 180 75 deferentia
1625 612 54 75 are
1694 612 68 75 two
1778 612 98 75 white
1900 612 82 75 folid
1998 612 113 75 flatted
2126 612 105 75 tubes,

1197 658 60 75 one
1275 658 88 75 lying
1379 658 40 75 on
1433 658 55 75 the
1501 658 86 75 right
1605 658 74 75 fide,
1705 658 55 75 the
1776 658 94 75 other
1886 658 41 75 on
1944 658 55 75 the
2011 658 73 75 left.
2132 658 99 75 From

1197 704 54 75 the
1268 704 204 75 epididymis,
1490 704 39 75 of
1542 704 106 75 which
1661 704 79 75 they
1757 704 52 75 are
1827 704 248 75 continuations,
2100 704 77 75 each
2195 704 44 75 of

1196 751 87 75 them
1303 751 74 75 runs
1393 751 42 75 up
1452 751 32 75 in
1497 751 55 75 the
1568 751 132 75 cellular
1715 751 115 75 vagina
1845 751 41 75 of
1905 751 55 75 the
1976 751 167 75 fpermatic
2160 751 69 75 vef-

1191 798 73 75 fels,
1290 798 34 75 as
1340 798 78 75 high
1436 798 32 75 as
1487 798 55 75 the
1558 798 153 75 openings
1739 798 32 75 in
1797 798 54 75 the
1869 798 181 75 abdominal
2068 798 132 75 mufcles
2213 798 14 75 j

1193 845 55 75 the
1264 845 225 75 blood-velftls
1506 845 88 75 lying
1611 845 153 75 forward,
1789 845 64 75 and
1869 845 56 75 the
1937 845 55 75 vas
2005 845 147 75 deferens
2169 845 57 75 be-

1192 891 78 75 hind
1287 891 101 75 them.

1239 938 86 75 This
1341 938 182 75 fafciculus,
1543 938 74 75 thus
1634 938 128 75 formed
1778 938 45 75 by
1838 938 56 75 the
1905 938 240 75 blood-veffds,
2170 938 55 75 vas

1191 985 159 75 deferens,
1383 985 64 75 and
1481 985 85 75 their
1589 985 148 75 common
1765 985 162 75 covering,
1963 985 29 75 is
2016 985 125 75 termed
2170 985 57 75 the

1190 1032 167 75 fpermatic
1374 1032 89 75 rope.
1510 1032 78 75 The
1608 1032 150 75 covering
1774 1032 27 75 is
1823 1032 162 75 fmoother
2001 1032 43 75 on
2060 1032 55 75 the
2131 1032 96 75 outer

1192 1078 77 75 than
1286 1078 42 75 on
1341 1078 55 75 the
1411 1078 92 75 inner
1519 1078 77 75 fide,
1621 1078 62 75 and
1700 1078 50 75 for
1775 1078 72 75 that
1872 1078 33 75 re
1909 1078 72 75 Ton
2008 1078 27 75 it
2059 1078 56 75 has
2145 1078 80 75 been

1188 1125 119 75 looked
1323 1125 86 75 upon
1426 1125 33 75 as
1476 1125 19 75 a
1510 1125 113 75 vagina
1636 1125 9 75 ;
1671 1125 55 75 the
1741 1125 137 75 internal
1893 1125 161 75 fubftance
2070 1125 40 75 of
2116 1125 109 75 which

1189 1171 26 75 is
1241 1171 80 75 moft
1344 1171 145 75 cellular,
1515 1171 62 75 and
1605 1171 147 75 conneds
1775 1171 43 75 all
1841 1171 55 75 the
1920 1171 109 75 veflels
2057 1171 175 75 together,-

1187 1218 96 75 while
1300 1218 55 75 the
1371 1218 148 75 external
1532 1218 100 75 forms
1649 1218 19 75 a
1683 1218 152 75 covering
1851 1218 35 75 to
1909 1218 98 75 invert
2024 1218 101 75 them.

1231 1265 76 75 The
1325 1265 54 75 vas
1395 1265 148 75 deferens
1560 1265 117 75 having
1692 1265 140 75 reached
1855 1265 56 75 the
1927 1265 223 75 membranous
2173 1265 54 75 la-

1186 1311 84 75 mina
1287 1311 41 75 of
1346 1311 55 75 the
1426 1311 219 75 peritonaeum,
1672 1311 107 75 where
1803 1311 71 75 that
1902 1311 116 75 lamina
2042 1311 75 75 runs
2142 1311 84 75 over

1184 1359 54 75 the
1255 1359 108 75 orifice
1390 1359 40 75 of
1447 1359 57 75 the
1520 1359 126 75 vagina,
1671 1359 156 75 feparates
1845 1359 86 75 from
1948 1359 55 75 the
2028 1359 100 75 blood
2150 1359 68 75 vef-

1181 1405 73 75 fels,
1279 1405 64 75 and
1359 1405 75 75 runs
1451 1405 193 75 backward,-
1660 1405 33 75 in
1709 1405 85 75 form
1807 1405 41 75 of
1858 1405 39 75 an
1915 1405 89 75 arch,
2030 1405 33 75 in
2079 1405 56 75 the
2152 1405 83 75 cel-7

1182 1450 82 75 lular
1292 1450 159 75 fubftance
1468 1450 40 75 of
1526 1450 56 75 the
1609 1450 220 75 peritonaeum,
1854 1450 35 75 as
1906 1450 50 75 far
1972 1450 34 75 as
2023 1450 56 75 the
2096 1450 121 75 neareft

1182 1498 63 75 fide
1257 1498 41 75 of
1316 1498 55 75 the
1388 1498 146 75 bladder.

1227 1545 32 75 It
1274 1545 98 75 pafles
1389 1545 188 75 afterwards
1593 1545 118 75 behind
1738 1545 56 75 the
1821 1545 90 75 body
1938 1545 40 75 of
1996 1545 56 75 the
2067 1545 148 75 bladder,

1180 1591 33 75 to
1229 1591 106 75 which
1351 1591 26 75 it
1395 1591 133 75 adheres
1539 1591 79 75 very
1634 1591 130 75 clofely,
1790 1591 33 75 as
1846 1591 65 75 alfo
1927 1591 35 75 to
1975 1591 55 75 the
2046 1591 117 75 lamina
2178 1591 46 75 of

1178 1638 55 75 the
1260 1638 205 75 peritonaeum
1493 1638 107 75 which
1633 1638 111 75 covers
1772 1638 38 75 it,
1845 1638 62 75 and
1942 1638 77 75 then
2047 1638 179 75 continues-

1176 1684 40 75 its
1233 1684 118 75 arched
1368 1684 109 75 courfe
1493 1684 140 75 towards
1650 1684 55 75 the
1722 1684 81 75 neck
1819 1684 40 75 of
1870 1684 55 75 the
1941 1684 146 75 bladder,
2104 1684 110 75 where

1177 1730 77 75 both
1271 1730 72 75 vafa
1359 1730 180 75 deferentia
1551 1730 96 75 meet,
1673 1730 63 75 and
1752 1730 86 75 their
1854 1730 111 75 arches
1983 1730 180 75 terminate.

1223 1777 37 75 In
1277 1777 65 75 this
1359 1777 121 75 courfe,
1499 1777 54 75 the
1565 1777 54 75 vas
1637 1777 148 75 deferens
1801 1777 97 75 pafles
1915 1777 119 75 behind
2050 1777 62 75 and
2125 1777 85 75 crof-

1174 1824 47 75 fes
1237 1824 55 75 the
1308 1824 235 75 neighbouring
1561 1824 162 75 umbilical
1740 1824 129 75 artery;
1896 1824 114 75 crofles
2027 1824 55 75 the
2099 1824 109 75 extre-
2223 1824 5 75 .

1176 1871 79 75 mity
1270 1871 41 75 of
1329 1871 55 75 the
1412 1871 107 75 ureter
1536 1871 40 75 of
1594 1871 56 75 the
1675 1871 84 75 fame
1783 1871 76 75 fide,
1884 1871 32 75 in
1941 1871 42 75 its
2012 1871 68 75 pafl'
2080 1871 54 75 age
2151 1871 55 75 be-

1174 1917 101 75 tween
1292 1917 71 75 that
1385 1917 174 75 extremity
1583 1917 72 75 and'
1674 1917 55 75 the
1746 1917 157 75 bladder;
1931 1917 62 75 and
2015 1917 118 75 having
2149 1917 58 75 got

1172 1964 115 75 behind
1304 1964 57 75 the
1376 1964 147 75 bladder,
1548 1964 25 75 it
1598 1964 100 75 meets
1711 1964 58 75 the
1782 1964 56 75 vas
1866 1964 146 75 deferens
2030 1964 40 75 of
2088 1964 57 75 the
2169 1964 36 75 o-

1171 2011 72 75 ther
1259 2011 63 75 fide
1339 2011 144 75 between
1496 2011 57 75 the
1566 2011 172 75 infertion^
1749 2011 41 75 of
1808 2011 55 75 the
1885 2011 136 75 ureters,
2046 2011 65 75 and
2126 2011 79 75 they

1171 2057 59 75 run
1247 2057 96 75 down
1359 2057 148 75 together
1523 2057 35 75 to
1575 2057 54 75 the
1646 2057 80 75 neck
1743 2057 40 75 of
1797 2057 55 75 the
1869 2057 145 75 bladder.

1217 2104 85 75 This
1319 2104 103 75 canal,
1448 2104 108 75 which
1572 2104 33 75 at
1620 2104 57 75 the
1696 2104 105 75 origin
1826 2104 42 75 of
1888 2104 58 75 the
1967 2104 191 75 epididymis
2174 2104 29 75 is

1169 2149 107 75 pretty
1294 2149 88 75 large
1399 2149 62 75 and
1476 2149 132 75 plaited,
1633 2149 147 75 becomes
1796 2149 216 75 immediately
2028 2149 177 75 afterward

1168 2197 125 75 fmaller
1309 2197 61 75 and
1395 2197 175 75 fmoother,
1594 2197 63 75 and
1685 2197 164 75 continues
1866 2197 32 75 in
1914 2197 71 75 that
2004 2197 85 75 form
2106 2197 51 75 till
2175 2197 32 75 it

1167 2243 70 75 gets
1254 2243 121 75 behind
1390 2243 55 75 the
1461 2243 157 75 bladder,,
1630 2243 108 75 where
1754 2243 26 75 it
1793 2243 111 75 begins
1920 2243 93 75 again
2030 2243 35 75 to
2080 2243 43 75 be
2135 2243 67 75 lar-

1167 2290 57 75 ger
1240 2290 62 75 and
1319 2290 89 75 more
1424 2290 136 75 uneven.

1213 2336 32 75 It
1262 2336 95 75 arifes
1373 2336 85 75 from
1470 2336 56 75 the
1543 2336 134 75 angular
1688 2336 126 75 portion
1825 2336 40 75 or
1880 2336 153 75 pofterior
2045 2336 168 75 extremi-

1164 2382 37 75 ty
1217 2382 42 75 of
1276 2382 56 75 the
1347 2382 204 75 epididymis,
1576 2382 63 75 and
1654 2382 84 75 from
1754 2382 115 75 thence
1883 2382 74 75 runs
1973 2382 141 75 forward
2130 2382 32 75 in
2179 2382 35 75 a.

1164 2428 78 75 very
1253 2428 131 75 oblique
1396 2428 123 75 courfe,
1544 2428 41 75 on
1601 2428 56 75 the
1673 2428 152 75 pofterior
1849 2428 74 75 half
1933 2428 40 75 of
1984 2428 55 75 the
2051 2428 145 75 epididy-

1164 2475 72 75 mis,
1261 2475 107 75 where
1394 2475 25 75 it
1435 2475 26 75 is
1480 2475 17 75 a
1515 2475 85 75 little
1617 2475 188 75 ineurvated
1821 2475 34 75 as
1882 2475 26 75 it
1921 2475 86 75 joins
2024 2475 56 75 the
2097 2475 98 75 back-

1162 2522 63 75 fide
1242 2522 39 75 of
1293 2522 55 75 the
1365 2522 168 75 fpermatic
1548 2522 122 75 veflels.

1208 2568 76 75 The
1300 2568 108 75 cavity
1423 2568 40 75 of
1480 2568 61 75 the
1552 2568 55 75 vas
1623 2568 146 75 deferens
1792 2568 28 75 is
1845 2568 199 75 cylindrical,
2068 2568 140 75 though*

1161 2615 56 75 the
1231 2615 107 75 whole
1353 2615 78 75 tube
1447 2615 27 75 is
1490 2615 69 75 flat,
1584 2615 61 75 and
1672 2615 42 75 its
1731 2615 145 75 external
1893 2615 247 75 circumference
2155 2615 37 75 o-

1161 2660 65 75 val,
1251 2660 63 75 and
1329 2660 56 75 the
1401 2660 106 75 cavity
1522 2660 136 75 inlarges
1675 2660 34 75 as
1725 2660 26 75 it
1778 2660 98 75 paftes
1893 2660 121 75 behind
2028 2660 55 75 the
2100 2660 90 75 blad-

1161 2707 71 75 der.
1279 2707 77 75 The
1372 2707 203 75 termination
1591 2707 41 75 of
1644 2707 86 75 thefe
1756 2707 107 75 canals
1887 2707 80 75 muft
1983 2707 40 75 be
2047 2707 146 75 referred

1161 2753 34 75 to
1210 2753 56 75 the
1283 2753 120 75 hiftory
1419 2753 40 75 of
1478 2753 55 75 the
1549 2753 143 75 urethra.

1205 2800 76 75 The
1298 2800 170 75 particular
1490 2800 173 75 coverings-
1672 2800 41 75 of
1730 2800 56 75 the
1809 2800 93 75 teftes
1930 2800 53 75 are
2007 2800 184 75 commonly
2226 2800 7 75 '

1159 2847 104 75 called
1279 2847 108 75 coats;
1414 2847 61 75 and
1486 2847 78 75 they
1580 2847 52 75 are
1653 2847 158 75 reckoned
1827 2847 36 75 to
1880 2847 39 75 be
1931 2847 94 75 three
2039 2847 36 75 in
2095 2847 93 75 num-

1158 2892 77 75 ber;
1269 2892 56 75 the
1348 2892 108 75 tunica
1477 2892 186 75 mufculofa,
1688 2892 117 75 named
1825 2892 178 75 cremafter,
2034 2892 157 75 vaginalis

1159 2940 61 75 and
1241 2940 179 75 albuginea.
1467 2940 77 75 The
1570 2940 65 75 firft
1662 2940 66 75 two
1749 2940 54 75 are
1828 2940 147 75 common
1993 2940 34 75 to
2043 2940 79 75 each
2138 2940 48 75 te-

1157 2987 98 75 fticle,
1280 2987 62 75 and
1357 2987 36 75 to
1407 2987 56 75 the
1487 2987 169 75 fpermatic
1669 2987 77 75 rope
1762 2987 71 75 that
1849 2987 133 75 belong?
1999 2987 35 75 to
2049 2987 27 75 it
2084 2987 13 75 ;
2122 2987 80 75 and.

1156 3036 55 75 the
1220 3036 86 75 third
1323 3036 27 75 is
1367 3036 140 75 peculiar
1523 3036 34 75 to
1574 3036 54 75 the
1645 3036 125 75 tefticle.
1780 3036 106 75 alone.

2110 3080 87 75 The
