2397 3387
495 117 221 75 BAS

112 192 128 75 Basis,
267 192 114 75 among
407 192 188 75 phyficians,
620 192 133 75 denotes
778 192 55 75 the
858 192 152 75 principd
1038 192 105 75 ingre-

159 238 104 75 dients
281 238 32 75 in
332 238 179 75 compound
529 238 184 75 medicines.

112 284 203 75 BASKET,
342 284 18 75 a
377 284 143 75 machine
545 284 92 75 made
659 284 40 75 of
721 284 94 75 twigs
840 284 194 75 interwoven
1051 284 91 75 toge-

158 330 84 75 ther,
268 330 31 75 in
317 330 96 75 order
429 330 36 75 to
488 330 194 75 hold.fruit,
708 330 103 75 earth,
838 330 64 75 &e.
953 330 31 75 It
1009 330 132 75 denotes

157 376 38 75 an
213 376 162 75 uncertain
399 376 160 75 quantity,
586 376 34 75 as
648 376 19 75 a
683 376 106 75 bafket
806 376 40 75 of
868 376 138 75 medlars
1031 376 27 75 is
1076 376 65 75 two

134 422 6 75 -
156 422 136 75 bufhels,
317 422 40 75 of
370 422 50 75 afa
438 422 114 75 foetida
567 422 84 75 from
670 422 44 75 20
726 422 36 75 to
782 422 42 75 50
838 422 106 75 pound
962 422 128 75 weight.

109 468 169 75 Baskets
304 468 44 75 of
360 468 108 75 earth,
493 468 35 75 in
550 468 53 75 the
632 468 141 75 military
796 468 61 75 art,
894 468 102 75 called
1024 468 42 75 by
1084 468 55 75 the

155 514 124 75 French
296 514 177 75 corbeilles,
499 514 53 75 are
569 514 89 75 fmall
675 514 122 75 bafkets
815 514 75 75 ufed
913 514 31 75 in
962 514 108 75 lieges,
1096 514 43 75 on

155 561 54 75 the
227 561 128 75 parapet
367 561 41 75 of
420 561 17 75 a
454 561 126 75 trench,
608 561 92 75 being
711 561 87 75 filled
814 561 78 75 with
910 561 103 75 earth.
1038 561 100 75 They

155 608 53 75 are
225 608 99 75 about
340 608 18 75 a
374 608 71 75 foot
460 608 63 75 and
540 608 18 75 a
582 608 74 75 half
675 608 91 75 high,
792 608 98 75 about
908 608 18 75 a
953 608 70 75 foot
1040 608 62 75 and
1119 608 18 75 a

154 653 73 75 half
237 653 156 75 diameter
417 653 32 75 at
471 653 55 75 the
551 653 68 75 top,
646 653 61 75 and
724 653 20 75 8
763 653 37 75 or
822 653 41 75 10
888 653 108 75 inches
1014 653 38 75 at
1065 653 71 75 bot-

153 700 68 75 tom
234 700 9 75 ;
269 700 35 75 fo
320 700 71 75 that
407 700 95 75 being
517 700 47 75 fet
576 700 159 75 together,
759 700 91 75 there
862 700 25 75 is
905 700 17 75 a
938 700 66 75 fort
1015 700 41 75 of
1069 700 67 75 em-

153 745 153 75 braflures
322 745 62 75 left
399 745 34 75 at
449 745 83 75 their
550 745 153 75 bottoms,
728 745 140 75 through
882 745 106 75 which
1001 745 55 75 the
1073 745 62 75 fol-

152 792 84 75 diers
253 792 68 75 fire,
347 792 135 75 without
495 792 150 75 expofing
662 792 202 75 themfelves.

105 839 270 75 Basket-fish.
426 839 61 75 See
505 839 203 75 Asterias.

103 885 287 75 Basket-salt,
405 885 70 75 that
488 885 92 75 made
592 885 84 75 from
689 885 216 75 fa!t-fprings^
917 885 95 75 being
1025 885 107 75 purer,

148 931 125 75 whiter,
299 931 61 75 and
377 931 170 75 compofed
573 931 41 75 of
636 931 79 75 finer
738 931 111 75 grains-
862 931 77 75 than
963 931 55 75 the
1045 931 87 75 com-

149 977 73 75 mon
239 977 177 75 brine-falt.

100 1024 351 75 Basket-tenure,
477 1024 17 75 a
518 1024 111 75 tenure
646 1024 40 75 of
704 1024 90 75 lands
818 1024 44 75 by
881 1024 56 75 the
962 1024 118 75 fervice
1097 1024 36 75 of

147 1069 127 75 making
291 1069 55 75 the
364 1069 105 75 king’s
487 1069 136 75 bafkets.

99 1116 208 75 BASKIRI,
333 1116 18 75 a
368 1116 136 75 country
520 1116 40 75 of
570 1116 208 75 Mufcovitilh
795 1116 156 75 Tartary,
980 1116 151 75 bounded

145 1161 40 75 on
203 1161 55 75 the
275 1161 94 75 north
387 1161 43 75 by
447 1161 53 75 the
516 1161 142 75 Tartars
673 1161 39 75 of
723 1161 142 75 Tumen,
891 1161 41 75 on
945 1161 55 75 the
1012 1161 63 75 call
1087 1161 43 75 by

145 1208 219 75 Barabinfkoi,
391 1208 40 75 on
449 1208 55 75 the
527 1208 94 75 fouth
649 1208 43 75 by
708 1208 56 75 the
782 1208 169 75 tnountain
980 1208 147 75 Sortora,

144 1254 61 75 and
222 1254 40 75 on
277 1254 54 75 the
350 1254 71 75 welt
439 1254 43 75 by
498 1254 56 75 the
570 1254 123 75 dutchy
704 1254 41 75 of
756 1254 165 75 Bulgaria.

97 1302 172 75 BASON,
295 1302 31 75 in
344 1302 162 75 anatomy.
557 1302 61 75 See
635 1302 160 75 Pelvis.

95 1347 149 75 Bason,
269 1347 31 75 in
318 1347 196 75 hydraulics,
541 1347 17 75 a
571 1347 153 75 refervoir
736 1347 40 75 of
788 1347 110 75 water,
916 1347 76 75 ufed
1004 1347 52 75 for
1072 1347 53 75 va-

142 1393 86 75 rious
256 1393 148 75 purpofes
419 1393 10 75 :
466 1393 96 75 Thus
589 1393 50 75 we
667 1393 65 75 fay,
758 1393 67 75 The
853 1393 91 75 bafon
967 1393 45 75 of
1028 1393 21 75 a
1070 1393 56 75 jet

141 1439 31 75 d'
172 1439 76 75 eau,
274 1439 53 75 the
343 1439 93 75 bafon
448 1439 43 75 of
497 1439 21 75 a
524 1439 177 75 fountain,
728 1439 62 75 and
805 1439 141 75 likewife
962 1439 53 75 the
1030 1439 95 75 bajon

142 1484 43 75 of
190 1484 20 75 a
222 1484 75 75 port
315 1484 37 75 or
369 1484 152 75 harbour.

94 1533 140 75 Bason,
260 1533 31 75 in
308 1533 116 75 Jewifh
441 1533 197 75 antiquities,
663 1533 55 75 the
740 1533 88 75 laver
847 1533 107 75 ofthe
976 1533 147 75 taberna-

140 1578 60 75 cle,
226 1578 92 75 made
346 1578 39 75 of
409 1578 55 75 the
492 1578 87 75 brafs
603 1578 257 75 looking-glafles
889 1578 172 75 belonging
1089 1578 34 75 to

139 1625 89 75 thofe
243 1625 120 75 devout
380 1625 123 75 women
521 1625 70 75 that
611 1625 147 75 watched
774 1625 63 75 and
860 1625 87 75 flood
969 1625 153 75 centinels

140 1670 32 75 at
189 1670 55 75 the
256 1670 82 75 door
354 1670 39 75 of
405 1670 55 75 the
477 1670 193 75 tabernacle.

92 1716 145 75 Bason,
262 1716 31 75 in
311 1716 192 75 mechanics,
528 1716 18 75 a
562 1716 85 75 term
660 1716 76 75 ufed
751 1716 44 75 by
810 1716 244 75 glafs-grinders
1071 1716 52 75 for

140 1762 17 75 a
173 1762 66 75 dilh
257 1762 40 75 of
309 1762 127 75 copper,
461 1762 84 75 iron,
571 1762 64 75 &c.
660 1762 33 75 in
710 1762 105 75 which
837 1762 75 75 they
936 1762 92 75 grind
1043 1762 77 75 con-

137 1809 64 75 vex
217 1809 122 75 glaffes,
365 1809 32 75 as
415 1809 137 75 concave
568 1809 77 75 ones
669 1809 53 75 are
746 1809 125 75 formed
896 1809 40 75 on
966 1809 126 75 fpheres
1107 1809 9 75 :

136 1855 79 75 And
232 1855 41 75 by
284 1855 122 75 hatters
423 1855 52 75 for
491 1855 18 75 a
526 1855 102 75 round
644 1855 70 75 iron
727 1855 121 75 mould,
875 1855 31 75 in
920 1855 108 75 which
1041 1855 79 75 they

137 1902 83 75 form
237 1902 55 75 the
317 1902 117 75 matter
449 1902 41 75 of
510 1902 84 75 their
609 1902 95 75 hats;
730 1902 62 75 and
811 1902 67 75 alfo
902 1902 52 75 for
971 1902 18 75 a
1004 1902 114 75 leaden

136 1948 59 75 one
211 1948 52 75 for
282 1948 56 75 the
355 1948 97 75 brims
473 1948 45 75 of-
529 1948 84 75 hats,
638 1948 116 75 having
778 1948 39 75 an
841 1948 147 75 aperture
1012 1948 32 75 in
1061 1948 56 75 the

134 1995 131 75 middle,
291 1995 40 75 of
342 1995 18 75 a
375 1995 154 75 diameter
544 1995 154 75 fufficient
710 1995 49 75 for
772 1995 56 75 the
843 1995 114 75 largeft
973 1995 96 75 block
1081 1995 35 75 to

137 2040 40 75 go
194 2040 153 75 through.

88 2085 53 75 Ba
149 2085 15 75 s
173 2085 21 75 o
202 2085 20 75 n
229 2085 15 75 s
261 2085 38 75 <?/
299 2059 6 104 ■
311 2085 20 75 a
348 2085 144 75 balance,
518 2085 55 75 the
590 2085 66 75 two
679 2085 97 75 feales
796 2085 36 75 or
855 2085 101 75 difhes
974 2085 139 75 faftened

135 2130 34 75 to
185 2130 57 75 the
258 2130 197 75 extremities
472 2130 40 75 of
530 2130 55 75 the
603 2130 126 75 firings,
752 2130 56 75 the
824 2130 61 75 one
901 2130 35 75 to
964 2130 79 75 hold
1058 2130 57 75 the

135 2176 131 75 weight,
291 2176 62 75 and
368 2176 56 75 the
440 2176 95 75 other
551 2176 55 75 the
621 2176 92 75 thing
729 2176 41 75 to-
781 2176 40 75 be
837 2176 159 75 weighed.

88 2223 78 75 Sale
182 2223 34 75 by
228 2223 53 75 the
297 2223 145 75 Bason,
469 2223 32 75 at
515 2223 213 75 Amflerdam,
755 2223 27 75 is
795 2223 18 75 a
824 2223 107 75 public
943 2223 62 75 fale
1021 2223 92 75 made

134 2270 43 75 by
189 2270 175 75 authority,
389 2270 77 75 over
477 2270 104 75 which
597 2270 137 75 prefides
747 2270 38 75 an
797 2270 121 75 officer,
943 2270 172 75 appointed

133 2315 42 75 by
192 2315 54 75 the
274 2315 206 75 magiflrates.
530 2315 32 75 It
586 2315 26 75 is
637 2315 34 75 fo
694 2315 114 75 called,
834 2315 142 75 becaufe,
1004 2315 108 75 before

133 2362 54 75 the
203 2362 64 75 lots
280 2362 53 75 are
349 2362 160 75 delivered
521 2362 35 75 to
569 2362 54 75 the
644 2362 122 75 highefl
782 2362 125 75 bidder,
933 2362 75 75 they
1024 2362 87 75 com-

131 2407 109 75 monly
255 2407 93 75 ftrike
365 2407 40 75 on
423 2407 17 75 a
452 2407 116 75 copper
584 2407 109 75 bafon,
716 2407 36 75 to
767 2407 71 75 give
851 2407 105 75 notice
973 2407 69 75 that
1055 2407 56 75 the

130 2452 47 75 lot
194 2452 26 75 is
237 2452 97 75 going
350 2452 35 75 to
402 2452 39 75 be
458 2452 173 75 adjudged.

83 2501 206 75 BASQUE,
315 2501 36 75 or
368 2501 179 75 Labour,
573 2501 55 75 the
644 2501 192 75 fouth-weft'
836 2501 138 75 divifion
991 2501 41 75 of
1054 2501 56 75 the

132 2547 146 75 province
291 2547 40 75 of
341 2547 163 75 Gafcony,
529 2547 31 75 in
574 2547 133 75 France.

82 2592 129 75 BASS,
236 2592 33 75 in
294 2592 107 75 mufic,
426 2592 70 75 that
517 2592 70 75 part
607 2592 40 75 of
667 2592 18 75 a
706 2592 128 75 concert
857 2592 107 75 which
979 2592 26 75 is
1030 2592 79 75 moft

127 2638 112 75 heard,
264 2638 105 75 which
382 2638 123 75 confifts
519 2638 39 75 of
570 2638 54 75 the
636 2638 120 75 graved
769 2638 63 75 and
842 2638 123 75 deeped
977 2638 128 75 founds,

128 2685 61 75 and
202 2685 104 75 which
326 2685 26 75 is
365 2685 115 75 played
496 2685 42 75 on
551 2685 56 75 the
622 2685 112 75 larged
751 2685 87 75 pipes
855 2685 36 75 or
908 2685 111 75 drings
1037 2685 39 75 of
1088 2685 19 75 a

128 2731 144 75 common
289 2731 198 75 indrument,
513 2731 33 75 as
563 2731 40 75 of
626 2731 37 75 an
681 2731 110 75 organ,
816 2731 80 75 lute,
922 2731 63 75 drc.
1012 2731 36 75 or
1064 2731 42 75 on

125 2778 200 75 indruments
340 2778 106 75 larger
465 2778 77 75 than
558 2778 163 75 ordinary,
745 2778 52 75 for
815 2778 69 75 that
901 2778 144 75 purpofe,
1072 2778 33 75 as

126 2824 180 75 bafs-viols,
339 2824 156 75 balloons,
529 2824 256 75 bafs-hautboys,
818 2824 64 75 <tpc.
931 2824 92 75 The.
1035 2824 70 75 bafs

126 2869 25 75 is
168 2869 53 75 the
237 2869 152 75 principal
407 2869 71 75 part
497 2869 40 75 of
555 2869 17 75 a
589 2869 123 75 mufical
730 2869 216 75 compofition,
972 2869 62 75 and
1051 2869 55 75 the

126 2918 193 75 foundation,
333 2918 39 75 of
383 2918 155 75 harmony
551 2918 11 75 ;
588 2918 53 75 for
658 2918 105 75 which
781 2918 110 75 reafon
907 2918 36 75 it.
951 2918 29 75 is
998 2918 19 75 a
1037 2918 68 75 ma-

1637 112 35 75 B
1734 112 39 75 A
1834 112 27 75 S

1241 183 67 75 xim
1325 183 116 75 among
1453 183 176 75 muficians.
1654 183 92 75 That
1762 183 92 75 when
1867 183 55 75 the
1934 183 70 75 bafs
2017 183 25 75 is
2059 183 98 75 good,
2171 183 56 75 the

1240 228 156 75 harmony
1412 228 26 75 is
1456 228 117 75 feldom
1588 228 74 75 bad.

1193 276 325 75 Thorough-^is
1535 276 55 75 the
1607 276 158 75 harmony
1788 276 92 75 made
1906 276 42 75 by
1964 276 55 75 the
2043 276 167 75 bafs-viols
2210 258 7 49 -
2217 276 7 75 ,

1238 322 37 75 or
1291 322 165 75 theorbos,
1481 322 184 75 continuing
1690 322 35 75 to
1742 322 74 75 play
1836 322 80 75 both
1934 322 95 75 while
2046 322 56 75 the
2117 322 107 75 voices

1238 369 77 75 fing,
1341 369 63 75 and
1430 369 56 75 the
1503 369 94 75 other
1616 369 198 75 indruments
1843 369 141 75 perform
2011 369 84 75 their
2121 369 100 75 parts,

1238 415 61 75 and
1316 415 64 75 alfo
1392 415 101 75 filling
1509 415 41 75 up
1568 415 55 75 the
1640 415 151 75 intervals
1809 415 93 75 when
1920 415 61 75 any
1997 415 41 75 of
2049 415 55 75 the
2129 415 94 75 other

1237 462 86 75 parts
1340 462 81 75 flop.
1470 462 32 75 It
1525 462 25 75 is
1569 462 115 75 played
1710 462 44 75 by
1771 462 136 75 cyphers
1925 462 131 75 marked
2073 462 78 75 over
2166 462 56 75 the

1236 508 104 75 notes,
1365 508 42 75 on
1426 508 54 75 the
1496 508 112 75 organ,
1633 508 114 75 fpinet,
1772 508 193 75 harplicord,
1984 508 64 75 fac.
2074 508 62 75 and
2156 508 64 75 fre-

1234 554 135 75 quently
1390 554 111 75 Amply
1517 554 62 75 and
1601 554 138 75 without
1764 554 135 75 cyphers
1916 554 42 75 on
1983 554 55 75 the
2067 554 150 75 bafs-viol

1233 601 60 75 and
1311 601 141 75 baffoon.

1186 648 253 75 £W/j/<?/--Bass
1457 648 26 75 is
1500 648 18 75 a
1541 648 116 75 fecond
1682 648 37 75 or
1743 648 119 75 double
1889 648 81 75 bafs,
1996 648 107 75 where
2127 648 92 75 there

1233 693 52 75 are
1301 693 119 75 feveral
1437 693 32 75 in
1486 693 56 75 the
1558 693 84 75 fame
1659 693 141 75 concert.

1185 739 113 75 Bass,
1324 739 32 75 in
1373 739 197 75 geography,
1595 739 19 75 a
1629 739 84 75 deep
1726 739 90 75 rock,
1841 739 79 75 with
1938 739 38 75 an
1993 739 57 75 old
2068 739 77 75 fort,
2164 739 51 75 ac-

1231 788 122 75 ceflible
1369 788 77 75 only
1459 788 32 75 at
1507 788 61 75 one
1585 788 107 75 place,,
1710 788 90 75 lying
1813 788 40 75 on
1870 788 56 75 the
1942 788 84 75 coalt
2037 788 40 75 of
2088 788 44 75 E.
2146 788 69 75 Lo-

1230 832 87 75 thain
1334 832 31 75 in
1380 832 167 75 Scotland,
1565 832 32 75 at
1611 832 54 75 the
1682 832 113 75 mouth
1806 832 39 75 of
1857 832 56 75 the
1930 832 78 75 frith
2022 832 39 75 of
2072 832 116 75 Forth.

1183 879 224 75 BASSAIM,
1433 879 37 75 or
1487 879 234 75 BACCEIM,
1745 879 18 75 a
1779 879 178 75 port-town
1970 879 40 75 of
2021 879 54 75 the
2093 879 120 75 Hither

1230 925 106 75 India,
1358 925 119 75 fubjedt
1489 925 35 75 to
1541 925 55 75 the
1609 925 207 75 Portuguefe,
1841 925 135 75 fituated
1991 925 33 75 in
2043 925 39 75 71
2082 907 22 49 0
2124 925 95 75 j'Ef

1229 972 86 75 long,
1336 972 62 75 and
1414 972 41 75 19
1455 954 17 49 0
1493 972 54 75 3c/
1564 972 46 75 N.
1623 972 59 75 lat.

1181 1019 115 75 BASS
1300 1019 144 75 ANUS,
1468 1019 31 75 in
1517 1019 220 75 ornithology.
1787 1019 61 75 See
1864 1019 172 75 Pelican
2043 1019 57 75 us.

1181 1066 195 75 BASSEE,
1394 1066 17 75 a
1428 1066 86 75 town
1527 1066 39 75 of
1577 1066 124 75 French
1719 1066 167 75 Flanders,
1903 1066 85 75 upon
2004 1066 56 75 the
2072 1066 144 75 confines-

1229 1110 39 75 of
1274 1110 126 75 Artois,
1420 1110 133 75 fituated
1564 1110 32 75 in
1612 1110 17 75 3
1629 1092 19 49 0
1661 1110 54 75 3c/
1727 1110 44 75 E.
1784 1110 67 75 Ion.
1866 1110 62 75 and
1944 1110 63 75 50°
2023 1110 53 75 53'
2088 1110 47 75 N.
2148 1110 60 75 lat.

1180 1158 322 75 BASSEMPOIN,
1528 1158 18 75 a
1558 1158 85 75 town
1661 1158 40 75 of
1711 1158 165 75 Gafcony,
1902 1158 30 75 in
1950 1158 136 75 France.

1179 1204 197 75 BASSET,
1406 1204 18 75 a
1439 1204 92 75 game
1551 1204 32 75 at
1600 1204 105 75 cards,
1729 1204 67 75 faid
1812 1204 35 75 to
1867 1204 83 75 have
1964 1204 79 75 been
2059 1204 151 75 invented

1226 1249 42 75 by
1285 1249 17 75 a
1318 1249 95 75 noble
1424 1249 174 75 Venetian,
1624 1249 50 75 for
1691 1249 106 75 which
1813 1249 42 75 he
1871 1249 64 75 was
1952 1249 159 75 baniffied.

1269 1297 77 75 The
1362 1297 129 75 perfons
1501 1297 177 75 concerned
1694 1297 32 75 in
1736 1297 25 75 it
1773 1297 53 75 are
1839 1297 18 75 a
1868 1297 121 75 dealer,
2007 1297 38 75 or
2051 1297 153 75 Tanker;

1222 1343 49 75 his
1288 1343 146 75 affidant,
1457 1343 73 75 who
1546 1343 173 75 fupervifes
1736 1343 55 75 the
1807 1343 98 75 lofing
1921 1343 91 75 cards
2027 1343 10 75 ;
2065 1343 62 75 and
2150 1343 63 75 the.

1224 1389 125 75 punter,
1374 1389 38 75 or
1428 1389 61 75 any
1502 1389 60 75 one
1579 1389 74 75 who
1669 1389 92 75 plays
1773 1389 117 75 againd
1906 1389 55 75 the
1978 1389 132 75 banker.

1175 1437 253 75 BxiSSIGNY,
1454 1437 55 75 the
1525 1437 93 75 fogth
1636 1437 62 75 ead
1714 1437 130 75 divifion
1871 1437 40 75 of
1933 1437 54 75 the
2004 1437 152 75 province
2170 1437 41 75 of

1223 1482 213 75 Champaign,
1461 1482 32 75 in
1507 1482 134 75 Fiance.
1692 1482 61 75 See
1766 1482 225 75 Campaign.

1174 1530 234 75 BASSOON,
1423 1530 18 75 a
1453 1530 125 75 mulieal
1590 1530 185 75 indrument
1783 1530 40 75 of
1830 1530 55 75 the
1897 1530 180 75 wind-fort,
2095 1530 109 75 blown

1221 1575 76 75 with
1315 1575 21 75 a
1353 1575 88 75 reed,
1466 1575 162 75 farniffied
1645 1575 75 75 with
1740 1575 110 75 eleven
1866 1575 103 75 holes,
1996 1575 63 75 and
2075 1575 77 75 ufed
2168 1575 45 75 as-

1220 1622 19 75 a
1253 1622 69 75 bafs
1340 1622 31 75 in
1389 1622 19 75 a
1419 1622 129 75 concert
1560 1622 41 75 of
1611 1622 172 75 hautboys,
1807 1622 107 75 flutes,
1939 1622 65 75 <bc.

1266 1669 55 75 To
1346 1669 114 75 render
1476 1669 64 75 this
1564 1669 185 75 indrument
1771 1669 89 75 more
1885 1669 157 75 portable,
2067 1669 25 75 it
2109 1669 27 75 is
2152 1669 50 75 di-

1217 1715 97 75 vided
1329 1715 69 75 into
1422 1715 66 75 two
1503 1715 100 75 parts,
1628 1715 130 75 whence
1774 1715 25 75 it
1817 1715 26 75 is
1860 1715 66 75 alfo
1942 1715 103 75 called
2062 1715 18 75 a
2096 1715 104 75 fagot.

1219 1760 47 75 Its
1277 1760 153 75 diameter
1447 1760 32 75 at
1497 1760 124 75 bottom
1638 1760 25 75 is
1676 1760 72 75 nine
1759 1760 124 75 inches,
1909 1760 66 75 and
1989 1760 42 75 its
2044 1760 91 75 holes
2148 1760 65 75 are

1218 1808 129 75 flopped
1365 1808 65 75 like
1445 1808 89 75 thofe
1547 1808 39 75 of
1598 1808 18 75 a
1632 1808 88 75 large
1732 1808 90 75 flute.

1170 1856 231 75 BASSORA,
1420 1856 18 75 a
1455 1856 87 75 large
1558 1856 67 75 city
1636 1856 40 75 of
1686 1856 84 75 Afia,
1787 1856 135 75 fituated
1938 1856 104 75 below
2054 1856 56 75 the
2123 1856 76 75 con-

1215 1901 68 75 flux
1295 1901 39 75 of
1346 1901 55 75 the
1416 1901 114 75 Tigris
1546 1901 63 75 and
1619 1901 196 75 Euphrates,
1841 1901 33 75 in
1893 1901 40 75 53
1933 1883 21 49 0
1968 1901 43 75 E.
2029 1901 88 75 long,
2136 1901 72 75 and:

1217 1949 65 75 30°
1304 1949 43 75 20
1374 1949 48 75 N.
1439 1949 58 75 lat.

1166 1997 397 75 BASSO-RELIEVO,
1581 1997 37 75 or
1629 1997 268 75 Bass-relief,
1916 1997 18 75 a
1947 1997 87 75 piece
2046 1997 39 75 of
2094 1997 103 75 fculp-

1212 2041 82 75 ture,
1322 2041 105 75 where
1444 2041 55 75 the
1515 2041 115 75 figures
1647 2041 39 75 or
1710 2041 120 75 images
1846 2041 43 75 do
1907 2041 56 75 not
1979 2041 233 75 protuberate,.

1208 2087 63 75 jet,
1296 2087 37 75 or
1348 2087 90 75 dand
1465 2087 57 75 out
1537 2087 59 75 far.
1612 2087 101 75 above
1738 2087 56 75 the
1823 2087 92 75 plane
1938 2087 45 75 on
1996 2087 104 75 which
2118 2087 87 75 they,

1213 2133 52 75 are
1282 2133 139 75 formed.

1259 2180 188 75 Whatever
1465 2180 115 75 figures
1598 2180 37 75 or
1657 2180 263 75 reprefentations
1943 2180 57 75 are
2023 2180 186 75 thus-cut,,

1211 2226 152 75 damped,
1388 2226 37 75 or
1441 2226 168 75 otherwife
1626 2226 162 75 wrought,
1813 2226 33 75 fo
1864 2226 71 75 that
1948 2226 56 75 not
2020 2226 55 75 the
2091 2226 102 75 entire

1211 2272 99 75 body,
1335 2272 57 75 but
1407 2272 77 75 only
1495 2272 72 75 part
1582 2272 40 75 of
1632 2272 27 75 it
1674 2272 27 75 is
1714 2272 99 75 raifed
1824 2272 104 75 above
1945 2272 63 75 the,
2015 2272 105 75 plane,
2138 2272 64 75 are-

1211 2319 64 75 faid
1294 2319 35 75 to
1345 2319 39 75 be
1401 2319 83 75 done
1507 2319 32 75 in
1556 2319 104 75 relief,
1683 2319 41 75 or
1751 2319 141 75 relievo;
1926 2319 61 75 and
2005 2319 92 75 when
2121 2319 72 75 that

1211 2365 89 75 work
1317 2365 27 75 is
1366 2365 76 75 low,
1453 2365 81 75 .flat,
1560 2365 64 75 and
1648 2365 57 75 but
1721 2365 24 75 a
1755 2365 84 75 little
1865 2365 112 75 raifed,
2002 2365 25 75 it
2043 2365 27 75 is
2088 2365 119 75 called"

1208 2410 64 75 low
1295 2410 115 75 reliefr
1440 2410 111 75 When
1569 2410 18 75 a
1611 2410 86 75 piece
1714 2410 41 75 of
1776 2410 176 75 fculpture,
1975 2410 18 75 a
2009 2410 83 75 coin,
2118 2410 73 75 ora

1208 2458 117 75 medal,
1350 2458 57 75 has
1434 2458 41 75 its
1502 2458 100 75 figure
1629 2458 108 75 raifed.
1753 2458 33 75 fo
1803 2458 32 75 as
1853 2458 36 75 to
1916 2458 39 75 be
1984 2458 72 75 well
2081 2458 107 75 diflin-

1208 2504 139 75 guiffied,
1366 2504 26 75 it
1404 2504 26 75 is
1440 2504 102 75 called
1555 2504 89 75 bold,
1662 2504 63 75 and
1737 2504 48 75 we
1797 2504 53 75 fay
1861 2504 41 75 its
1920 2504 97 75 relief
2028 2504 27 75 is
2068 2504 118 75 flrong.

1159 2551 266 75 BASS-VIOL,
1443 2551 17 75 a
1472 2551 128 75 mufical
1613 2551 237 75 indrument-of
1860 2551 55 75 the
1932 2551 63 75 like
2012 2551 84 75 form
2108 2551 93 75 with:

1207 2596 70 75 that
1289 2596 40 75 of
1340 2596 18 75 a
1374 2596 110 75 violin,
1509 2596 58 75 but
1583 2596 95 75 much
1693 2596 116 75 larger.
1859 2596 32 75 It
1907 2596 27 75 is
1951 2596 104 75 Aruek
2073 2596 77 75 with
2168 2596 20 75 a

1206 2643 73 75 bow
1296 2643 32 75 as
1346 2643 70 75 that
1436 2643 39 75 is,
1500 2643 58 75 has
1574 2643 56 75 the
1652 2643 83 75 fame
1762 2643 134 75 number
1912 2643 45 75 of.
1973 2643 125 75 flrings,
2123 2643 64 75 and

1204 2689 56 75 has
1277 2689 87 75 eight
1382 2689 94 75 flops,
1502 2689 104 75 which
1625 2689 58 75 are
1694 2689 188 75 fubdivided
1901 2689 68 75 into
1985 2689 214 75 femi-ltops::

1205 2735 47 75 Its
1268 2735 100 75 found
1391 2735 25 75 is
1433 2735 108 75 grave,
1568 2735 65 75 and
1652 2735 56 75 has
1727 2735 18 75 a
1768 2735 94 75 much
1879 2735 112 75 nobler
2007 2735 94 75 effedt
2118 2735 31 75 in
2166 2735 21 75 a

1201 2781 127 75 concert
1344 2781 76 75 than
1437 2781 70 75 that
1518 2781 40 75 of
1566 2781 60 75 the
1640 2781 111 75 viohn.

1156 2831 279 75 BASTERNA,
1454 2831 19 75 a
1498 2831 64 75 fort
1587 2831 40 75 of
1645 2831 135 75 vehicle,
1806 2831 94 75 much
1926 2831 55 75 the
2001 2831 84 75 fame
2102 2831 79 75 with

1203 2874 58 75 our
1277 2874 135 75 chariot,
1439 2874 73 75 ufed
1529 2874 44 75 by
1589 2874 54 75 the
1660 2874 126 75 ancient
1798 2874 127 75 Roman
1941 2874 114 75 ladies.
2094 2874 89 75 This

1202 2923 64 75 was
1282 2923 18 75 a
1315 2923 150 75 different
1482 2923 141 75 carriage
1639 2923 85 75 from
1736 2923 57 75 the
1807 2923 122 75 ledtica,
1956 2923 105 75 which
2077 2923 24 75 it
2114 2923 82 75 fuc--

2053 2975 115 75 ceeded
2168 3007 15 49 3
2183 2975 16 75 ,

1044 127 15 75 (
1119 127 85 75 527
1265 127 17 75 )
