2428 3377
130 144 76 75 182

680 144 42 75 a
836 144 44 75 N
996 144 41 75 A
1151 144 38 75 T

125 209 104 75 round
244 209 83 75 head
351 209 39 75 of
406 209 60 75 one
481 209 85 75 bone
582 209 90 75 plays
689 209 33 75 in
739 209 55 75 the
811 209 161 75 orbicular
992 209 113 75 focket
1127 209 41 75 of

122 255 136 75 another
272 255 11 75 ;
309 255 77 75 only
402 255 26 75 it
443 255 27 75 is
487 255 174 75 fomewhat
678 255 88 75 more
782 255 149 75 confined
947 255 63 75 and
1025 255 60 75 lefs
1102 255 59 75 ex-

123 301 173 75 peditious,
312 301 59 75 but
388 301 141 75 ftronger
544 301 63 75 and
623 301 89 75 more
729 301 120 75 fecure,
874 301 77 75 than
968 301 77 75 fuch
1058 301 102 75 joints

126 348 162 75 generally
307 348 65 75 are.

172 394 76 75 The
264 394 114 75 fccond
396 394 84 75 bone
497 394 40 75 of
557 394 55 75 the
629 394 113 75 thumb
759 394 57 75 has
835 394 18 75 a
868 394 88 75 large
971 394 74 75 bafe
1061 394 100 75 form-

126 441 41 75 ed
182 441 68 75 into
274 441 40 75 an
330 441 120 75 oblong
466 441 119 75 cavity,
610 441 106 75 whofe
732 441 136 75 greateft
884 441 112 75 length
1022 441 27 75 is
1077 441 85 75 from

127 488 61 75 one
203 488 64 75 fide
284 488 35 75 to
335 488 54 75 the
406 488 277 75 other.—Round
710 488 26 75 it
765 488 119 75 feveral
913 488 158 75 tubercles
1089 488 74 75 may

128 535 41 75 be
185 535 181 75 remarked,
390 535 52 75 for
458 535 57 75 the
537 535 153 75 infertion
716 535 39 75 of
777 535 278 75 ligaments.—Its
1076 535 88 75 body

127 582 29 75 is
174 582 138 75 convex,
337 582 38 75 or
393 582 19 75 a
427 582 189 75 half-round
640 582 141 75 behind;
807 582 58 75 but
888 582 57 75 flat
964 582 123 75 before,
1113 582 51 75 for

125 626 134 75 lodging
283 626 55 75 the
363 626 119 75 tendon
510 626 39 75 of
572 626 56 75 the
654 626 78 75 long
759 626 104 75 flexor
890 626 40 75 of
952 626 56 75 the
1035 626 126 75 thumb,

125 673 108 75 which
251 673 26 75 is
294 673 68 75 tied
373 673 97 75 down
487 673 43 75 by
546 673 212 75 ligamentous
775 673 124 75 (heaths
917 673 70 75 that
1004 673 53 75 are
1074 673 89 75 fixed

126 720 43 75 on
187 720 78 75 each
287 720 63 75 fide
368 720 36 75 to
424 720 55 75 the
498 720 92 75 angle
607 720 33 75 at
657 720 56 75 the
730 720 81 75 edge
828 720 40 75 of
878 720 64 75 this
959 720 56 75 flat
1027 720 134 75 furface.

175 767 76 75 The
269 767 205 75 articulation
491 767 62 75 and
570 767 122 75 motion
709 767 40 75 of
771 767 56 75 the
843 767 101 75 upper
960 767 63 75 end
1040 767 41 75 of
1100 767 63 75 this

128 813 118 75 fecond
261 813 83 75 bone
361 813 27 75 is
405 813 34 75 as
455 813 137 75 lingular
609 813 34 75 as
656 813 69 75 that
742 813 40 75 of
790 813 55 75 the
858 813 248 75 former,!—For
1121 813 41 75 its

127 859 113 75 cavity
255 859 96 75 being
363 859 112 75 joined
492 859 35 75 to
550 859 56 75 the
622 859 106 75 round
743 859 84 75 head
849 859 42 75 of
915 859 55 75 the
986 859 64 75 firft
1067 859 94 75 bone,

131 906 29 75 it
178 906 111 75 would
304 906 82 75 feem
404 906 33 75 at
462 906 64 75 firfl:
552 906 81 75 view
658 906 35 75 to
717 906 95 75 enjoy
836 906 122 75 motion
983 906 32 75 in
1043 906 44 75 all
1113 906 50 75 di-

129 953 160 75 redtions;
314 953 71 75 yet,
409 953 131 75 becaufe
556 953 41 75 of
613 953 56 75 the
684 953 142 75 (Irength
844 953 39 75 of
897 953 41 75 its
955 953 110 75 lateral
1084 953 78 75 liga-

128 999 119 75 ments,
273 999 120 75 oblong
408 999 100 75 figure
524 999 40 75 of
580 999 55 75 the
650 999 85 75 joint
751 999 98 75 itfelf,
875 999 60 75 and
953 999 148 75 mobility
1129 999 40 75 of

128 1046 57 75 the
202 1046 66 75 firfl:
282 1046 97 75 joint,
405 1046 25 75 it
449 1046 78 75 only
543 1046 111 75 allows
671 1046 125 75 fledtion
813 1046 62 75 and
891 1046 181 75 extenfion;
1101 1046 63 75 and

129 1093 89 75 thefe
236 1093 53 75 are
306 1093 163 75 generally
486 1093 95 75 much
602 1093 159 75 confined.

178 1138 77 75 The
272 1138 88 75 third
376 1138 83 75 bone
483 1138 40 75 of
543 1138 55 75 the
614 1138 114 75 thumb
747 1138 25 75 is
802 1138 55 75 the
879 1138 146 75 fmallefl,
1051 1138 79 75 with
1147 1138 19 75 a

129 1185 91 75 large
236 1185 84 75 bafe,
346 1185 106 75 whofe
467 1185 136 75 greateft
619 1185 112 75 extent
747 1185 28 75 is
800 1185 84 75 from
901 1185 60 75 one
977 1185 63 75 fide
1057 1185 35 75 to
1109 1185 56 75 the

131 1231 107 75 other.
334 1231 85 75 This
436 1231 73 75 bafe
525 1231 26 75 is
570 1231 126 75 formed
719 1231 69 75 into
810 1231 65 75 two
899 1231 130 75 cavities
1058 1231 62 75 and
1148 1231 19 75 a

130 1278 122 75 middle
269 1278 244 75 protuberance,
539 1278 35 75 to
590 1278 40 75 be
647 1278 139 75 adapted
808 1278 35 75 to
860 1278 56 75 the
933 1278 108 75 pulley
1057 1278 39 75 of
1109 1278 56 75 the

131 1323 122 75 forlner
276 1323 96 75 bone.
466 1323 50 75 Its
539 1323 89 75 body
654 1323 27 75 is
711 1323 146 75 rounded
876 1323 145 75 behind;
1056 1323 58 75 but
1138 1323 27 75 is

131 1370 108 75 flatter
254 1370 77 75 than
348 1370 32 75 in
397 1370 55 75 the
470 1370 119 75 former
605 1370 95 75 bone,
718 1370 53 75 for
786 1370 167 75 fuftaining
970 1370 55 75 the
1042 1370 125 75 nail.—

132 1417 34 75 It
183 1417 27 75 is
226 1417 56 75 flat
299 1417 63 75 and
378 1417 103 75 rough
497 1417 123 75 before,
646 1417 43 75 by
705 1417 56 75 the
777 1417 151 75 infertion
945 1417 39 75 of
996 1417 55 75 the
1063 1417 105 75 flexor

133 1463 89 75 tertii
238 1463 186 75 internodii.
521 1463 85 75 This
623 1463 82 75 bone
721 1463 147 75 becomes
885 1463 167 75 gradually
1071 1463 94 75 fmal-

133 1509 63 75 ler,
221 1509 50 75 till
287 1509 76 75 near
378 1509 57 75 the
451 1509 98 75 lower
566 1509 73 75 end,
658 1509 107 75 where
782 1509 25 75 it
823 1509 26 75 is
868 1509 18 75 a
901 1509 85 75 little
1003 1509 163 75 enlarged,

133 1557 66 75 and
217 1557 57 75 has
292 1557 39 75 an
347 1557 73 75 oval
435 1557 149 75 fcabrous
602 1557 97 75 edge.

182 1604 77 75 The
276 1604 121 75 motion
415 1604 40 75 of
465 1604 64 75 this
546 1604 89 75 third
650 1604 82 75 bone
759 1604 27 75 is
807 1604 148 75 confined
980 1604 37 75 to
1043 1604 127 75 fledtion

134 1649 65 75 and
219 1649 178 75 extenfion.

183 1696 77 75 The
276 1696 131 75 orderly
422 1696 180 75 difpofition
619 1696 41 75 of
671 1696 55 75 the
742 1696 99 75 bones
859 1696 39 75 of
918 1696 55 75 the
989 1696 121 75 fingers
1121 1696 47 75 in-

137 1741 37 75 to
190 1741 92 75 three
302 1741 97 75 rows,
424 1741 57 75 has
498 1741 91 75 made
606 1741 86 75 them
710 1741 162 75 generally
883 1741 108 75 obtain
1008 1741 56 75 the
1080 1741 91 75 name

138 1788 41 75 of
197 1788 91 75 three
302 1788 190 75 phalanges.

638 1788 57 75 All
713 1788 39 75 of
763 1788 88 75 them
874 1788 84 75 have
983 1788 188 75 half-round

139 1835 126 75 convex
280 1835 153 75 furfaces,
458 1835 137 75 covered
606 1835 79 75 with
702 1835 39 75 an
758 1835 212 75 aponeurofis,
988 1835 123 75 formed
1127 1835 45 75 by

140 1881 55 75 the
213 1881 135 75 tendons
365 1881 39 75 of
416 1881 55 75 the
488 1881 179 75 extenfors,
684 1881 213 75 lumbricales,
923 1881 62 75 and
1001 1881 169 75 interoflei,

140 1928 64 75 and
214 1928 113 75 placed
338 1928 134 75 diredtly
486 1928 199 75 backwards,
703 1928 51 75 for
771 1928 83 75 their
866 1928 126 75 greater
1004 1928 141 75 ftrength
1160 1928 9 75 ;

142 1974 65 75 and
223 1974 84 75 their
332 1974 56 75 flat
415 1974 137 75 concave
576 1974 70 75 part
662 1974 28 75 is
707 1974 169 75 forwards,
900 1974 53 75 for
969 1974 110 75 taking
1094 1974 81 75 hold

139 2020 91 75 more
250 2020 121 75 furely,
396 2020 62 75 and
474 2020 52 75 for
550 2020 133 75 lodging
704 2020 56 75 the
784 2020 135 75 tendons
942 2020 40 75 of
998 2020 54 75 the
1070 2020 104 75 flexor

138 2067 163 75 mufcles.-

430 2067 77 75 The
529 2067 168 75 ligaments
725 2067 52 75 for
803 2067 137 75 keeping
965 2067 98 75 down
1085 2067 88 75 thefe

141 2113 138 75 tendons
296 2113 53 75 are
364 2113 89 75 fixed
469 2113 34 75 to
523 2113 55 75 the
595 2113 108 75 angles
719 2113 71 75 that
807 2113 53 75 are
877 2113 143 75 between
1032 2113 54 75 the
1098 2113 77 75 con-

146 2158 65 75 vex
227 2158 62 75 and
305 2158 137 75 concave
459 2158 92 75 fides.

189 2206 77 75 The
284 2206 98 75 bones
399 2206 40 75 of
458 2206 56 75 the
541 2206 65 75 firfl
621 2206 142 75 phalanx
791 2206 40 75 of
852 2206 54 75 the
922 2206 116 75 fingers
1056 2206 118 75 anfwer

142 2253 36 75 to
195 2253 55 75 the
266 2253 190 75 defeription
476 2253 39 75 of
526 2253 55 75 the
598 2253 113 75 fecond
729 2253 82 75 bone
829 2253 39 75 of
879 2253 55 75 the
954 2253 113 75 thumb
1079 2253 7 75 :
1118 2253 55 75 on-

143 2299 37 75 ly
196 2299 70 75 that
283 2299 55 75 the
355 2299 107 75 cavity
478 2299 32 75 in
528 2299 85 75 their
628 2299 72 75 bafe
716 2299 28 75 is
761 2299 57 75 not
840 2299 34 75 fo
898 2299 140 75 oblong;
1065 2299 59 75 nor
1148 2299 26 75 is

145 2346 87 75 their
258 2346 124 75 motion
406 2346 41 75 on
472 2346 55 75 the
554 2346 190 75 metacarpal
770 2346 99 75 bones
894 2346 35 75 fo
954 2346 96 75 much
1078 2346 97 75 confi-

144 2392 65 75 ned
220 2392 10 75 ;
256 2392 53 75 for
334 2392 77 75 they
434 2392 58 75 can
507 2392 41 75 be
564 2392 115 75 moved
696 2392 147 75 laterally
859 2392 37 75 or
913 2392 182 75 circularly,
1120 2392 57 75 but

145 2438 82 75 have
244 2438 42 75 no
303 2438 151 75 rotation,
472 2438 38 75 or
522 2438 18 75 a
551 2438 78 75 very
640 2438 88 75 fmall
741 2438 116 75 degree
869 2438 39 75 of
919 2438 39 75 it,
977 2438 101 75 round
1094 2438 84 75 their

151 2484 84 75 axis.

194 2531 77 75 The
288 2531 116 75 fecond
419 2531 83 75 bone
522 2531 41 75 of
584 2531 55 75 the
656 2531 116 75 fingers
800 2531 56 75 has
884 2531 42 75 its
950 2531 73 75 bafe
1051 2531 125 75 formed

146 2577 70 75 into
243 2577 67 75 two
331 2577 114 75 lateral
469 2577 144 75 cavities,
643 2577 62 75 and
733 2577 19 75 a
778 2577 119 75 middle
923 2577 252 75 protuberance;

148 2623 97 75 while
261 2623 55 75 the
327 2623 100 75 lower
443 2623 63 75 end
520 2623 58 75 has
595 2623 67 75 two
677 2623 112 75 lateral
801 2623 260 75 protuberances,
1081 2623 63 75 and
1160 2623 19 75 a

149 2671 121 75 middle
287 2671 126 75 cavity;
440 2671 162 75 therefore
617 2671 26 75 it
660 2671 27 75 is
706 2671 112 75 joined
834 2671 32 75 at
883 2671 79 75 both
978 2671 78 75 ends
1072 2671 34 75 in
1121 2671 56 75 the

150 2716 83 75 fame
250 2716 141 75 manner,
409 2716 105 75 which
526 2716 81 75 none
624 2716 40 75 of
675 2716 55 75 the
746 2716 98 75 bones
861 2716 40 75 of
912 2716 55 75 the
984 2716 113 75 thumb
1110 2716 65 75 are.

197 2762 77 75 The
290 2762 88 75 third
393 2762 82 75 bone
491 2762 112 75 differs
619 2762 135 75 nothing
768 2762 85 75 from
870 2762 55 75 the
937 2762 190 75 defeription
1144 2762 40 75 of

151 2809 57 75 the
224 2809 89 75 third
327 2809 84 75 bone
435 2809 40 75 of
494 2809 56 75 the
566 2809 125 75 thumb,
718 2809 171 75 excepting
912 2809 32 75 in
972 2809 55 75 the
1052 2809 126 75 general

154 2855 233 75 diftinguhhing
403 2855 105 75 marks
520 2855 13 75 ;
557 2855 63 75 and
634 2855 162 75 therefore
811 2855 55 75 the
880 2855 118 75 fecond
1014 2855 62 75 and
1092 2855 88 75 third

153 2900 195 75 phalanx,of
359 2900 55 75 the
430 2900 115 75 fingers
561 2900 96 75 enjoy
673 2900 75 75 only
760 2900 124 75 flection
901 2900 62 75 and
976 2900 178 75 extenfion.

199 2947 59 75 All
274 2947 55 75 the
346 2947 171 75 difference
533 2947 40 75 of
584 2947 56 75 the
668 2947 171 75 phalanges
855 2947 41 75 of
916 2947 54 75 the
986 2947 119 75 feveral
1121 2947 58 75 fin-

154 2995 71 75 gers
242 2995 123 75 confifts
382 2995 32 75 in
431 2995 85 75 their
531 2995 195 75 magnitude.

869 2995 76 75 The
961 2995 97 75 bones
1075 2995 40 75 of
1127 2995 55 75 the

1307 139 38 75 O
1464 139 48 75 M
1627 139 51 75 Y.

2085 139 100 75 Part
2214 139 32 75 I.

1213 207 237 75 middle-finger
1467 207 95 75 being
1580 207 55 75 the
1658 207 121 75 longeft
1807 207 62 75 arid
1896 207 288 75 largeft.—Thofe
2212 207 42 75 of

1214 253 54 75 the
1285 253 186 75 fore-finger
1488 253 90 75 come
1596 253 80 75 next
1691 253 35 75 to
1743 253 70 75 that
1830 253 32 75 in
1879 253 172 75 thieknefs,
2070 253 58 75 but
2146 253 101 75 notin

1212 300 125 75 length,
1362 300 52 75 for
1431 300 90 75 thofe
1538 300 41 75 of
1602 300 54 75 the
1674 300 185 75 ring-finger
1888 300 54 75 are
1966 300 18 75 a
2011 300 85 75 little
2119 300 126 75 longer.

1212 347 77 75 The
1305 347 85 75 little
1404 347 101 75 finger
1521 347 56 75 has
1591 347 56 75 the
1663 347 135 75 fmallefl
1814 347 114 75 bones.
1977 347 124 75 Which
2118 347 128 75 difpofi-

1213 393 67 75 tion
1297 393 27 75 is
1341 393 55 75 the
1413 393 65 75 beft
1491 393 203 75 contrivance
1710 393 52 75 for
1773 393 133 75 holding
1920 393 54 75 the
1987 393 113 75 largeft
2113 393 133 75 bodies;

1213 440 131 75 becaufe
1361 440 55 75 the
1432 440 121 75 longeft
1570 440 117 75 fingers
1705 440 52 75 are
1774 440 126 75 applied
1916 440 34 75 to
1966 440 56 75 the
2037 440 120 75 middle
2185 440 63 75 lar-

1214 486 65 75 geft
1298 486 171 75 periphery
1485 486 40 75 of
1539 486 75 75 fuch
1631 486 177 75 fubftances
1833 486 34 75 as
1897 486 53 75 are
1967 486 40 75 of
2028 486 18 75 a
2061 486 134 75 fperical
2211 486 37 75 fi-

1215 533 91 75 gure.

1259 579 76 75 The
1351 579 70 75 ufes
1437 579 42 75 of
1494 579 42 75 all
1559 579 56 75 the
1632 579 86 75 parts
1736 579 40 75 of
1798 579 60 75 our
1885 579 143 75 fuperior
2044 579 202 75 extremities

1215 626 53 75 are
1284 626 35 75 fo
1335 626 126 75 evident
1489 626 32 75 in
1550 626 55 75 the
1627 626 149 75 common
1802 626 178 75 actions-of
1994 626 70 75 life,
2089 626 71 75 that
2176 626 25 75 it
2219 626 28 75 is

1214 672 141 75 needlefs
1372 672 35 75 to
1423 672 182 75 enumerate
1622 672 87 75 them
1726 672 77 75 here
1815 672 10 75 ;
1852 672 64 75 and
1934 672 161 75 therefore
2106 672 49 75 we
2171 672 76 75 (hall

1213 719 138 75 proceed
1367 719 35 75 to
1419 719 55 75 the
1489 719 59 75 laft
1564 719 71 75 part
1651 719 40 75 of
1703 719 55 75 the
1774 719 156 75 fkeleton.

1238 835 68 75 OF
1330 835 113 75 THE
1470 835 292 75 INFERIOR
1786 835 437 75 EXTREMITIES.

1260 903 86 75 The
1372 903 188 75 Inferior
1586 903 283 75 Extremities
1895 903 127 75 depend
2035 903 89 75 from
2142 903 55 75 the
2214 903 34 75 a-

1214 951 146 75 cetabula
1375 951 41 75 of
1428 951 54 75 the
1500 951 63 75 offa
1578 951 216 75 innominata;
1833 951 53 75 are
1909 951 183 75 commonly
2115 951 132 75 divided

1213 997 69 75 into
1299 997 91 75 three
1413 997 101 75 parts,
1541 997 69 75 viz.
1636 997 56 75 the
1709 997 103 75 thigh,
1837 997 63 75 leg,
1925 997 63 75 and
1993 997 88 75 foot,.

1261 1044 76 75 The
1352 1044 137 75 Thigh
1511 1044 61 75 -has
1589 1044 80 75 only
1683 1044 60 75 one
1760 1044 82 75 bone
1854 1044 10 75 ;
1891 1044 106 75 which
2013 1044 25 75 is
2057 1044 54 75 the
2126 1044 123 75 longeft

1216 1089 38 75 of
1275 1089 55 75 the
1358 1089 100 75 body.
1506 1089 77 75 The
1607 1089 144 75 fituation
1775 1089 41 75 of
1826 1089 26 75 it
1868 1089 26 75 is
1912 1089 56 75 not
1984 1089 240 75 perpendicular
2236 1089 10 75 ;

1216 1135 52 75 for
1285 1135 54 75 the
1358 1135 102 75 lower
1484 1135 60 75 end
1565 1135 30 75 i$
1616 1135 143 75 inclined,
1783 1135 216 75 confiderably
2015 1135 137 75 inwards
2166 1135 8 75 :
2203 1135 46 75 So

1216 1183 69 75 that
1302 1183 55 75 the
1373 1183 96 75 knees
1487 1183 53 75 are
1564 1183 111 75 almoft
1704 1183 202 75 contiguous,
1933 1183 94 75 while
2056 1183 91 75 there
2175 1183 26 75 is
2230 1183 19 75 a

1216 1229 213 75 confiderable
1461 1229 138 75 diftance
1631 1229 144 75 between
1804 1229 55 75 the
1887 1229 206 75 thigh-bones
2121 1229 100 75 above
2236 1229 9 75 :

1215 1276 124 75 Which
1355 1276 27 75 is
1399 1276 40 75 of
1450 1276 87 75 good
1551 1276 52 75 ufe
1620 1276 35 75 to
1671 1276 51 75 us,
1739 1276 82 75 fince
1833 1276 155 75 fufficient
1999 1276 91 75 fpace
2102 1276 26 75 is
2141 1276 107 75 there-

1216 1321 42 75 by
1275 1321 61 75 left
1353 1321 51 75 for
1421 1321 55 75 the
1489 1321 146 75 external
1648 1321 87 75 parts
1747 1321 40 75 of
1799 1321 197 75 generation,
2014 1321 55 75 the
2081 1321 66 75 two
2158 1321 91 75 great

1217 1369 115 75 cloacE
1350 1369 40 75 of
1401 1369 90 75 urine
1508 1369 62 75 and
1587 1369 111 75 fceces,
1724 1369 63 75 and
1802 1369 51 75 for
1870 1369 55 75 the
1940 1369 88 75 large
2053 1369 89 75 thick
2164 1369 84 75 mufr

1218 1414 64 75 cles
1307 1414 70 75 that
1401 1414 94 75 move
1522 1414 56 75 the
1605 1414 93 75 thigh
1726 1414 137 75 inwards
1878 1414 8 75 :
1929 1414 90 75 And,
2045 1414 32 75 at
2094 1414 54 75 the
2164 1414 85 75 fame

1219 1461 88 75 time,
1334 1461 63 75 this
1422 1461 147 75 fituation
1594 1461 40 75 of
1652 1461 55 75 the
1728 1461 207 75 thigh-bones
1953 1461 129 75 renders
2100 1461 59 75 our
2176 1461 72 75 pro-

1219 1508 132 75 greflion
1370 1508 145 75 quicker,
1540 1508 99 75 furer,
1665 1508 180 75 ftreighter,
1871 1508 62 75 and
1948 1508 33 75 in
1996 1508 61 75 lefs
2072 1508 104 75 room.

1264 1555 78 75 The
1358 1555 101 75 upper
1475 1555 61 75 end
1552 1555 41 75 of
1604 1555 55 75 the
1676 1555 203 75 thigh-bone,
1886 1555 27 75 is
1929 1555 56 75 not
1998 1555 172 75 continued
2185 1555 32 75 in
2231 1555 19 75 a

1220 1602 131 75 (freight
1367 1602 64 75 line
1447 1602 80 75 with
1543 1602 56 75 the
1618 1602 88 75 body
1722 1602 41 75 of
1774 1602 39 75 it,
1837 1602 59 75 but
1911 1602 27 75 is
1954 1602 47 75 fet
2017 1602 52 75 off
2083 1602 167 75 obliquely

1220 1647 136 75 inwards
1373 1647 64 75 and
1452 1647 161 75 upwards,
1637 1647 151 75 whereby
1801 1647 55 75 the
1868 1647 136 75 diftance
2016 1647 77 75 here
2105 1647 144 75 between

1220 1693 88 75 thefe
1324 1693 67 75 two
1407 1693 98 75 bones
1530 1693 33 75 at
1589 1693 85 75 their
1690 1693 100 75 upper
1805 1693 72 75 part
1899 1693 28 75 is
1955 1693 218 75 confiderably
2200 1693 48 75 irl-

1222 1739 139 75 creafed.
1444 1739 89 75 This
1558 1739 64 75 end
1647 1739 28 75 is
1705 1739 127 75 formed
1854 1739 70 75 into
1953 1739 18 75 a
2002 1739 88 75 large
2122 1739 127 75 fmooth

1221 1785 102 75 round
1339 1785 96 75 head,
1459 1785 106 75 which
1582 1785 27 75 is
1630 1785 54 75 the
1701 1785 127 75 greater
1842 1785 127 75 portion
1982 1785 39 75 of
2034 1785 214 75 afphere-un-

1219 1831 130 75 equally
1364 1831 141 75 divided.
1602 1831 162 75 Towards
1779 1831 41 75 its
1844 1831 101 75 lower
1968 1831 135 75 internal
2120 1831 85 75 part,
2231 1831 19 75 a

1221 1878 104 75 round
1341 1878 103 75 rough
1458 1878 123 75 fpongy
1597 1878 47 75 pit
1657 1878 27 75 is
1701 1878 196 75 obfervable,
1923 1878 107 75 where
2057 1878 57 75 the
2140 1878 109 75 ftrong

1222 1923 165 75 ligament,
1414 1923 181 75 commonly
1611 1923 103 75 called
1738 1923 55 75 the
1817 1923 107 75 reaW
1942 1923 73 75 one,
2039 1923 27 75 is
2090 1923 99 75 fixed,
2214 1923 36 75 to

1222 1971 39 75 be
1278 1971 162 75 extended
1454 1971 86 75 from
1563 1971 113 75 thence
1699 1971 36 75 to
1759 1971 56 75 the
1840 1971 101 75 lower
1965 1971 137 75 internal
2125 1971 70 75 part
2214 1971 42 75 of

1223 2016 54 75 the
1299 2016 159 75 receiving
1485 2016 118 75 cavity,
1627 2016 109 75 where
1763 2016 26 75 it
1816 2016 27 75 is
1870 2016 217 75 confiderably
2113 2016 138 75 broader

1221 2062 77 75 than
1315 2062 75 75 near
1406 2062 35 75 to
1458 2062 55 75 the
1529 2062 84 75 head
1629 2062 40 75 of
1687 2062 55 75 the
1764 2062 204 75 thigh-bone.
2047 2062 84 75 The
2154 2062 90 75 fmall

1222 2110 72 75 part
1310 2110 104 75 below
1430 2110 55 75 the
1497 2110 95 75 head,
1609 2110 104 75 called
1727 2110 56 75 the
1799 2110 121 75 cervix,
1939 2110 40 75 of
1989 2110 55 75 the
2057 2110 36 75 6s
2106 2110 144 75 femoris,

1223 2156 54 75 has
1296 2156 18 75 a
1329 2156 90 75 great
1436 2156 95 75 many
1547 2156 88 75 large
1651 2156 104 75 holes,
1768 2156 68 75 into
1847 2156 104 75 which
1965 2156 56 75 the
2032 2156 96 75 fibres
2144 2156 40 75 of
2195 2156 56 75 the

1224 2203 105 75 ftrong
1345 2203 165 75 ligament,
1536 2203 172 75 continufed
1723 2203 85 75 from
1825 2203 56 75 the
1898 2203 153 75 capfular,
2069 2203 102 75 enter,
2189 2203 63 75 and

1224 2250 53 75 are
1293 2250 135 75 thereby
1445 2250 105 75 furely
1564 2250 113 75 united
1693 2250 35 75 to
1748 2250 46 75 it;
1821 2250 62 75 and
1908 2250 103 75 round
2038 2250 56 75 the
2119 2250 72 75 root
2216 2250 41 75 of

1224 2297 55 75 the
1296 2297 94 75 neck,
1415 2297 107 75 where
1538 2297 27 75 it
1581 2297 77 75 rifes
1672 2297 85 75 from
1775 2297 54 75 the
1845 2297 95 75 bone,
1966 2297 18 75 a
2000 2297 102 75 rough
2118 2297 89 75 ridge
2224 2297 27 75 is

1225 2343 113 75 found,
1362 2343 107 75 where
1486 2343 56 75 the
1554 2343 141 75 capfular
1710 2343 153 75 ligament
1873 2343 40 75 of
1925 2343 55 75 the
1992 2343 201 75 articulation
2210 2343 41 75 it-

1225 2389 62 75 felf
1300 2389 27 75 is
1339 2389 184 75 connedted.

1666 2389 113 75 Below
1790 2389 55 75 the
1858 2389 166 75 back-part
2038 2389 40 75 of
2089 2389 64 75 this
2166 2389 85 75 root,

1225 2435 55 75 the
1298 2435 88 75 large
1402 2435 137 75 unequal
1552 2435 242 75 protuberance,
1811 2435 109 75 c&Wci:
1928 2435 187 75 trochanter
2132 2435 119 75 major,

1226 2482 103 75 (lands
1346 2482 78 75 out;
1451 2482 55 75 the
1523 2482 148 75 external
1690 2482 125 75 convex
1836 2482 70 75 part
1922 2482 41 75 of
1979 2482 106 75 which
2102 2482 26 75 is
2145 2482 106 75 diftin-

1226 2528 129 75 guiflred
1370 2528 69 75 into
1457 2528 90 75 three
1565 2528 150 75 different
1728 2528 151 75 furfaces,
1903 2528 148 75 whereof
2063 2528 54 75 the
2133 2528 61 75 one
2211 2528 40 75 on

1227 2575 54 75 the
1301 2575 157 75 fore-part
1474 2575 26 75 is
1517 2575 147 75 fcabrpus
1682 2575 63 75 and
1762 2575 116 75 rough,
1902 2575 54 75 for
1980 2575 55 75 the
2051 2575 150 75 infertion
2218 2575 40 75 of

1226 2619 55 75 the
1297 2619 135 75 glutseus
1448 2619 169 75 minimus;
1642 2619 56 75 the
1721 2619 142 75 fuperior
1886 2619 60 75 one
1973 2619 27 75 is
2027 2619 139 75 fmooth,
2191 2619 63 75 and

1225 2667 58 75 has
1300 2667 56 75 the
1372 2667 133 75 glutasus
1520 2667 122 75 medius
1658 2667 136 75 inferted
1811 2667 68 75 into
1899 2667 43 75 it;
1969 2667 62 75 and
2047 2667 56 75 the
2117 2667 60 75 one
2198 2667 55 75 be-

1226 2713 79 75 hind
1320 2713 27 75 is
1364 2713 91 75 made
1471 2713 56 75 flat
1544 2713 63 75 and
1622 2713 125 75 fmooth
1764 2713 44 75 by
1822 2713 55 75 the
1900 2713 119 75 tendon
2045 2713 41 75 of
2103 2713 56 75 the
2183 2713 70 75 glu-

1213 2760 91 75 •tasus
1321 2760 159 75 maximus
1496 2760 115 75 palling
1626 2760 78 75 over
1722 2760 37 75 it.

1902 2760 77 75 The
1996 2760 99 75 upper
2121 2760 81 75 edge
2219 2760 41 75 of

1228 2806 62 75 this
1311 2806 124 75 procefs
1451 2806 27 75 is
1495 2806 89 75 (harp
1598 2806 62 75 and
1682 2806 130 75 pointed
1829 2806 32 75 at
1880 2806 42 75 its
1940 2806 182 75 back-part,
2147 2806 107 75 where

1219 2852 63 75 .the
1297 2852 134 75 glutjeus
1448 2852 121 75 medius
1586 2852 27 75 is
1630 2852 108 75 fixed;
1764 2852 58 75 but
1835 2852 155 75 forwards
2007 2852 25 75 it
2048 2852 27 75 is
2093 2852 161 75 more-ob-

1228 2899 80 75 tufe,
1333 2899 62 75 and
1411 2899 57 75 has
1485 2899 65 75 twm
1567 2899 172 75 fuperncial
1763 2899 63 75 pits
1844 2899 127 75 formed
1986 2899 32 75 in
2034 2899 46 75 it:
2108 2899 73 75 Into
2199 2899 56 75 the

1228 2945 139 75 fuperior
1383 2945 42 75 of
1443 2945 100 75 thefe,
1551 2945 73 75 -the
1649 2945 171 75 piriformis
1837 2945 26 75 is
1881 2945 194 75 implanted;
2114 2945 62 75 and
2199 2945 55 75 the

1228 2992 168 75 obturator
1411 2992 141 75 internus
1571 2992 63 75 and
1659 2992 117 75 gemini
1796 2992 54 75 are
1869 2992 88 75 fixed
1983 2992 68 75 into
2077 2992 55 75 the
2155 2992 100 75 lower
