2428 3377
205 136 80 75 240

761 125 1002 75 ANATOMY.

2130 125 101 75 Part
2251 125 68 75 IV.

202 205 35 75 to
253 205 56 75 the
325 205 73 75 root
415 205 41 75 of
475 205 55 75 the
546 205 87 75 nofe,
659 205 63 75 and
738 205 269 75 communicating
1018 205 79 75 with
1118 205 41 75 its
1177 205 60 75 fel-

202 251 65 75 low
281 251 85 75 from
382 251 56 75 the
453 251 94 75 other
569 251 80 75 fide*
670 251 89 75 gives
783 251 119 75 feveral
917 251 93 75 fmail
1026 251 88 75 Veins
1132 251 34 75 to
1183 251 56 75 the

201 297 92 75 holes
310 297 37 75 of
368 297 56 75 the
441 297 64 75 olfa
524 297 75 75 nafi.

250 344 77 75 The
343 344 117 75 fecond
475 344 121 75 branch
624 344 75 75 runs
724 344 43 75 up
783 344 41 75 on
843 344 54 75 the
915 344 183 75 fore-head,
1123 344 43 75 by
1183 344 56 75 the

202 390 91 75 name
311 390 40 75 of
369 390 82 75 vena
458 390 181 75 frontalis,
665 390 62 75 and
747 390 26 75 is
798 390 189 75 diftributed
1013 390 36 75 to
1066 390 77 75 each
1161 390 76 75 fide.

249 436 78 75 The
343 436 89 75 third
448 436 120 75 branch
584 436 76 75 ente'
660 436 30 75 fs
702 436 56 75 the
771 436 86 75 orbit
873 436 33 75 in
923 436 19 75 a
956 436 143 75 winding
1115 436 125 75 courfe,

203 482 42 75 on
262 482 60 75 one
350 482 64 75 fide
440 482 40 75 of
499 482 55 75 the
582 482 225 75 cartilaginous
836 482 123 75 pulley,
984 482 64 75 and
1064 482 176 75 communi-

201 528 88 75 cates
307 528 79 75 with
398 528 55 75 the
465 528 112 75 finufes
594 528 40 75 of
653 528 56 75 the
729 528 80 75 dura
825 528 115 75 mater,
966 528 42 75 by
1024 528 56 75 the
1096 528 144 75 orbitary

202 575 82 75 finus
300 575 42 75 of
361 575 55 75 the
431 575 72 75 eye.

249 621 77 75 The
343 621 111 75 fourth
470 621 120 75 branch
614 621 77 75 goes
719 621 97 75 along
843 621 56 75 the
926 621 159 75 mufculus
1102 621 137 75 fuperci-

202 667 85 75 liaris
305 667 64 75 and
385 667 58 75 the
456 667 101 75 upper
575 667 73 75 part
670 667 40 75 of
730 667 56 75 the
802 667 200 75 orbicularis,
1025 667 38 75 to
1079 667 55 75 the
1150 667 90 75 fmail

203 714 37 75 6r
256 714 148 75 external
431 714 92 75 angle
546 714 41 75 of
605 714 56 75 the
684 714 74 75 eye,
782 714 35 75 to
834 714 231 75 communicate
1087 714 80 75 with
1182 714 58 75 the

201 760 83 75 vena
298 760 198 75 temporalis,
521 760 62 75 and
599 760 79 75 with
696 760 71 75 that
779 760 72 75 vein
863 760 106 75 which
986 760 76 75 runs
1080 760 94 75 along
1187 760 55 75 the

207 806 102 75 tower
324 806 72 75 part
412 806 41 75 of
470 806 55 75 the
542 806 161 75 orbicular
718 806 130 75 mufcle.

248 853 77 75 The
342 853 153 75 pofterior
511 853 39 75 or
560 853 142 75 fuperior
713 853 148 75 external
875 853 130 75 jugular
1021 853 73 75 vein
1111 853 75 75 runs
1199 853 43 75 up

201 900 128 75 toward
345 900 55 75 the
417 900 125 75 parotid
559 900 110 75 gland,
694 900 63 75 and
778 900 99 75 lower
895 900 140 75 anterior
1050 900 72 75 part
1139 900 39 75 of
1185 900 56 75 the

204 947 73 75 eye,
302 947 110 75 giving
431 947 58 75 out
509 947 118 75 feveral
645 947 155 75 branches
818 947 132 75 towanf
957 947 78 75 each
1047 947 76 75 fide.

252 992 47 75 At
328 992 42 75 its
399 992 104 75 origin
531 992 26 75 it
584 992 92 75 fends
713 992 58 75 out
798 992 202 75 pofterioriy,
1036 992 19 75 a
1087 992 154 75 principal

203 1038 135 75 branch,
362 1038 80 75 with
458 1038 41 75 its
516 1038 240 75 ramifications,
781 1038 36 75 to
833 1038 57 75 the
905 1038 134 75 mufcles
1063 1038 105 75 which
1186 1038 54 75 co-

204 1084 56 75 ver
292 1084 56 75 the
376 1084 127 75 fcapula
527 1084 62 75 and
612 1084 86 75 joint
724 1084 41 75 of
784 1084 55 75 the
863 1084 165 75 humerus,
1053 1084 184 75 commonly

203 1132 105 75 called
324 1132 82 75 vena
421 1132 206 75 mufcularis,

252 1180 34 75 A
301 1180 84 75 little
401 1180 127 75 higher,
553 1180 26 75 it
596 1180 87 75 gives
701 1180 51 75 off
762 1180 56 75 the
834 1180 80 75 vena
930 1180 177 75 cervicalis,
1132 1180 107 75 which

205 1226 76 75 goes
298 1226 36 75 to
351 1226 54 75 the
422 1226 158 75 vertebral
599 1226 134 75 mufcles
746 1226 40 75 of
805 1226 56 75 the
878 1226 93 75 neck.

252 1271 89 75 Near
357 1271 56 75 the
429 1271 136 75 cervical
592 1271 85 75 vein,
703 1271 57 75 but
789 1271 18 75 a
823 1271 83 75 little
923 1271 89 75 more
1030 1271 158 75 outward,
1214 1271 25 75 it

202 1319 90 75 gives
308 1319 53 75 off
371 1319 178 75 fometimes
565 1319 56 75 the
637 1319 91 75 fmall
743 1319 81 75 vena
838 1319 174 75 cephalica,
1037 1319 107 75 which
1163 1319 76 75 runs

205 1365 94 75 down
317 1365 144 75 between
477 1365 55 75 the
549 1365 166 75 pe&oralis
732 1365 103 75 major
852 1365 63 75 and
930 1365 173 75 deltoides,
1128 1365 63 75 and
1204 1365 35 75 u-

204 1412 83 75 nites
304 1412 78 75 with
401 1412 56 75 the
472 1412 81 75 vena
568 1412 162 75 cephalica
745 1412 42 75 of
804 1412 57 75 the,
875 1412 80 75 arm.

252 1458 179 75 Backward
447 1458 25 75 it
489 1458 151 75 detaches
653 1458 56 75 the
721 1458 81 75 vena
813 1458 188 75 occipitalis,
1028 1458 106 75 which
1150 1458 26 75 is
1190 1458 49 75 di-

204 1505 153 75 flributed
372 1505 41 75 on
441 1505 55 75 the
520 1505 127 75 occiput
667 1505 10 75 ;
699 1505 26 75 it
747 1505 139 75 likewife
902 1505 92 75 fends
1022 1505 58 75 out
1105 1505 18 75 a
1149 1505 89 75 final!

204 1551 84 75 vein,
313 1551 106 75 which
435 1551 105 75 enters
557 1551 56 75 the
637 1551 142 75 cranium
795 1551 45 75 by
857 1551 55 75 the
929 1551 153 75 poftefior
1105 1551 133 75 maftoid

200 1599 91 75 hole,
316 1599 64 75 and
395 1599 185 75 terminates
605 1599 33 75 in
653 1599 62 75 one
732 1599 39 75 of
791 1599 56 75 the
863 1599 113 75 lateral
992 1599 114 75 finufes
1122 1599 42 75 of
1182 1599 56 75 the

206 1644 81 75 dura
303 1644 114 75 mater.

250 1690 130 75 Having
396 1690 137 75 reached
549 1690 33 75 as
607 1690 50 75 far
681 1690 34 75 as
740 1690 56 75 the
813 1690 127 75 parotid
961 1690 111 75 gland,
1096 1690 27 75 it
1138 1690 101 75 forms

204 1737 282 75 communications
503 1737 79 75 with
595 1737 56 75 the
663 1737 141 75 anterior
819 1737 146 75 external
978 1737 142 75 jugular,
1139 1737 102 75 under

206 1784 55 75 the
278 1784 92 75 angle
386 1784 41 75 of
445 1784 55 75 the
517 1784 100 75 lower
628 1784 88 75 jaw;
743 1784 63 75 and
821 1784 76 75 then
914 1784 98 75 palfes
1028 1784 141 75 through
1183 1784 57 75 the

202 1830 128 75 parotid
343 1830 110 75 gland,
479 1830 145 75 between
640 1830 71 75 that
739 1830 92 75 angle
848 1830 63 75 and
934 1830 57 75 the
1018 1830 148 75 condyle,
1190 1830 48 75 gi-

204 1877 75 75 ving
306 1877 53 75 off
377 1877 20 75 a
419 1877 88 75 large
533 1877 120 75 branch
676 1877 108 75 which
800 1877 246 75 communicates
1064 1877 79 75 with
1161 1877 76 75 ano-

204 1922 73 75 ther
291 1922 121 75 branch
428 1922 147 75 common
591 1922 36 75 to
643 1922 57 75 the
711 1922 135 75 internal
859 1922 63 75 and
938 1922 141 75 anterior
1091 1922 146 75 external

200 1970 159 75 jugulars.

250 2016 202 75 Afterwards
470 2016 25 75 it
511 2016 98 75 pafies
623 2016 110 75 before
749 2016 55 75 the
816 2016 66 75 ear,
908 2016 111 75 taking
1031 2016 56 75 the
1100 2016 90 75 name
1203 2016 40 75 of

203 2062 83 75 vena
303 2062 197 75 temporalis,
526 2062 105 75 which
656 2062 26 75 is
699 2062 189 75 diftributed
903 2062 35 75 to
955 2062 54 75 the
1026 2062 133 75 temples
1176 2062 63 75 and

204 2109 111 75 lateral
332 2109 86 75 parts
436 2109 40 75 of
498 2109 55 75 the
576 2109 98 75 head,
700 2109 139 75 towards
857 2109 56 75 the
929 2109 127 75 occiput
1073 2109 63 75 and
1153 2109 85 75 fore-

204 2154 95 75 head.

248 2202 78 75 The
340 2202 158 75 temporal
525 2202 72 75 vein
614 2202 42 75 of
674 2202 60 75 one
761 2202 63 75 fide
846 2202 261 75 communicates,
1124 2202 113 75 above,

203 2247 82 75 with
302 2247 41 75 its
360 2247 110 75 fellow
487 2247 40 75 on
540 2247 56 75 the
620 2247 93 75 other
731 2247 84 75 fide;
840 2247 125 75 before,
991 2247 78 75 with
1086 2247 56 75 the
1159 2247 80 75 vena

203 2294 149 75 frontalis
365 2294 10 75 ;
401 2294 63 75 and
479 2294 131 75 behind,
627 2294 79 75 with
721 2294 54 75 the
791 2294 81 75 vena
888 2294 187 75 occipitalis.
1124 2294 114 75 Oppo-

204 2341 56 75 fite
274 2341 37 75 to
329 2341 55 75 the
400 2341 66 75 ear,
491 2341 25 75 it
533 2341 87 75 gives
637 2341 58 75 out
711 2341 19 75 a
744 2341 88 75 large
849 2341 132 75 branch,
1006 2341 61 75 one
1083 2341 107 75 ramus
1203 2341 40 75 of

203 2387 107 75 which
327 2387 75 75 runs
426 2387 102 75 under
553 2387 55 75 the
631 2387 100 75 lower
755 2387 81 75 edge
864 2387 40 75 of
922 2387 56 75 the
1002 2387 150 75 zygoma,
1176 2387 63 75 and

202 2433 79 75 then
296 2433 178 75 returning,
499 2433 247 75 communicates
773 2433 79 75 with
881 2433 134 75 another
1031 2433 105 75 ramus
1153 2433 85 75 fro.m

203 2480 56 75 the
275 2480 83 75 fame
371 2480 169 75 jugularis,
565 2480 17 75 a
598 2480 85 75 little
699 2480 104 75 below
816 2480 54 75 the
888 2480 136 75 condyle
1040 2480 41 75 of
1092 2480 55 75 the
1156 2480 81 75 low-

203 2526 36 75 er
251 2526 78 75 jaw.

250 2572 129 75 Behind
393 2572 64 75 this
475 2572 148 75 condyle,
648 2572 26 75 it
691 2572 87 75 gives
794 2572 157 75 branches
963 2572 36 75 to
1011 2572 56 75 the
1080 2572 157 75 temporal

203 2619 130 75 mufcle,
359 2619 35 75 to
406 2619 55 75 the
477 2619 232 75 neighbouring
726 2619 87 75 parts
830 2619 40 75 of
890 2619 55 75 the
961 2619 101 75 upper
1071 2619 79 75 jaw,
1176 2619 63 75 and

205 2665 34 75 to
256 2665 54 75 the
326 2665 97 75 infide
440 2665 40 75 of
498 2665 55 75 the
569 2665 99 75 lower
679 2665 80 75 jaw.

251 2711 76 75 The
344 2711 134 75 internal
492 2711 130 75 jugular
647 2711 72 75 vein
734 2711 29 75 is
790 2711 55 75 the
860 2711 116 75 largcft
1003 2711 41 75 of
1064 2711 88 75 thofe
1168 2711 72 75 that

204 2757 41 75 go
261 2757 35 75 to
313 2757 55 75 the
384 2757 97 75 head.

252 2803 30 75 It
295 2803 73 75 runs
385 2803 42 75 up
444 2803 119 75 behind
587 2803 56 75 the
666 2803 318 75 fierno-maftoidaeus
1003 2803 60 75 and
1084 2803 151 75 omo-hy-

204 2850 131 75 otdscus,
351 2850 24 75 w
383 2850 74 75 hich
479 2850 27 75 it
522 2850 128 75 croffes,
686 2850 94 75 along
796 2850 56 75 the
863 2850 81 75 fides
961 2850 40 75 of
1014 2850 54 75 the
1083 2850 153 75 vertebnfc

203 2895 41 75 of
262 2895 56 75 the
334 2895 92 75 neck,
451 2895 44 75 by
511 2895 54 75 the
582 2895 81 75 edge
679 2895 42 75 of
739 2895 55 75 the
810 2895 115 75 longus
937 2895 87 75 colli,
1050 2895 35 75 to
1102 2895 55 75 the
1169 2895 66 75 fof-

202 2940 68 75 fula
285 2940 40 75 of
344 2940 55 75 the
415 2940 142 75 foramen
572 2940 141 75 lacerum
728 2940 42 75 of
789 2940 55 75 the
860 2940 79 75 bafis
957 2940 108 75 cranii.

249 2988 77 75 The
342 2988 65 75 fiift
423 2988 152 75 branches
592 2988 106 75 which
707 2988 25 75 it
749 2988 91 75 fends
857 2988 51 75 off
919 2988 53 75 are
992 2988 103 75 fmall,
1113 2988 62 75 and
1190 2988 44 75 go

1290 196 35 75 to
1353 196 56 75 the
1434 196 133 75 thyroid
1583 196 127 75 glands.
1759 196 113 75 About
1883 196 66 75 two
1960 196 116 75 fingers
2087 196 136 75 breadth
2232 196 94 75 high-

1289 242 35 75 er
1341 242 54 75 up,
1420 242 27 75 it
1462 242 150 75 detaches
1630 242 18 75 a
1665 242 222 75 middle-fized
1905 242 132 75 branch,
2062 242 106 75 which
2186 242 75 75 runs
2277 242 47 75 la-

1290 289 115 75 terally
1417 289 139 75 towards
1573 289 55 75 the
1644 289 128 75 larynx,
1799 289 63 75 and
1877 289 73 75 may
1968 289 39 75 be
2030 289 116 75 named

1290 336 136 75 turalis.

1336 382 85 75 This
1438 382 142 75 guttural
1597 382 73 75 vein
1686 382 123 75 divides
1830 382 114 75 chiefly
1956 382 69 75 into
2041 382 91 75 three
2148 382 176 75 branches;

1290 428 56 75 the
1361 428 110 75 lowelt
1487 428 41 75 of
1546 428 106 75 which
1668 428 78 75 goes
1766 428 34 75 to
1813 428 55 75 the
1889 428 131 75 thyroid
2032 428 96 75 gland
2141 428 63 75 and
2215 428 110 75 neigh-

1291 476 136 75 bouring
1443 476 133 75 mufcles
1589 476 11 75 ;
1627 476 56 75 the
1699 476 119 75 middle
1835 476 119 75 branch
1969 476 36 75 to
2017 476 54 75 the
2088 476 129 75 larynx,
2243 476 84 75 mu{-

1291 521 63 75 culi
1371 521 182 75 thyroidsei,
1580 521 65 75 <&c.
1671 521 63 75 and
1760 521 57 75 the
1841 521 88 75 third
1956 521 75 75 runs
2060 521 133 75 upward
2218 521 35 75 to
2270 521 56 75 the

1289 567 92 75 great
1397 567 268 75 communication
1681 567 144 75 between
1842 567 55 75 the
1913 567 66 75 two
1992 567 177 75 jugulates.

1337 613 114 75 About
1478 613 57 75 the
1559 613 84 75 fame
1667 613 138 75 diltance
1833 613 144 75 upward,
2003 613 110 75 almolt
2135 613 140 75 oppofite
2292 613 35 75 to

1291 661 55 75 the
1363 661 37 75 os
1416 661 150 75 hyoides,
1591 661 55 75 the
1662 661 137 75 internal
1807 661 131 75 jugular
1949 661 88 75 gives
2048 661 135 75 another
2194 661 131 75 branch,

1291 706 106 75 which
1413 706 92 75 fends
1519 706 78 75 rami
1614 706 35 75 to
1665 706 56 75 the
1744 706 134 75 muicles
1898 706 172 75 belonging
2087 706 35 75 to
2143 706 72 75 that
2231 706 95 75 bone,

1291 753 63 75 and
1370 753 109 75 others
1493 753 104 75 which
1610 753 232 75 communicate
1854 753 79 75 with
1946 753 56 75 the
2014 753 167 75 foregoing
2193 753 132 75 branch.

1290 800 86 75 This
1388 800 93 75 other
1498 800 120 75 branch
1634 800 74 75 runs
1726 800 133 75 upward
1874 800 126 75 toward
2016 800 55 75 the
2087 800 128 75 parotid
2228 800 99 75 gland

1291 847 62 75 and
1369 847 92 75 angle
1477 847 41 75 of
1536 847 55 75 the
1607 847 102 75 lower
1727 847 80 75 jaw,
1833 847 107 75 where
1956 847 27 75 it
2003 847 91 75 fends
2112 847 213 75 communica-

1290 892 68 75 ting
1374 892 154 75 branches
1544 892 142 75 forward
1705 892 63 75 and
1783 892 172 75 backward
1976 892 36 75 to
2027 892 56 75 the
2099 892 65 75 two
2180 892 146 75 external

1287 940 178 75 jugulares.

1337 986 78 75 The
1436 986 135 75 internal
1585 986 130 75 jugular
1738 986 91 75 fends
1853 986 134 75 another
2003 986 119 75 branch
2139 986 206 75 backward^

1291 1032 105 75 which
1421 1032 26 75 is
1472 1032 188 75 diftributed
1676 1032 34 75 to
1731 1032 55 75 the
1809 1032 140 75 occiput,
1974 1032 107 75 where
2105 1032 26 75 it
2150 1032 175 75 communi-

1292 1079 84 75 cates
1398 1079 80 75 with
1495 1079 19 75 a
1529 1079 119 75 branch
1665 1079 39 75 of
1716 1079 56 75 the
1787 1079 202 75 vertebralis,
2015 1079 76 75 and,
2109 1079 142 75 through
2269 1079 55 75 the

1291 1125 153 75 pofterior
1468 1125 133 75 maftoid
1616 1125 88 75 hole,
1729 1125 79 75 with
1833 1125 55 75 the
1904 1125 114 75 lateral
2032 1125 82 75 finus
2131 1125 42 75 of
2191 1125 57 75 the
2263 1125 60 75 du-

1291 1172 36 75 ra
1343 1172 113 75 mater.

1337 1219 203 75 Afterwards
1556 1219 27 75 it
1600 1219 130 75 reaches
1751 1219 56 75 the
1822 1219 145 75 foramen
1982 1219 138 75 lacerum
2136 1219 42 75 of
2195 1219 55 75 the
2267 1219 55 75 ba-

1290 1264 37 75 fis
1345 1264 111 75 cranii,
1482 1264 138 75 bending
1637 1264 18 75 a
1669 1264 98 75 little,
1792 1264 63 75 and
1871 1264 130 75 fending
2016 1264 53 75 off
2079 1264 89 75 fmall
2181 1264 93 75 twigs
2286 1264 37 75 to

1290 1311 54 75 the
1363 1311 148 75 pharynx
1523 1311 63 75 and
1597 1311 231 75 neighbouring
1844 1311 146 75 mufcles.

1336 1358 76 75 The
1427 1358 160 75 vertebral
1603 1358 72 75 rein
1695 1358 93 75 anfes
1813 1358 188 75 pofterioriy
2024 1358 85 75 from
2129 1358 55 75 the
2200 1358 121 75 fubcla-

1289 1403 52 75 via
1357 1403 37 75 or
1410 1403 156 75 axillaris,
1590 1403 181 75 fometimes
1788 1403 43 75 by
1847 1403 67 75 two
1933 1403 106 75 Items.

1336 1450 76 75 The
1427 1450 65 75 firll
1509 1450 62 75 and
1586 1450 153 75 principal
1759 1450 76 75 Item
1850 1450 88 75 gives
1958 1450 56 75 out
2031 1450 19 75 a
2061 1450 132 75 branch,
2219 1450 102 75 called

1290 1497 81 75 vena
1390 1497 183 75 cervicalis,
1598 1497 105 75 which
1721 1497 26 75 is
1765 1497 189 75 diftributed
1969 1497 35 75 to
2016 1497 56 75 the
2089 1497 233 75 neighbouring

1289 1544 145 75 mufcles,
1460 1544 63 75 and
1538 1544 187 75 afterwards
1742 1544 75 75 runs
1834 1544 43 75 up
1893 1544 140 75 through
2046 1544 54 75 the
2111 1544 91 75 holes
2214 1544 41 75 of
2265 1544 56 75 the

1290 1589 171 75 tranfverle
1477 1589 176 75 apopbyles
1668 1589 40 75 of
1727 1589 55 75 the
1803 1589 153 75 vertebrx
1974 1589 87 75 colli.

1337 1637 23 75 1
1372 1637 41 75 he
1428 1637 94 75 other
1538 1637 76 75 item
1631 1637 40 75 of
1689 1637 57 75 the
1772 1637 160 75 vertebral
1956 1637 72 75 vein
2056 1637 73 75 runs
2147 1637 42 75 up
2205 1637 42 75 on
2263 1637 56 75 the

1289 1684 63 75 fide
1369 1684 41 75 of
1419 1684 56 75 the
1492 1684 175 75 vertebras;
1695 1684 61 75 and
1772 1684 118 75 having
1908 1684 135 75 reached
2059 1684 55 75 the
2131 1684 123 75 fourth,
2280 1684 38 75 or

1289 1730 179 75 fometimes
1480 1730 128 75 higher,
1632 1730 25 75 it
1674 1730 75 75 runs
1765 1730 33 75 in
1815 1730 144 75 between
1981 1730 55 75 the
2053 1730 172 75 tranlverfe
2241 1730 77 75 apo-

1288 1776 113 75 phyles
1417 1776 41 75 of
1477 1776 70 75 that
1568 1776 147 75 vertebra
1730 1776 63 75 and
1821 1776 55 75 the
1891 1776 85 75 fifth,
2003 1776 34 75 to
2048 1776 70 75 join
2136 1776 55 75 the
2206 1776 64 75 firft
2282 1776 38 75 or

1286 1821 155 75 principal
1457 1821 89 75 Item.

1335 1868 96 75 Thus
1448 1868 56 75 the
1522 1868 157 75 vertebral
1696 1868 72 75 vein
1785 1868 218 75 accompanies
2016 1868 56 75 the
2088 1868 108 75 artery
2210 1868 41 75 of
2262 1868 57 75 the

1288 1914 83 75 fame
1384 1914 102 75 name,
1511 1914 178 75 fometimes
1706 1914 31 75 in
1754 1914 61 75 one
1826 1914 108 75 trunk,
1959 1914 180 75 fometimes
2156 1914 31 75 in
2199 1914 119 75 feveral

1288 1959 105 75 Items,
1412 1959 139 75 through
1562 1959 42 75 all
1622 1959 53 75 the
1684 1959 91 75 holes
1792 1959 40 75 of
1843 1959 55 75 the
1907 1959 172 75 tranfverle
2089 1959 172 75 apophyies
2278 1959 43 75 of

1288 2007 55 75 the
1359 2007 154 75 vertebras
1530 2007 89 75 colli,
1644 2007 43 75 all
1706 2007 56 75 the
1780 2007 70 75 way
1870 2007 35 75 to
1923 2007 55 75 the
1994 2007 92 75 great
2103 2007 141 75 foramen
2262 2007 54 75 oc-

1289 2053 138 75 cipitale,
1452 2053 267 75 communicating
1728 2053 78 75 with
1823 2053 54 75 the
1892 2053 148 75 occipital
2053 2053 88 75 veins
2153 2053 63 75 and
2227 2053 92 75 fmall

1288 2099 149 75 occipital
1455 2099 113 75 finufes
1584 2099 40 75 of
1643 2099 54 75 the
1713 2099 81 75 dura
1809 2099 115 75 mater.

1336 2146 37 75 In
1389 2146 42 75 its
1447 2146 123 75 palfage
1586 2146 25 75 it
1627 2146 87 75 gives
1727 2146 52 75 off
1797 2146 61 75 one
1873 2146 132 75 branch,
2031 2146 105 75 which
2153 2146 105 75 enters
2274 2146 44 75 by

1289 2194 56 75 the
1366 2194 340 75 polterior^ondyloid
1721 2194 74 75 hole
1807 2194 40 75 of
1858 2194 55 75 the
1926 2194 35 75 os
1978 2194 158 75 occipitis,
2154 2194 62 75 and
2228 2194 87 75 com-

1289 2240 173 75 municates
1478 2240 80 75 with
1574 2240 56 75 the
1649 2240 112 75 lateral
1777 2240 81 75 finus
1874 2240 41 75 of
1933 2240 55 75 the
2005 2240 80 75 dura
2107 2240 113 75 mater.

1335 2287 50 75 As
1404 2287 87 75 thefe
1507 2287 87 75 veins
1612 2287 57 75 run
1689 2287 140 75 through
1846 2287 55 75 the
1917 2287 89 75 hoks
2023 2287 33 75 in
2073 2287 54 75 the
2144 2287 173 75 tranfverfe

1288 2334 187 75 apophyfes,
1499 2334 77 75 they
1603 2334 77 75 lend
1704 2334 153 75 branches
1884 2334 140 75 forward
2045 2334 35 75 to
2096 2334 55 75 the
2178 2334 140 75 anterior

1288 2380 131 75 muicles
1436 2380 40 75 of
1494 2380 55 75 the
1564 2380 94 75 neck,
1683 2380 62 75 and
1757 2380 35 75 to
1804 2380 55 75 the
1875 2380 88 75 fmall
1976 2380 140 75 anterior
2132 2380 133 75 mufcles
2282 2380 40 75 of

1287 2428 55 75 the
1357 2428 96 75 head.

1336 2474 106 75 Other
1458 2474 153 75 branches
1628 2474 42 75 go
1695 2474 141 75 likewife
1853 2474 147 75 outward
2016 2474 61 75 and
2094 2474 171 75 backward
2280 2474 36 75 to

1288 2523 56 75 the
1369 2523 131 75 mufculi
1525 2523 220 75 tranfverfales
1766 2523 63 75 and
1851 2523 192 75 vertebrales
2067 2523 97 75 colli;
2190 2523 63 75 and
2268 2523 47 75 in-

1288 2568 89 75 ward
1388 2568 35 75 to
1430 2568 55 75 the
1501 2568 89 75 great
1607 2568 89 75 canal
1712 2568 40 75 of
1764 2568 54 75 the
1834 2568 99 75 fpinal
1946 2568 147 75 marrow,
2118 2568 106 75 where
2238 2568 78 75 they

1288 2615 84 75 form
1384 2615 125 75 finufes,
1533 2615 107 75 which
1652 2615 230 75 communicate
1897 2615 79 75 with
1992 2615 89 75 thofe
2097 2615 42 75 on
2150 2615 55 75 the
2221 2615 95 75 other

1287 2662 75 75 lide.

1334 2707 107 75 Thefe
1457 2707 159 75 vertebral
1634 2707 112 75 finufes
1763 2707 54 75 are
1841 2707 109 75 pretty
1965 2707 183 75 numerous,
2174 2707 63 75 and
2248 2707 66 75 pla-

1288 2755 58 75 ced
1363 2755 60 75 one
1439 2755 102 75 above
1568 2755 134 75 another
1726 2755 41 75 all
1790 2755 56 75 the
1871 2755 71 75 way
1962 2755 35 75 to
2012 2755 57 75 the
2085 2755 147 75 occiput;
2261 2755 54 75 the

1287 2801 99 75 lower
1403 2801 229 75 communicate
1665 2801 78 75 v/ith
1771 2801 56 75 the
1851 2801 117 75 upper;
1995 2801 63 75 and
2090 2801 31 75 at
2154 2801 54 75 the
2224 2801 90 75 great

1286 2847 143 75 foramen
1446 2847 40 75 of
1503 2847 55 75 the
1582 2847 35 75 os
1633 2847 145 75 occipitis
1794 2847 90 75 there
1900 2847 27 75 is
1944 2847 18 75 a
1978 2847 265 75 communication
2259 2847 55 75 be-

1272 2894 116 75 tween
1405 2894 88 75 them
1510 2894 62 75 and
1596 2894 54 75 the
1667 2894 145 75 occipital
1830 2894 113 75 finufes
1955 2894 40 75 of
2012 2894 54 75 the
2093 2894 81 75 dura
2200 2894 113 75 mater.

1331 2940 76 75 The
1423 2940 179 75 fubclavian
1627 2940 70 75 vein
1721 2940 118 75 having
1861 2940 68 75 fent
1956 2940 52 75 off
2026 2940 55 75 the
2097 2940 154 75 branches
2268 2940 45 75 al-

1283 2987 99 75 ready
1397 2987 177 75 defcribed,
1598 2987 77 75 goes
1691 2987 57 75 out
1776 2987 35 75 ox
1835 2987 55 75 the
1912 2987 131 75 thcrax,
2069 2987 59 75 and
2145 2987 97 75 palfes
2257 2987 56 75 be-

2241 3026 71 75 fore
