2483 3387
156 128 79 75 ยง38

608 128 43 75 A
729 128 36 75 R
843 128 18 75 I
939 128 38 75 T
1072 128 44 75 H
1192 128 49 75 M

156 195 41 75 ed
214 195 139 75 decimal
357 195 170 75 fraflions
539 195 8 75 :
572 195 66 75 and
654 195 151 75 fraftions
816 195 120 75 having
953 195 62 75 any
1031 195 96 75 other
1138 195 57 75 de-

156 243 182 75 nominator
354 243 54 75 are
424 243 105 75 called
545 243 120 75 vulgar
678 243 176 75 fradions.

212 291 28 75 1.
265 291 34 75 A
322 291 115 75 proper
453 291 136 75 fradtion
615 291 27 75 is
669 291 73 75 that
769 291 106 75 whofe
891 291 186 75 numerator
1092 291 27 75 is
1135 291 60 75 lefs

157 336 77 75 than
252 336 41 75 its
309 336 236 75 denominator,
570 336 64 75 and
649 336 230 75 confequently
901 336 28 75 is
956 336 33 75 in
1016 336 93 75 value
1135 336 60 75 lefs

157 384 78 75 than
252 384 113 75 unity;
392 384 34 75 as
443 384 35 75 y.

209 433 33 75 2.
269 433 53 75 An
341 433 162 75 improper
520 433 131 75 fradtion
669 433 27 75 is
712 433 72 75 that
800 433 107 75 whofe
924 433 185 75 numerator
1124 433 25 75 is
1163 433 33 75 e-

158 477 77 75 qual
254 477 33 75 to
302 477 39 75 or
357 477 126 75 greater
499 477 77 75 than
593 477 42 75 its
651 477 243 75 denominator;
914 477 62 75 and
987 477 210 75 confequent-

157 525 36 75 ly
208 525 26 75 is
251 525 33 75 in
299 525 93 75 value
408 525 96 75 equal
519 525 37 75 to
573 525 36 75 or
626 525 126 75 greater
765 525 78 75 than
862 525 39 75 an
918 525 89 75 unit;
1033 525 34 75 as
1136 525 37 75 -f.

210 573 32 75 3.
267 573 35 75 A
325 573 107 75 fimple
450 573 134 75 fradtion
601 573 26 75 is
645 573 70 75 that
732 573 103 75 which
853 573 58 75 has
928 573 58 75 but
1008 573 61 75 one
1086 573 111 75 nume-

158 618 102 75 rator,
286 618 61 75 and
363 618 62 75 one
440 618 243 75 denominator;
709 618 64 75 and
796 618 74 75 may
894 618 40 75 be
956 618 104 75 either
1081 618 116 75 proper

158 666 39 75 or
216 666 161 75 improper
392 666 11 75 ;
430 666 34 75 as
483 666 25 75 ^
523 666 37 75 or

209 714 35 75 4.
268 714 35 75 A
331 714 181 75 compound
538 714 134 75 fradtion
695 714 28 75 is
750 714 94 75 made
861 714 43 75 up
920 714 41 75 of
971 714 66 75 two
1053 714 38 75 or
1106 714 90 75 more

158 761 107 75 fimple
283 761 164 75 fradtions,
472 761 138 75 coupled
636 761 149 75 together
813 761 80 75 with
916 761 57 75 the
1000 761 135 75 particle
1149 761 46 75 of,

158 807 65 75 and
239 807 26 75 is
283 807 18 75 a
317 807 134 75 fradtion
467 807 41 75 of
519 807 19 75 a
553 807 156 75 fradtion;
737 807 34 75 as
787 807 25 75 y
823 807 40 75 bf
929 807 37 75 or
981 807 17 75 -i
998 807 9 75 -
1017 807 41 75 of
1068 807 25 75 y
1108 807 40 75 of

210 854 32 75 5.
266 854 33 75 A
316 854 85 75 mixt
417 854 135 75 number
567 854 125 75 confifts
709 854 40 75 of
764 854 40 75 an
819 854 138 75 integer,
981 854 63 75 and
1067 854 19 75 a
1112 854 85 75 frac-

158 900 68 75 tion
240 900 113 75 joined
370 900 79 75 with
466 900 50 75 it;
544 900 33 75 as

206 949 141 75 Becaufe
362 949 34 75 in
413 949 78 75 moft
508 949 85 75 cafes
617 949 152 75 fradlions
797 949 59 75 can
879 949 125 75 neither
1027 949 41 75 be
1092 949 107 75 added

157 995 62 75 nor
234 995 193 75 fubtradted,
453 995 50 75 till
525 995 79 75 they
627 995 40 75 be
687 995 155 75 reduced,
866 995 50 75 we
938 995 97 75 begin
1052 995 79 75 with
1145 995 53 75 re-

156 1042 144 75 dudtion.

373 1124 177 75 Ttedudion
574 1124 44 75 of
630 1124 130 75 Vulgar
784 1124 183 75 Fraflions.

203 1191 184 75 Problem
413 1191 32 75 I.
492 1191 59 75 To
566 1191 118 75 reduce
708 1191 39 75 an
770 1191 161 75 improper
949 1191 136 75 fradtion
1102 1191 35 75 to
1154 1191 39 75 an

156 1238 137 75 integer,
318 1238 38 75 or
371 1238 85 75 mixt
471 1238 147 75 number.

206 1285 124 75 Rule.
379 1285 121 75 Divide
516 1285 56 75 the
596 1285 184 75 numerator
805 1285 44 75 by
876 1285 56 75 the
959 1285 235 75 denominator,

156 1333 58 75 the
237 1333 81 75 quot
333 1333 89 75 gives
438 1333 139 75 integers
589 1333 10 75 ;
638 1333 63 75 and
716 1333 56 75 the
789 1333 191 75 remainder,
1005 1333 31 75 if
1047 1333 93 75 there
1155 1333 41 75 be

157 1380 74 75 any,
256 1380 113 75 placed
391 1380 77 75 over
484 1380 56 75 the
556 1380 118 75 divifor
698 1380 37 75 or
763 1380 235 75 denominator,
1023 1380 89 75 gives
1139 1380 57 75 the

158 1427 134 75 fradtion
307 1427 34 75 to
358 1427 39 75 be
414 1427 159 75 annexed.
585 1469 64 75 Ex
661 1469 21 75 A
696 1469 25 75 m
736 1469 48 75 pl
798 1469 19 75 E
832 1469 33 75 s.

207 1523 32 75 X.
267 1523 61 75 *35
340 1523 37 75 =
387 1523 43 75 85
451 1523 155 75 integers,
631 1523 92 75 there
741 1523 96 75 being
854 1523 43 75 no
912 1523 194 75 remainder.

206 1582 33 75 2.
269 1564 17 49 4
286 1582 27 75 *.
313 1564 19 49 7
332 1582 45 75 =
396 1582 79 75 544-,
501 1582 57 75 the
575 1582 178 75 remainder
772 1582 96 75 being
890 1582 33 75 5.

205 1634 33 75 3.

367 1634 37 75 =
416 1634 109 75 98^-y,
550 1634 56 75 the
623 1634 179 75 remainder
824 1634 96 75 being
940 1634 54 75 10.

204 1703 34 75 4-
269 1703 91 75 *ttt
360 1685 64 49 <S=
439 1685 12 49 l
451 1703 51 75 Ti
527 1703 63 75 tV>
614 1703 55 75 the
686 1703 178 75 remainder
879 1703 96 75 being
991 1703 58 75 48.

201 1746 123 75 Prob.
349 1746 48 75 II.
445 1746 57 75 To
519 1746 117 75 reduce
652 1746 18 75 a
686 1746 84 75 mixt
780 1746 136 75 number
931 1746 36 75 to
983 1746 40 75 an
1034 1746 161 75 improper

156 1793 148 75 fradtion.

204 1839 125 75 Rule.
378 1839 159 75 Multiply
553 1839 56 75 the
624 1839 123 75 integer
763 1839 45 75 by
824 1839 56 75 the
896 1839 241 75 denominator;
1156 1839 37 75 to

156 1888 57 75 the
229 1888 134 75 produdt
384 1888 65 75 add
476 1888 56 75 the
560 1888 203 75 numerator:
791 1888 76 75 The
883 1888 67 75 fum
965 1888 28 75 is
1010 1888 56 75 the
1082 1888 110 75 nume-

144 1934 101 75 ,rator
261 1934 106 75 of'the
382 1934 162 75 improper
565 1934 156 75 fradtion;
747 1934 65 75 and
838 1934 56 75 the
920 1934 224 75 denominator
1165 1934 27 75 is

157 1982 55 75 the
229 1982 84 75 fame
329 1982 33 75 as
378 1982 124 75 before.
536 2022 277 75 Examples.

257 2089 31 75 1.
315 2089 121 75 54b-=
448 2071 19 49 4
467 2089 28 75 1
495 2071 20 49 7
533 2089 11 75 ;
579 2071 51 49 for
659 2089 120 75 54X8
792 2089 37 75 =
840 2089 67 75 432

838 2133 37 75 +
892 2133 15 75 5

618 2217 199 75 Numerator
842 2217 68 75 437

255 2282 33 75 2.
315 2282 140 75 98^1=
470 2282 68 75 HI
538 2264 20 49 1
558 2282 28 75 ;
613 2282 52 75 for
690 2282 43 75 98
749 2282 30 75 X
796 2282 90 75 14=
907 2282 88 75 1372

896 2328 37 75 +
955 2328 42 75 10

681 2414 199 75 Numerator
907 2414 87 75 1382

206 2467 120 75 Pros.
352 2467 68 75 III.
468 2467 58 75 To
542 2467 116 75 reduce
674 2467 19 75 a
709 2467 105 75 whole
830 2467 135 75 number
981 2467 35 75 to
1027 2467 20 75 a
1062 2467 134 75 fradtion

160 2516 41 75 of
212 2516 18 75 a
244 2516 94 75 given
355 2516 235 75 denominator.

208 2560 124 75 Rule.
381 2560 157 75 Multiply
556 2560 55 75 the
628 2560 105 75 whole
746 2560 135 75 number
896 2560 45 75 by
957 2560 56 75 the
1030 2560 92 75 given
1139 2560 56 75 de-

160 2606 201 75 nominator;
388 2606 62 75 and
467 2606 89 75 place
573 2606 54 75 the
644 2606 134 75 produdt
802 2606 42 75 by
869 2606 70 75 way
957 2606 39 75 of
1013 2606 184 75 numerator

160 2655 78 75 over
255 2655 54 75 the
326 2655 92 75 given
439 2655 233 75 denominator.

536 2702 279 75 Examples.

213 2764 30 75 1.
268 2764 135 75 Reduce
421 2764 20 75 9
454 2764 35 75 to
507 2764 18 75 a
543 2764 132 75 fradtion
694 2764 105 75 whofe
813 2764 239 75 denomination
1068 2764 26 75 is
1114 2764 34 75 5.

367 2810 209 75 9X5=45;
602 2810 106 75 fotbe
725 2810 134 75 fradtion
876 2810 26 75 is
923 2810 57 75 ^.

210 2859 33 75 2.
268 2859 136 75 Reduce
422 2859 43 75 36
481 2859 36 75 to
529 2859 18 75 a
559 2859 133 75 fradtion
710 2859 104 75 whofe
829 2859 222 75 denominator
1065 2859 29 75 is
1112 2859 35 75 4.

324 2903 42 75 36
380 2903 30 75 X
424 2903 21 75 4
455 2903 38 75 =
507 2903 67 75 144
585 2903 12 75 ;
623 2903 34 75 fo
679 2903 56 75 the
751 2903 132 75 fradtion
902 2903 26 75 is

210 2948 32 75 3.
269 2948 134 75 Reduce
421 2948 20 75 8
461 2948 34 75 to
512 2948 17 75 a
544 2948 134 75 .fradtion
696 2948 106 75 whofe
814 2948 222 75 denominator
1050 2948 29 75 is
1103 2948 30 75 1.

386 2996 203 75 8X1=8;
615 2996 35 75 fo
665 2996 57 75 the
737 2996 134 75 fradtion
886 2996 28 75 is

1317 132 34 75 E
1430 132 39 75 T
1547 132 18 75 I
1644 132 36 75 C
1759 132 51 75 K.

1291 197 77 75 The
1386 197 108 75 reafon
1512 197 41 75 of
1564 197 56 75 the
1637 197 68 75 rule
1721 197 133 75 appears
1881 197 46 75 by
1941 197 159 75 reverfing
2126 197 57 75 the
2205 197 75 75 ope-

1244 243 124 75 ration;
1395 243 52 75 for
1475 243 31 75 if
1528 243 56 75 the
1601 243 184 75 numerator
1802 243 40 75 be
1857 243 132 75 divided
2006 243 42 75 by
2064 243 57 75 the
2137 243 143 75 denomi-

1245 289 104 75 nator,
1375 289 26 75 it
1418 289 67 75 will
1502 289 81 75 quot
1600 289 56 75 the
1672 289 135 75 integer,
1833 289 41 75 or
1889 289 107 75 whole
2011 289 146 75 number.

1293 338 120 75 Pros.
1440 338 65 75 IV.
1552 338 58 75 To
1620 338 121 75 reduce
1760 338 20 75 a
1795 338 183 75 compound
1988 338 134 75 fradtion
2135 338 35 75 to
2182 338 20 75 a
2213 338 70 75 fim-

1243 383 53 75 ple
1311 383 75 75 one.

1291 431 126 75 Rule.
1466 431 160 75 Multiply
1641 431 56 75 the
1720 431 200 75 numerators
1937 431 201 75 continually
2151 431 54 75 for
2228 431 57 75 the

1244 478 185 75 numerator
1444 478 40 75 of
1495 478 56 75 the
1567 478 109 75 fimple
1693 478 135 75 fradtion
1836 478 11 75 ;
1866 478 63 75 and
1946 478 149 75 multiply
2112 478 55 75 the
2183 478 99 75 deno-

1244 526 153 75 minators
1415 526 198 75 continually
1627 526 53 75 for
1696 526 42 75 its
1754 526 233 75 denominator.

1626 615 99 75 Exa
1739 615 26 75 m
1780 615 48 75 pl
1842 615 18 75 e
1877 615 34 75 s.

1243 686 114 75 Fx.i.
1411 686 114 75 *of-ยฃ
1536 686 37 75 =
1582 686 34 75 -r'
1616 718 18 49 r
1634 686 12 75 .

1805 686 65 75 Ex,
1885 686 35 75 2.
1938 686 6 75 โ
1968 686 26 75 4
2005 686 41 75 of
2054 686 27 75 y
2091 686 40 75 of
2142 686 25 75 d
2176 686 37 75 =

1290 745 97 75 Cor.
1437 745 98 75 From
1552 745 66 75 this
1634 745 145 75 problem
1796 745 74 75 may
1886 745 41 75 be
1944 745 146 75 deduced
2106 745 19 75 a
2148 745 136 75 method

1245 792 40 75 of
1296 792 153 75 reducing
1465 792 20 75 a
1501 792 135 75 fradtion
1652 792 40 75 of
1711 792 19 75 a
1752 792 92 75 lefier
1860 792 241 75 denomination
2118 792 36 75 to
2169 792 19 75 a
2198 792 84 75 frac-

1245 838 68 75 tion
1325 838 41 75 of
1377 838 18 75 a
1411 838 128 75 greater
1553 838 241 75 denomination
1809 838 9 75 ;
1847 838 140 75 namely.

1292 885 99 75 Form
1408 885 18 75 a
1443 885 181 75 compound
1647 885 149 75 fradtion,
1821 885 44 75 by
1893 885 185 75 comparing
2104 885 58 75 the
2189 885 95 75 given

1245 932 133 75 fradtion
1395 932 81 75 with
1498 932 56 75 the
1573 932 142 75 fuperior
1730 932 280 75 denominations;
2037 932 64 75 and
2127 932 77 75 then
2233 932 50 75 re-

1243 980 83 75 duce
1342 980 56 75 the
1415 980 182 75 compound
1611 980 136 75 fradtion
1770 980 36 75 to
1822 980 19 75 a
1856 980 107 75 fimple
1979 980 73 75 one.

1624 1060 277 75 Examples.

1295 1123 32 75 1.
1351 1123 106 75 What
1473 1123 134 75 fradtion
1625 1123 40 75 of
1675 1123 20 75 a
1711 1123 109 75 pound
1838 1123 143 75 Sterling
1995 1123 27 75 is
2035 1123 76 75 ^of
2122 1123 19 75 a
2151 1123 129 75 penny?

1432 1169 70 75 โข^d.
1527 1169 26 75 is
1571 1169 25 75 ^
1611 1169 40 75 of
1661 1201 24 49 T

1685 1151 7 49 r

1692 1201 17 49 T
1728 1169 41 75 of
1778 1169 103 75 y^-L.

1291 1227 34 75 2.
1351 1227 106 75 What
1477 1227 135 75 fradtion
1630 1227 39 75 of
1681 1227 18 75 a
1720 1227 43 75 C.
1777 1227 26 75 is
1860 1227 41 75 of
1911 1227 19 75 a
1947 1227 108 75 pound
2067 1227 13 75 ?

1432 1281 24 75 T
1465 1281 48 75 18.
1531 1281 26 75 is
1575 1281 8 75 -
1583 1281 16 75 J-
1615 1281 40 75 Of
1667 1281 49 75 vy

1848 1281 7 75 -
1865 1263 37 49 =
1912 1281 122 75 yyyC.

1289 1339 121 75 Prob.
1422 1339 48 75 V.
1517 1339 58 75 To
1587 1339 117 75 reduce
1720 1339 20 75 a
1756 1339 134 75 fradtion
1907 1339 42 75 of
1959 1339 19 75 a
1994 1339 127 75 greater
2136 1339 143 75 denomi-

1244 1385 109 75 nation
1370 1385 36 75 to
1426 1385 19 75 a
1461 1385 135 75 fradtion
1613 1385 41 75 of
1665 1385 19 75 a
1698 1385 91 75 lefler
1809 1385 252 75 denomination.

1291 1432 126 75 Rule.
1463 1432 158 75 Multiply
1637 1432 56 75 the
1709 1432 184 75 numerator
1908 1432 42 75 of
1960 1432 56 75 the
2028 1432 93 75 given
2132 1432 149 75 fradtion,

1244 1479 32 75 as
1292 1479 33 75 in
1343 1479 164 75 redudtion
1522 1479 41 75 of
1574 1479 141 75 integers
1731 1479 193 75 defcending
1937 1479 11 75 ;
1986 1479 63 75 and
2065 1479 57 75 the
2144 1479 137 75 produdt

1242 1526 27 75 is
1287 1526 56 75 the
1360 1526 196 75 numerator,
1580 1526 36 75 to
1643 1526 39 75 be
1705 1526 115 75 placed
1834 1526 78 75 over
1928 1526 56 75 the
1999 1526 223 75 denominator
2246 1526 41 75 of

1246 1574 54 75 the
1315 1574 93 75 given
1424 1574 148 75 fradtion.
1620 1626 132 75 Exam
1765 1626 19 75 p
1797 1626 19 75 l
1830 1626 19 75 e
1867 1626 32 75 s.

1295 1697 30 75 1.
1350 1697 107 75 What
1473 1697 134 75 fradtion
1624 1697 41 75 of
1676 1697 19 75 a
1711 1697 126 75 {hilling
1852 1697 27 75 is
1897 1697 25 75 ^
1940 1697 40 75 of
1991 1697 19 75 a
2025 1697 110 75 pound
2146 1697 13 75 ?

1290 1745 101 75 Here,
1417 1745 34 75 as
1479 1745 33 75 in
1539 1745 164 75 redudtion
1731 1745 203 75 defcending,
1959 1745 149 75 multiply
2137 1745 56 75 the
2220 1745 59 75 nu-

1241 1791 139 75 merator
1399 1791 17 75 3
1436 1791 44 75 by
1497 1791 59 75 20,
1580 1791 133 75 becaufe
1731 1791 46 75 20
1792 1791 141 75 {hillings
1949 1791 93 75 make
2059 1791 18 75 a
2092 1791 134 75 pound;
2245 1791 33 75 as

1240 1837 113 75 under.

1587 1885 42 75 z.

1588 1945 17 75 3
1622 1945 30 75 *
1663 1945 48 75 19
1721 1945 36 75 โ
1838 1945 137 75 {hilling.

1587 1993 20 75 4

1290 2040 32 75 2.
1347 2040 106 75 What
1469 2040 135 75 fradtion
1627 2040 40 75 of
1687 2040 20 75 a
1729 2040 105 75 penny
1849 2040 27 75 is
1892 2040 25 75 f
1930 2040 43 75 L.
1988 2040 13 75 ?

1589 2083 40 75 Z.

1590 2130 20 75 4
1625 2130 30 75 X
1670 2130 44 75 20
1727 2130 30 75 X
1776 2130 39 75 12
1827 2130 38 75 _
1879 2130 41 75 05
1927 2130 18 75 0
1957 2130 23 75 J

1592 2194 16 75 5

1898 2176 26 49 7

1289 2243 76 75 The
1389 2243 109 75 reafon
1515 2243 41 75 of
1570 2243 65 75 this
1652 2243 69 75 rule
1738 2243 65 75 will
1821 2243 116 75 appear
1949 2243 44 75 by
2009 2243 180 75 obferving,
2206 2243 73 75 that

1242 2289 96 75 every
1361 2289 133 75 fradtion
1512 2289 73 75 may
1612 2289 40 75 be
1675 2289 182 75 confidered
1874 2289 32 75 in
1924 2289 66 75 two
2005 2289 111 75 views.
2165 2289 109 75 Thus,

1283 2336 72 75 may
1372 2336 103 75 either
1491 2336 39 75 be
1547 2336 183 75 confidered
1746 2336 33 75 as
1803 2336 176 75 exprelfing
1995 2336 91 75 three
2097 2336 128 75 fourths
2242 2336 41 75 of

1242 2383 60 75 one
1319 2383 82 75 unit,
1425 2383 39 75 or
1480 2383 33 75 as
1530 2383 154 75 denoting
1703 2383 56 75 the
1780 2383 113 75 fourth
1916 2383 72 75 part
2012 2383 41 75 of
2069 2383 91 75 three
2177 2383 99 75 units.

1243 2430 100 75 Now,
1368 2430 30 75 if
1411 2430 54 75 the
1481 2430 68 75 unit
1566 2430 40 75 be
1630 2430 18 75 a
1672 2430 107 75 pound
1808 2430 155 75 Sterling,
1989 2430 56 75 the
2072 2430 147 75 fradtion,
2243 2430 34 75 in

1241 2479 56 75 the
1325 2479 97 75 latter
1453 2479 94 75 view,
1573 2479 67 75 will
1667 2479 118 75 denote
1807 2479 57 75 the
1892 2479 111 75 fourth
2030 2479 71 75 part
2125 2479 41 75 of
2184 2479 92 75 three

1242 2524 146 75 pounds;
1416 2524 59 75 and
1505 2524 43 75 by
1576 2524 154 75 reducing
1753 2524 57 75 the
1833 2524 183 75 numerator
2039 2524 44 75 L.
2100 2524 17 75 3
2145 2524 35 75 to
2203 2524 72 75 {hil-

1242 2569 94 75 lings,
1363 2569 48 75 we
1427 2569 82 75 have
1579 2569 16 75 s
1624 2569 10 75 ;
1660 2569 63 75 and
1743 2569 93 75 again
1852 2569 154 75 reducing
2023 2569 45 75 60
2084 2569 140 75 {hillings
2241 2569 35 75 to

1241 2616 110 75 pence,
1377 2616 47 75 we
1441 2616 81 75 have
1544 2598 13 49 7
1557 2616 29 75 -|
1586 2598 21 49 0
1622 2616 34 75 d.
1681 2616 93 75 equal
1792 2616 36 75 to
1904 2616 26 75 s.
1957 2616 38 75 or
2012 2616 35 75 to
2066 2616 79 75 ยฃL.

1289 2662 117 75 Prob.
1431 2662 64 75 VI.
1543 2662 58 75 To
1617 2662 66 75 find
1700 2662 55 75 the
1770 2662 93 75 value
1879 2662 41 75 of
1935 2662 18 75 a
1970 2662 146 75 fradtion.

1289 2710 122 75 Rule.
1462 2710 134 75 Reduce
1612 2710 56 75 the
1684 2710 183 75 numerator
1894 2710 36 75 to
1954 2710 55 75 the
2036 2710 79 75 next
2143 2710 133 75 inferior

1242 2756 236 75 denomination
1493 2756 10 75 ;
1523 2756 107 75 divide
1646 2756 44 75 by
1702 2756 56 75 the
1769 2756 245 75 denominator;
2033 2756 62 75 and
2109 2756 55 75 the
2181 2756 95 75 quot,

1240 2803 31 75 if
1286 2803 133 75 nothing
1436 2803 131 75 remain,
1593 2803 27 75 is
1637 2803 55 75 the
1708 2803 92 75 value
1820 2803 171 75 complete.

1290 2850 36 75 If
1337 2850 91 75 there
1445 2850 39 75 be
1504 2850 60 75 any
1590 2850 190 75 remainder,
1805 2850 25 75 it
1854 2850 27 75 is
1904 2850 56 75 the
1987 2850 185 75 numerator
2198 2850 41 75 of
2256 2850 20 75 a

1240 2895 133 75 fradtion
1392 2895 106 75 whofe
1514 2895 223 75 denominator
1760 2895 27 75 is
1812 2895 55 75 the
1892 2895 131 75 divifor.
2079 2895 27 75 T
2115 2895 50 75 his
2190 2895 84 75 frac-

1240 2943 68 75 tion
1327 2943 76 75 may
1420 2943 102 75 either
1542 2943 40 75 be
1598 2943 147 75 annexed
1760 2943 35 75 to
1812 2943 55 75 the
1884 2943 161 75 quotient,
2070 2943 37 75 or
2134 2943 142 75 reduced

1240 2991 34 75 to
1291 2991 105 75 value,
1420 2991 31 75 if
1464 2991 91 75 there
1571 2991 41 75 be
1634 2991 62 75 any
1715 2991 98 75 lower
1833 2991 250 75 denomination.
2119 3033 153 75 Examp.
