2396 3377
576 149 41 75 A

762 149 35 75 L

944 149 41 75 G

94 218 71 75 ties,
190 218 155 75 exprefles
363 218 55 75 the
434 218 149 75 quotient
599 218 41 75 of
657 218 56 75 the
729 218 122 75 former
864 218 131 75 divided
1010 218 44 75 by
1070 218 56 75 the

92 270 111 75 latter.
249 270 109 75 Thus,
382 270 72 75 a-\-
469 270 20 75 b
502 270 39 75 -r-
555 270 21 75 a
584 270 48 75 —
642 270 64 75 xis
723 270 55 75 the
790 270 145 75 quotient
951 270 41 75 oi
1001 270 23 75 a
1092 270 31 75 b,

92 317 130 75 divided
237 317 42 75 by
290 317 22 75 a
327 317 49 75 —
391 317 33 75 x.

278 426 162 75 Chap.
470 426 50 75 V.
579 426 364 75 0/'Fractions.

137 502 41 75 In
193 502 55 75 the
259 502 57 75 laft
328 502 131 75 chapter
476 502 25 75 it
517 502 65 75 was
599 502 78 75 faid,
695 502 70 75 that
782 502 55 75 the
850 502 147 75 quotient
1009 502 41 75 of
1060 502 63 75 any

90 548 150 75 quantity
255 548 34 75 a,
314 548 132 75 divided
469 548 45 75 by
529 548 30 75 b,
584 548 27 75 is
635 548 165 75 exprelfed
823 548 44 75 by
891 548 127 75 placing
1040 548 21 75 a
1086 548 34 75 a-

91 621 81 75 bove
195 621 18 75 a
233 621 90 75 fmall
345 621 76 75 line,
446 621 64 75 and
530 621 19 75 b
573 621 101 75 under
694 621 39 75 it,
758 621 87 75 thus,
869 621 62 75 —.
1011 621 111 75 Thefe

887 646 17 75 0

90 693 164 75 quotients
266 693 54 75 are
336 693 66 75 alfo
413 693 104 75 called
530 693 190 75 frattivns;
746 693 63 75 and
825 693 56 75 the
896 693 163 75 dividend,
1084 693 38 75 or

91 738 149 75 quantity
263 738 114 75 placed
400 738 100 75 above
522 738 54 75 the
598 738 76 75 line,
699 738 27 75 is
743 738 104 75 called
862 738 55 75 the
933 738 190 75 numerator

90 785 41 75 of
148 785 55 75 the
219 785 146 75 fraction,
390 785 63 75 and
469 785 54 75 the
547 785 128 75 divifor,
701 785 38 75 or
762 785 149 75 quantity
926 785 113 75 placed
1062 785 59 75 un-

90 830 59 75 der
164 830 56 75 the
235 830 76 75 line,
336 830 26 75 is
379 830 103 75 called
498 830 56 75 the
570 830 234 75 denominator,

139 877 24 75 “
188 877 37 75 If
244 877 55 75 the
315 877 185 75 numerator
514 877 41 75 of
574 877 19 75 a
608 877 133 75 fradion
766 877 40 75 be
830 877 95 75 equal
942 877 35 75 to
994 877 54 75 the
1065 877 56 75 de-

92 922 24 75 “
140 922 192 75 nominator,
349 922 77 75 then
443 922 56 75 the
515 922 135 75 fradion
666 922 26 75 is
709 922 96 75 equal
822 922 35 75 to
873 922 103 75 unity.
1011 922 110 75 Thus,

92 995 25 75 “
209 995 63 75 and
287 995 51 75 —
362 995 54 75 are
440 995 95 75 equal
557 995 36 75 to
616 995 82 75 unit.
753 995 38 75 If
809 995 56 75 the
888 995 183 75 numerator
1095 995 26 75 is

92 1067 25 75 *?
140 1067 126 75 greater
293 1067 78 75 than
398 1067 55 75 the
479 1067 232 75 denominator,
749 1067 77 75 then
854 1067 55 75 the
933 1067 135 75 fradion
1095 1067 27 75 is

91 1112 25 75 “
141 1112 127 75 greater
282 1112 78 75 than
376 1112 108 75 unit.”
531 1112 38 75 In
587 1112 78 75 both
682 1112 88 75 thefe
794 1112 97 75 cafes,
918 1112 54 75 the
988 1112 135 75 fradion

90 1159 27 75 is
133 1159 104 75 called
254 1159 170 75 improper.
472 1159 68 75 But
557 1159 24 75 “
598 1159 32 75 if
649 1159 54 75 the
720 1159 184 75 numerator
920 1159 26 75 is
968 1159 60 75 lels
1044 1159 76 75 than

91 1207 25 75 “
140 1207 56 75 the
212 1207 233 75 denominator,
469 1207 78 75 then
563 1207 55 75 the
634 1207 135 75 fradion
784 1207 26 75 is
835 1207 60 75 lefs
921 1207 78 75 than
1015 1207 106 75 unit,”

90 1278 63 75 and
167 1278 28 75 is
211 1278 104 75 called
333 1278 130 75 proper.
516 1278 110 75 Thus,
725 1278 28 75 is
783 1278 38 75 an
849 1278 161 75 improper
1035 1278 85 75 frac-

90 1375 88 75 tion;
204 1375 270 75 but-3-and-j-
506 1375 53 75 are
591 1375 117 75 proper
738 1375 163 75 fradions.
972 1375 35 75 A
1038 1375 84 75 mixt

91 1447 147 75 quantity
254 1447 26 75 is
296 1447 71 75 that
384 1447 149 75 whereof
552 1447 60 75 one
628 1447 71 75 part
715 1447 27 75 is
765 1447 39 75 an
826 1447 125 75 integer
951 1479 12 49 t
988 1447 64 75 and
1067 1447 55 75 the

60 1494 4 104 ■
90 1520 94 75 other
200 1520 19 75 a
231 1520 165 75 frattion.
445 1520 49 75 As
514 1520 17 75 3
558 1520 51 75 -j-
624 1520 63 75 and
705 1520 18 75 5
816 1520 63 75 and
893 1520 21 75 a
931 1520 38 75 -1-

373 1641 374 75 PROBLEM
795 1641 30 75 I.

137 1710 45 75 To
200 1710 116 75 reduce
330 1710 23 75 «
376 1710 42 75 M
431 1710 11 75 1
455 1710 25 75 x
492 1710 24 75 t
543 1710 148 75 quantity
707 1710 7 75 /
714 1710 26 75 <?
755 1710 44 75 «»
816 1710 17 75 I
842 1710 26 75 m
881 1710 17 75 p
913 1710 20 75 a
946 1710 21 75 o
980 1710 17 75 P
1011 1710 18 75 E
1044 1710 21 75 R

468 1757 272 75 Fraction.

89 1826 124 75 Rule.
261 1826 158 75 Multiply
434 1826 56 75 the
505 1826 72 75 part
593 1826 69 75 that
684 1826 28 75 is
729 1826 39 75 an
783 1826 124 75 integer
923 1826 44 75 by
982 1826 55 75 the
1057 1826 56 75 de-

137 1873 179 75 nominator
332 1873 40 75 of
391 1873 55 75 the
465 1873 164 75 fradional
652 1873 92 75 part;
772 1873 60 75 and
850 1873 34 75 to
901 1873 54 75 the
980 1873 134 75 produd

135 1918 62 75 add
213 1918 56 75 the
285 1918 181 75 numerator
478 1918 11 75 ;
516 1918 101 75 under
632 1918 84 75 their
730 1918 69 75 fum
815 1918 89 75 place
920 1918 55 75 the
992 1918 120 75 former

135 1965 237 75 denominator;

133 2037 95 75 Thus
246 2037 19 75 2
279 2037 25 75 j-
327 2037 140 75 reduced
489 2037 36 75 to
548 2037 39 75 an
603 2037 160 75 improper
778 2037 133 75 fradion
938 2037 89 75 gives
1050 2037 29 75 V
1079 2019 6 49 5
1101 2037 11 75 »

144 2082 57 75 .a
201 2064 17 49 1
279 2082 145 75 ab+a*
520 2082 8 75 ,

710 2082 21 75 a
731 2064 16 49 1
807 2082 57 75 ax
919 2082 20 75 a
939 2064 15 49 1
1028 2082 35 75 x*

89 2109 21 75 a
128 2109 38 75 +
180 2109 87 75 -r—

429 2109 21 75 ;
468 2109 64 75 and
546 2109 19 75 a
572 2109 48 75 —
629 2109 19 75 x
657 2109 39 75 +

870 2141 38 49 =
917 2109 163 75 —=—.

198 2138 19 75 b
341 2138 19 75 b

769 2138 20 75 x

980 2138 21 75 x

360 2234 372 75 PROBLEM
780 2234 49 75 II.

173 2303 47 75 To
251 2303 115 75 reduce
397 2303 36 75 in
457 2303 278 75 Improper
759 2303 152 75 fraction
942 2303 35 75 to
1004 2303 24 75 a

369 2350 138 75 Mixt
540 2350 67 75 Qu
620 2350 23 75 a
656 2350 20 75 n
691 2350 22 75 t
728 2350 10 75 i
753 2350 23 75 t
790 2350 37 75 y.

87 2421 124 75 Rule.
260 2421 121 75 Divide
408 2421 56 75 the
491 2421 183 75 numerator
701 2421 40 75 of
762 2421 56 75 the
844 2421 134 75 fradion
994 2421 44 75 by
1053 2421 60 75 the

134 2465 232 75 denominator,
392 2465 62 75 and
470 2465 54 75 the
541 2465 147 75 quotient
704 2465 76 75 (hall
804 2465 71 75 give
899 2465 56 75 the
974 2465 137 75 integral

132 2511 95 75 part;
253 2511 55 75 the
336 2511 178 75 remainder
537 2511 47 75 fet
611 2511 76 75 over
714 2511 55 75 the
793 2511 223 75 denominator
1031 2511 80 75 (hall

135 2558 39 75 be
191 2558 54 75 the
262 2558 165 75 fradional
444 2558 84 75 part.

179 2653 95 75 Thus
291 2653 90 75 il=
393 2653 22 75 2
536 2635 21 49 a
557 2653 138 75 2±£.
716 2653 37 75 =
767 2653 22 75 *
805 2653 38 75 +
869 2653 63 75 ll.

304 2697 16 75 S

452 2697 17 75 S

607 2697 18 75 b

885 2697 18 75 b

354 2787 372 75 PROBLEM
771 2787 67 75 III.

135 2852 45 75 To
213 2852 113 75 reduce
346 2852 168 75 frafiions
542 2852 43 75 of
607 2852 151 75 different
790 2852 255 75 denominations
1075 2852 35 75 to

78 2898 96 75 frati
176 2898 67 75 ions
260 2898 43 75 of
320 2898 97 75 equal
438 2898 94 75 value
557 2898 74 75 that
643 2898 99 75 Jhall
766 2898 80 75 have
869 2898 53 75 the
934 2898 94 75 fame
1054 2898 53 75 de-

87 2945 191 75 nominator.

1131 144 34 75 E

1310 144 37 75 B

1494 144 36 75 R

1676 144 54 75 A.

2151 144 49 75 83

1176 213 125 75 Rule.
1351 213 158 75 Multiply
1524 213 78 75 each
1619 213 195 75 numerator,
1838 213 175 75 feparately
2028 213 107 75 taken,
2153 213 49 75 in-

1223 260 33 75 to
1279 260 41 75 all
1337 260 57 75 the
1409 260 237 75 denominators
1661 260 58 75 but
1735 260 42 75 its
1793 260 86 75 own,
1904 260 63 75 and
1982 260 55 75 the
2053 260 149 75 produds

1222 306 76 75 (hall
1314 306 72 75 give
1402 306 55 75 the
1476 306 71 75 new
1562 306 213 75 numerators.
1806 306 99 75 Then
1921 306 149 75 multiply
2086 306 43 75 all
2146 306 56 75 the

1221 351 238 75 denominators
1475 351 69 75 into
1568 351 60 75 one
1648 351 147 75 another,
1820 351 63 75 and
1898 351 55 75 the
1969 351 133 75 produd
2123 351 79 75 (hall

1220 398 72 75 give
1308 398 55 75 the
1381 398 145 75 common
1542 398 234 75 denominator.
1824 398 109 75 Thus,

1171 481 78 75 The
1280 481 149 75 fradions
1453 481 68 75 4-’
1546 481 66 75 —»

1470 512 206 75 bed
1731 481 54 75 are
1812 481 204 75 refpedively
2041 481 96 75 equal
2166 481 37 75 to

1173 581 88 75 thefe
1277 581 149 75 fradions
1449 581 28 75 --
1477 563 33 49 C
1510 581 53 75 -’

1717 581 121 75 -r—f
1881 581 107 75 which
2025 581 82 75 have
2146 581 55 75 the

1465 611 89 75 bed
1588 611 90 75 bed
1731 611 90 75 bed

1172 655 83 75 fame
1270 655 223 75 denominator
1516 655 92 75 bed.
1657 655 79 75 And
1751 655 55 75 the
1820 655 151 75 fradions
1987 655 36 75 y,
2041 655 36 75 y,
2093 655 37 75 £,
2147 655 54 75 are

1172 702 205 75 refpedively
1392 702 95 75 equal
1503 702 37 75 to
1556 702 86 75 thefe
1658 702 60 75 £•§,
1826 702 61 75 £§•

1449 795 371 75 PROBLEM
1867 795 64 75 IV.

1317 866 46 75 7b
1386 866 34 75 A
1432 866 21 75 d
1468 866 21 75 d
1512 866 68 75 and
1601 866 259 75 Subtract
1875 866 183 75 fradions.

1173 940 125 75 Rule.
1346 940 134 75 Reduce
1496 940 88 75 them
1608 940 36 75 to
1666 940 19 75 a
1708 940 147 75 common
1877 940 234 75 denominator,
2136 940 64 75 and

1221 986 64 75 add
1299 986 39 75 or
1353 986 137 75 fubtrad
1506 986 56 75 the
1578 986 220 75 numerators;
1824 986 56 75 the
1897 986 66 75 fum
1976 986 37 75 or
2027 986 173 75 difference

1218 1032 48 75 fet
1288 1032 77 75 over
1382 1032 55 75 the
1454 1032 146 75 common
1617 1032 234 75 denominator,
1875 1032 28 75 is
1926 1032 56 75 the
2006 1032 68 75 fum
2089 1032 39 75 or
2148 1032 51 75 re-

1220 1079 143 75 mainder
1378 1079 163 75 required.

1186 1152 22 75 a
1262 1152 9 75 \
1322 1134 19 49 c
1387 1152 8 75 %
1438 1152 25 75 d
1555 1152 21 75 a
1593 1152 279 75 de-\-bce-\-d
1872 1134 14 49 l
1886 1152 38 75 b
1962 1152 22 75 a

1188 1208 18 75 b
1319 1208 25 75 d
1438 1208 18 75 e

1710 1208 19 75 b
1740 1208 26 75 d
1773 1208 19 75 e
1912 1208 11 75 »
1964 1208 19 75 b
2088 1208 26 75 d

1170 1260 181 75 ad—be.
1419 1260 19 75 2
1535 1260 17 75 3
1582 1260 36 75 _
1630 1260 20 75 8
1664 1260 38 75 +
1716 1260 20 75 9
1753 1260 36 75 __
1804 1260 40 75 17

2022 1260 35 75 _3

1233 1315 18 75 b
1262 1315 24 75 d
1340 1315 12 75 ’
1419 1289 7 104 ■
1426 1315 10 75 $
1532 1315 22 75 4
1663 1315 39 75 12
1806 1315 40 75 12
1939 1297 36 49 11
2039 1315 21 75 4
2164 1315 17 75 J

1170 1375 37 75 _
1219 1375 103 75 9—8
1334 1375 36 75 _
1385 1375 51 75 J_
1450 1375 9 75 .
1498 1375 51 75 j_
1643 1375 35 75 3_
1691 1375 37 75 _
1743 1375 148 75 16—-1;
1906 1375 36 75 _
1958 1375 50 75 J_
2022 1375 8 75 .

1255 1424 35 75 12
1388 1424 38 75 12
1450 1424 11 75 ’
1518 1424 17 75 5
1640 1424 22 75 4

1794 1424 46 75 20
1962 1424 45 75 20
2021 1424 11 75 ’
2091 1424 21 75 a

1190 1475 18 75 x
1232 1475 36 75 _
1293 1475 16 75 3
1331 1475 21 75 X
1366 1449 5 104 ■
1371 1475 44 75 —
1427 1475 18 75 2
1467 1475 21 75 X
1517 1475 36 75 _
1592 1475 20 75 X

1191 1535 17 75 3

1378 1535 22 75 6

1586 1535 23 75 6
1629 1535 12 75 ‘

1458 1625 372 75 PROBLEM
1878 1625 46 75 V.

1393 1695 46 75 To
1472 1695 297 75 Multiply
1794 1695 182 75 fradions.

1172 1767 124 75 Rule.
1345 1767 159 75 Multiply
1520 1767 85 75 their
1620 1767 199 75 numerators
1844 1767 60 75 one
1927 1767 70 75 into
2013 1767 135 75 another
2164 1767 37 75 to

1219 1814 108 75 obtain
1345 1814 55 75 the
1414 1814 184 75 numerator
1613 1814 41 75 of
1665 1814 56 75 the
1737 1814 133 75 produd
1884 1814 11 75 ;
1921 1814 63 75 and
2000 1814 85 75 their
2100 1814 101 75 deno-

1219 1860 151 75 minators
1387 1860 178 75 multiplied
1580 1860 69 75 into
1665 1860 60 75 one
1741 1860 134 75 another
1890 1860 78 75 (hall
1983 1860 72 75 give
2071 1860 56 75 the
2142 1860 57 75 de-

1217 1907 180 75 nominator
1415 1907 41 75 of
1466 1907 56 75 the
1539 1907 146 75 produd.
1731 1907 110 75 Thus,

1220 2112 38 75 If
1268 2112 19 75 a
1303 2112 82 75 mixt
1407 2112 149 75 quantity
1579 2112 26 75 is
1629 2112 35 75 to
1680 2112 39 75 be
1736 2112 193 75 multiplied,
1957 2112 64 75 firfl:
2038 2112 116 75 reduce
2169 2112 28 75 it

1170 2157 38 75 to
1222 2157 55 75 the
1293 2157 84 75 form
1393 2157 41 75 of
1444 2157 19 75 a
1479 2157 134 75 fradion
1633 2157 58 75 (by
1707 2157 100 75 Prob.
1825 2157 48 75 I.)
1922 2157 91 75 And,
2038 2157 31 75 if
2086 2157 39 75 an
2149 2157 47 75 in-

1171 2204 89 75 teger
1280 2204 26 75 is
1324 2204 36 75 to
1379 2204 41 75 be
1435 2204 181 75 multiplied
1639 2204 44 75 by
1700 2204 18 75 a
1733 2204 146 75 fradion,
1904 2204 64 75 you
1991 2204 74 75 may
2081 2204 120 75 reduce

1169 2250 27 75 it
1213 2250 34 75 to
1267 2250 55 75 the
1339 2250 85 75 form
1441 2250 40 75 of
1493 2250 18 75 a
1533 2250 135 75 fradion
1684 2250 44 75 by
1744 2250 125 75 placing
1885 2250 69 75 unit
1971 2250 100 75 under
2086 2250 39 75 it.

1277 2345 154 75 Examp.
1467 2345 23 75 5
1512 2345 86 75 JLx
1617 2345 50 75 J-
1679 2345 37 75 =
1731 2345 51 75 LI
1795 2345 30 75 x
1844 2345 51 75 JL
1906 2345 36 75 =
1956 2345 65 75 iJ-.

1530 2387 17 75 3
1630 2387 21 75 4
1744 2387 19 75 3
1858 2387 22 75 4
1959 2369 39 49 12

1413 2475 373 75 PROBLEM
1835 2475 64 75 VI.

1371 2546 44 75 To
1458 2546 229 75 Divide
1730 2546 182 75 Fradions.

1167 2618 125 75 Rule.
1340 2618 158 75 Multiply
1513 2618 54 75 the
1584 2618 184 75 numerator
1784 2618 40 75 of
1834 2618 56 75 the
1906 2618 150 75 dividend
2072 2618 45 75 by
2136 2618 60 75 the

1213 2665 220 75 denominator
1449 2665 39 75 of
1508 2665 55 75 the
1588 2665 130 75 divifor,
1743 2665 86 75 their
1855 2665 133 75 produd
2015 2665 75 75 (hall
2119 2665 74 75 give

1213 2710 55 75 the
1290 2710 181 75 numerator
1488 2710 40 75 of
1547 2710 54 75 the
1626 2710 160 75 quotient.
1833 2710 100 75 Then
1959 2710 149 75 multiply
2135 2710 57 75 the

1214 2758 219 75 denominator
1449 2758 41 75 of
1500 2758 55 75 the
1572 2758 152 75 dividend
1739 2758 44 75 by
1799 2758 56 75 the
1877 2758 183 75 numerator
2076 2758 40 75 of
2135 2758 56 75 the

1212 2802 128 75 divifor,
1367 2802 62 75 and
1445 2802 84 75 their
1546 2802 133 75 produd
1694 2802 80 75 (hall
1795 2802 72 75 give
1884 2802 55 75 the
1955 2802 233 75 denominator.

1161 2889 108 75 Thus,
1306 2880 72 75 ±\
1478 2880 88 75 (if.
1596 2880 75 75 J_\
1693 2880 91 75 J_(
1795 2880 41 75 35
1853 2880 10 75 .

1321 2931 16 75 5
1358 2931 20 75 /
1420 2931 16 75 3
1478 2931 89 75 V12’
1613 2931 114 75 7/8
1763 2931 18 75 V
1795 2931 68 75 24’
1910 2931 59 75 d)
2003 2931 20 75 b
2056 2931 51 75 \c
2123 2931 42 75 b’

2142 2987 48 75 To,
