2493 3387
599 172 213 75 ASS

1191 172 18 75 (
1268 172 12 75 ,

274 248 94 75 play;
395 248 43 75 or
447 248 57 75 the
528 248 136 75 running
687 248 163 75 divifions,
876 248 36 75 to
934 248 73 75 lead
1031 248 61 75 one
1114 248 69 75 into
1206 248 58 75 the

276 295 88 75 piece
379 295 112 75 before
507 295 50 75 us.

229 341 387 75 ASSAY-MASTER,
657 341 41 75 an
729 341 109 75 officer
870 341 172 75 appointed
1068 341 45 75 by
1144 341 122 75 certain

277 388 217 75 corporations
511 388 35 75 to
562 388 93 75 make
668 388 18 75 a
695 388 64 75 juft
776 388 84 75 allay
877 388 40 75 of
935 388 40 75 all
995 388 79 75 gold
1095 388 64 75 and
1173 388 92 75 filver

277 435 140 75 brought
434 435 35 75 to
485 435 80 75 him,
592 435 63 75 and
671 435 34 75 to
725 435 93 75 make
838 435 19 75 a
874 435 72 75 true
963 435 110 75 report
1089 435 139 75 thereof.

229 482 343 75 ASSEMBLAGE,
597 482 56 75 the
669 482 73 75 unit'
742 482 52 75 .ng
818 482 37 75 or
876 482 127 75 joining
1027 482 41 75 of
1087 482 108 75 things
1212 482 51 75 to-

277 529 133 75 gether;
439 529 37 75 or
493 529 55 75 the
566 529 107 75 things
693 529 188 75 themfelves
899 529 33 75 fo
949 529 112 75 united
1079 529 37 75 or
1136 529 127 75 joined.

275 577 33 75 It
323 577 26 75 is
367 577 65 75 alfo
445 577 88 75 ufed,
551 577 32 75 in
601 577 17 75 a
634 577 89 75 more
735 577 238 75 generalfenfe,
984 577 59 75 for
1060 577 19 75 a
1096 577 113 75 colled
1211 577 54 75 ion

275 624 41 75 of
334 624 128 75 various
488 624 111 75 things'
613 624 33 75 fo
668 624 146 75 difpofed
830 624 63 75 and
916 624 177 75 diverfified
1117 624 71 75 that
1205 624 55 75 the

276 671 104 75 whole
398 671 155 75 produces
570 671 86 75 fome
672 671 168 75 agreeable
856 671 106 75 effed.

227 719 254 75 ASSESSOR,
516 719 38 75 an
579 719 131 75 inferior
734 719 111 75 officer
867 719 41 75 of
932 719 126 75 juftice,
1091 719 173 75 appointed

275 765 117 75 chiefly
408 765 35 75 to
456 765 76 75 affif
547 765 55 75 the
619 765 153 75 Ordinary
784 765 102 75 judge
898 765 79 75 with
993 765 50 75 his
1056 765 128 75 opinion
1202 765 62 75 and

276 812 123 75 advice.

225 860 188 75 Assessor
430 860 27 75 is
480 860 65 75 alfo
562 860 60 75 one
641 860 76 75 who
732 860 133 75 aflefles,
889 860 39 75 or
943 860 109 75 fettles
1081 860 93 75 taxes
1199 860 65 75 and

275 906 95 75 other
387 906 107 75 public
510 906 92 75 dues.

225 953 393 75 ASSEVERATION,
636 953 161 75 apofitive
813 953 64 75 and
887 953 168 75 vehement
1071 953 192 75 affirmation

274 1001 41 75 of
332 1001 190 75 fomething.

226 1048 286 75 ASSIDEANS,
553 1048 33 75 in
619 1048 116 75 Jewifh
768 1048 174 75 antiquity.
1017 1048 63 75 See
1116 1048 83 75 Has
1208 1048 53 75 si-

276 1094 135 75 deans.

226 1142 254 75 ASS1ENTO,
507 1142 19 75 a
543 1142 130 75 Spanifh
691 1142 93 75 word
799 1142 169 75 fignifying
980 1142 18 75 a
1010 1142 94 75 farm,
1123 1142 32 75 in
1172 1142 88 75 com-

272 1188 118 75 merce,
422 1188 27 75 is
472 1188 78 75 ufed
584 1188 52 75 for
661 1188 18 75 a
702 1188 131 75 bargain
862 1188 145 75 between
1034 1188 56 75 the
1118 1188 77 75 king
1227 1188 41 75 of

273 1234 95 75 Spain
395 1234 62 75 and
483 1234 93 75 other
597 1234 136 75 powers,
760 1234 51 75 for
831 1234 175 75 importing
1033 1234 133 75 negroes
1191 1234 71 75 into

270 1282 56 75 the
352 1282 131 75 Spanifh
508 1282 179 75 dominions
710 1282 33 75 in
775 1282 163 75 America,
963 1282 64 75 and
1053 1282 209 75 particularly

271 1329 34 75 to
330 1329 129 75 Buenos
485 1329 119 75 Ayres.
659 1329 79 75 The
764 1329 66 75 firft
857 1329 128 75 afliento
1008 1329 65 75 was
1101 1329 93 75 made
1218 1329 43 75 by

270 1376 55 75 the
350 1376 125 75 French
493 1376 131 75 Guinea
644 1376 157 75 company
811 1376 11 75 ;
849 1376 75 75 and,
952 1376 45 75 by
1018 1376 56 75 the
1097 1376 106 75 treaty
1226 1376 41 75 of

270 1421 155 75 Utrecht,
450 1421 196 75 transferred
663 1421 34 75 to
714 1421 64 75 the'
778 1421 149 75 Englifh,
952 1421 75 75 who
1044 1421 84 75 were
1139 1421 36 75 to
1190 1421 69 75 fur-

271 1470 64 75 nifh
354 1470 74 75 four
445 1470 157 75 thoufand
613 1470 89 75 eight
716 1470 146 75 hundred
876 1470 132 75 negroes
1026 1470 161 75 annually.

222 1517 191 75 ASSIGN,
438 1517 32 75 in
488 1517 147 75 common
653 1517 74 75 law,
752 1517 19 75 a
794 1517 113 75 perfon
932 1517 34 75 to
992 1517 107 75 whom
1123 1517 19 75 a
1168 1517 92 75 thing

269 1564 26 75 is
313 1564 135 75 afligned
464 1564 38 75 or
519 1564 91 75 made
626 1564 90 75 over.

222 1610 259 75 ASSIGNEE,
515 1610 32 75 in
571 1610 74 75 law,
670 1610 19 75 a
717 1610 111 75 perfon
856 1610 173 75 appointed
1051 1610 45 75 by
1124 1610 136 75 another

267 1659 35 75 to
319 1659 43 75 do
383 1659 38 75 an
439 1659 60 75 ad,
526 1659 135 75 tranfad
676 1659 87 75 fome
782 1659 149 75 bufinefs,
957 1659 38 75 or
1012 1659 96 75 enjoy
1125 1659 19 75 a
1160 1659 96 75 parti-

269 1704 89 75 cular
374 1704 209 75 commodity.

220 1751 283 75 ASSIGNING,
528 1751 32 75 in
586 1751 19 75 a
620 1751 129 75 general
774 1751 98 75 fenfe,
899 1751 27 75 is
943 1751 56 75 the
1020 1751 108 75 giving
1144 1751 77 75 over
1237 1751 19 75 a

267 1798 86 75 right
369 1798 35 75 to
429 1798 134 75 another
582 1798 11 75 ;
619 1798 62 75 and
697 1798 33 75 in
755 1798 18 75 a
789 1798 114 75 fpecial
920 1798 84 75 fenfe
1022 1798 26 75 is
1066 1798 77 75 ufed
1161 1798 35 75 to
1209 1798 47 75 fet

267 1845 89 75 forth
372 1845 62 75 and
451 1845 90 75 point
557 1845 46 75 at,
628 1845 33 75 as
679 1845 35 75 to
731 1845 92 75 aifign
841 1845 39 75 an
897 1845 102 75 error,
1024 1845 35 75 to
1072 1845 94 75 aflign
1178 1845 78 75 falfe

263 1891 183 75 judgment,
474 1891 37 75 to
535 1891 93 75 affign
657 1891 93 75 wafte
764 1891 11 75 ;
813 1891 33 75 in
874 1891 106 75 which
1008 1891 85 75 cafes
1121 1891 26 75 it
1174 1891 81 75 mufl

267 1939 39 75 be
336 1939 106 75 fhewn
472 1939 142 75 wherein
643 1939 58 75 the
731 1939 90 75 error
854 1939 28 75 is
913 1939 199 75 committed,
1149 1939 108 75 where

266 1985 62 75 and
343 1985 75 75 how
435 1985 56 75 the
511 1985 170 75 judgment
696 1985 27 75 is
741 1985 116 75 unjuft,
887 1985 63 75 and
967 1985 107 75 where
1091 1985 54 75 the
1163 1985 93 75 wafte

210 2032 5 75 •
227 2032 5 75 .
265 2032 28 75 is
311 2032 197 75 committed.

220 2078 339 75 ASSIGNMENT,
585 2078 56 75 the
665 2078 210 75 transferring
897 2078 56 75 the
977 2078 129 75 interefl
1122 2078 59 75 one
1197 2078 59 75 has

266 2126 32 75 in
322 2126 20 75 a
356 2126 94 75 leafe,
477 2126 37 75 or
531 2126 93 75 other
639 2126 105 75 thing,
773 2126 35 75 to
826 2126 136 75 another
977 2126 126 75 perfon.

218 2173 369 75 ASSIMILATION,
612 2173 31 75 in
661 2173 134 75 phyfics,
819 2173 26 75 is
864 2173 70 75 that
951 2173 122 75 motion
1090 2173 45 75 by
1147 2173 107 75 which

266 2219 110 75 bodies
393 2219 131 75 convert
549 2219 95 75 other
671 2219 112 75 bodies
811 2219 125 75 related
963 2219 36 75 to
1028 2219 101 75 them,
1155 2219 37 75 or
1220 2219 34 75 at

266 2267 75 75 leaft
358 2267 75 75 fuch
454 2267 34 75 as
506 2267 53 75 are
576 2267 156 75 prepared
747 2267 36 75 to
799 2267 42 75 be
862 2267 186 75 converted,
1073 2267 69 75 intQ
1169 2267 85 75 their

265 2315 75 75 own
357 2315 160 75 fubftance
534 2315 61 75 and
614 2315 125 75 nature.
786 2315 109 75 Thus,
913 2315 93 75 flame
1022 2315 174 75 multiplies
1212 2315 42 75 it-

267 2360 65 75 felf
348 2360 85 75 upon
450 2360 67 75 oily
533 2360 124 75 bodies,
681 2360 63 75 and
771 2360 166 75 generates
966 2360 69 75 new
1049 2360 106 75 .flame
1171 2360 11 75 ;
1208 2360 47 75 air

265 2406 86 75 upon
375 2406 112 75 water,
512 2406 62 75 and
591 2406 155 75 produces
764 2406 71 75 new
852 2406 67 75 air;
947 2406 62 75 and
1026 2406 43 75 all
1081 2406 55 75 the
1152 2406 102 75 parts,

267 2454 34 75 as
317 2454 74 75 well
408 2454 115 75 fimilar
534 2454 33 75 as
580 2454 174 75 organical,
779 2454 33 75 in
831 2454 182 75 vegetables
1031 2454 61 75 and
1109 2454 145 75 animals,

266 2501 65 75 firfl:
351 2501 115 75 attrad
483 2501 80 75 with
579 2501 86 75 fome
693 2501 135 75 eledion
855 2501 38 75 or
915 2501 124 75 choice,
1064 2501 110 75 nearly
1198 2501 57 75 the

268 2548 84 75 fame
368 2548 147 75 common
533 2548 36 75 or
586 2548 56 75 not
659 2548 78 75 very
750 2548 150 75 different
915 2548 101 75 juices
1034 2548 51 75 for
1109 2548 143 75 aliment,

267 2595 62 75 and
357 2595 187 75 afterwards
576 2595 160 75 aflimilate
763 2595 38 75 or
829 2595 133 75 convert
990 2595 89 75 them
1106 2595 35 75 to
1169 2595 85 75 their

270 2641 69 75 own
357 2641 123 75 nature.

220 2690 144 75 ASSIS,
379 2690 43 75 ,in
446 2690 124 75 natural
593 2690 133 75 hiftory,
752 2690 18 75 a
797 2690 83 75 term
907 2690 77 75 ufed
1000 2690 35 75 to
1051 2690 118 75 denote
1184 2690 70 75 opi-

266 2737 68 75 um,
359 2737 37 75 or
411 2737 56 75 the
487 2737 130 75 powder
634 2737 40 75 of
685 2737 182 75 hempfeed,
894 2737 106 75 which
1028 2737 96 75 being
1152 2737 101 75 form-

268 2783 40 75 ed
323 2783 69 75 into
416 2783 135 75 bolufles
575 2783 27 75 is
624 2783 181 75 fwailowed
821 2783 43 75 by
883 2783 55 75 the
960 2783 194 75 Egyptians,
1179 2783 75 75 who

267 2830 53 75 are
336 2830 137 75 thereby
488 2830 211 75 intoxicated.

221 2877 213 75 ASSISER,
453 2877 37 75 or
511 2877 189 75 Assizer,
725 2877 43 75 of
774 2877 8 75 '
782 2877 130 75 weights
938 2877 71 75 and
1022 2877 171 75 irieafurts,
1213 2877 39 75 an

266 2923 109 75 officer
399 2923 75 75 who
501 2923 57 75 has
585 2923 56 75 the
658 2923 159 75 overfight
844 2923 42 75 of
907 2923 91 75 thofe
1015 2923 122 75 things.
1188 2923 65 75 See

268 2969 91 75 Clerk
381 2969 42 75 of
430 2969 52 75 the
499 2969 138 75 market.

220 3016 181 75 ASSIZE,
425 3016 32 75 in
481 3016 75 75 law.
607 3016 61 75 See
685 3016 116 75 Jury.

219 3062 329 75 ASSOCIATION
567 3062 41 75 of
615 3062 102 75 ideas,
742 3062 27 75 is
786 3062 107 75 where
920 3062 67 75 two
1004 3062 37 75 or
1057 3062 89 75 more
1162 3062 89 75 ideas

1290 170 58 75 .32
1409 170 20 75 )

1805 170 229 75 AST

1364 244 177 75 conflantly
1558 244 62 75 and
1636 244 220 75 immediately
1872 244 113 75 follow
1995 244 61 75 one
2069 244 147 75 another,
2234 244 34 75 fo
2283 244 71 75 that

1365 292 55 75 the
1437 292 60 75 one
1514 292 75 75 lhall
1608 292 112 75 almoft
1735 292 162 75 infallibly
1912 292 141 75 produce
2076 292 55 75 the
2150 292 109 75 other.
2293 292 62 75 See

1364 338 301 75 Metaphysics.

1317 386 266 75 ASSOILZIE,
1610 386 33 75 in
1666 386 75 75 law,
1766 386 35 75 to
1819 386 140 75 abfolve,
1985 386 37 75 or
2047 386 81 75 free.

1316 433 307 75 ASSONANCE,
1654 433 33 75 in
1717 433 142 75 rhetoric
1886 433 38 75 or
1951 433 125 75 poetry,
2108 433 27 75 is
2164 433 108 75 where
2299 433 57 75 the

1364 480 107 75 words
1506 480 41 75 of
1570 480 19 75 a
1615 480 113 75 phrafe
1760 480 37 75 or
1826 480 87 75 verfe
1945 480 82 75 have
2049 480 112 75 nearly
2187 480 57 75 the
2271 480 84 75 fame

1363 527 102 75 fo-und
1488 527 39 75 or
1553 527 219 75 termination,
1797 527 58 75 but
1872 527 93 75 make
1981 527 42 75 no
2040 527 115 75 proper
2179 527 127 75 rhyme.

1315 575 162 75 ASSOS,
1514 575 19 75 a
1559 575 142 75 fea-port
1728 575 89 75 town
1844 575 41 75 of
1905 575 147 75 Natolia,
2092 575 137 75 fituated
2256 575 100 75 about

1364 622 116 75 twelve
1496 622 91 75 miles
1605 622 175 75 fouth-eaft
1793 622 43 75 of
1847 622 121 75 Troas,
1993 622 33 75 in
2045 622 62 75 27°
2128 622 55 75 3c/
2200 622 45 75 E.
2260 622 93 75 long,

1364 668 61 75 and
1447 668 60 75 38°
1529 668 54 75 30'
1605 668 49 75 N.
1672 668 60 75 lat.

1313 715 289 75 ASSUMPSIT,
1629 715 19 75 a
1662 715 173 75 voluntary
1851 715 37 75 or
1903 715 109 75 verbal
2028 715 149 75 promife,
2201 715 155 75 whereby

1361 763 19 75 a
1395 763 113 75 perfon
1524 763 147 75 affumes,
1695 763 38 75 or
1744 763 92 75 takes
1853 763 86 75 upon
1950 763 68 75 him
2034 763 35 75 to
2082 763 143 75 perform
2240 763 39 75 or
2290 763 64 75 pay

1362 809 62 75 any
1439 809 93 75 thing
1549 809 34 75 to
1600 809 148 75 another.

1315 857 330 75 ASSUMPTION,
1671 857 19 75 a
1717 857 122 75 feftival
1855 857 33 75 in
1914 857 56 75 the
1997 857 133 75 Romifh
2160 857 134 75 church,
2321 857 31 75 in

1360 903 125 75 honour
1502 903 39 75 of
1553 903 55 75 the
1636 903 192 75 miraculous
1847 903 107 75 afcent
1982 903 41 75 of
2044 903 56 75 the
2115 903 120 75 Virgin
2252 903 101 75 Mary

1360 950 69 75 into
1444 950 120 75 heaven
1577 950 8 75 :
1613 950 56 75 the
1684 950 115 75 Greek
1815 950 135 75 church,
1968 950 74 75 who
2061 950 66 75 alfo
2143 950 132 75 obferve
2286 950 67 75 this

1361 997 146 75 feflival,-
1521 997 160 75 celebrate
1705 997 29 75 it
1753 997 43 75 on
1823 997 56 75 the
1901 997 150 75 fifteenth
2075 997 40 75 of
2128 997 126 75 Auguft
2270 997 82 75 with

1361 1044 90 75 great
1469 1044 188 75 ceremony.

1311 1090 283 75 Assumption,
1620 1090 34 75 in
1665 1090 98 75 logic,
1782 1090 26 75 is
1828 1090 56 75 the
1905 1090 103 75 minor
2024 1090 37 75 or
2077 1090 116 75 fecond
2210 1090 140 75 propofi-

1360 1137 67 75 tion
1443 1137 34 75 in
1497 1137 19 75 a
1540 1137 194 75 categorical
1750 1137 174 75 fyllogifm.

1309 1184 260 75 Assumption
1604 1184 27 75 is
1663 1184 67 75 alfo
1757 1184 75 75 ufed
1861 1184 52 75 for
1943 1184 18 75 a
1996 1184 217 75 confequence
2237 1184 111 75 drawn

1358 1234 85 75 from
1467 1234 56 75 the
1547 1234 211 75 propofitions
1787 1234 149 75 whereof
1953 1234 40 75 an
2020 1234 167 75 argument
2209 1234 29 75 is
2261 1234 89 75 com-

1357 1279 109 75 pofed.

1310 1324 276 75 Assumption,
1610 1324 33 75 in
1660 1324 198 75 geography,
1884 1324 19 75 a
1930 1324 67 75 city
2013 1324 40 75 of
2066 1324 36 75 S.
2120 1324 165 75 America,
2311 1324 37 75 fi-

1358 1373 112 75 tuated
1485 1373 75 75 near
1589 1373 55 75 the
1661 1373 112 75 mouth
1791 1373 40 75 of
1851 1373 55 75 the
1922 1373 84 75 river
2022 1373 105 75 Plata,
2153 1373 64 75 and
2233 1373 40 75 on
2291 1373 57 75 the

1358 1418 140 75 oppofite
1514 1418 90 75 fhore
1621 1418 35 75 to
1673 1418 130 75 Buenos
1817 1418 120 75 Ayres,
1962 1418 33 75 in
2013 1418 63 75 6o°
2096 1418 64 75 W.
2177 1418 90 75 long,
2285 1418 65 75 and

1361 1466 64 75 34°
1445 1466 36 75 S.
1500 1466 58 75 lat.

1311 1512 312 75 ASSUMPTIVE
1638 1512 105 75 arms,
1767 1512 32 75 in
1817 1512 165 75 heraldry,
2000 1512 53 75 are
2065 1512 76 75 fuch
2154 1512 32 75 as
2204 1512 19 75 a
2235 1512 111 75 perfon

1356 1561 58 75 has
1432 1561 19 75 a
1468 1561 88 75 right
1571 1561 35 75 to
1622 1561 129 75 affume,
1775 1561 80 75 with
1875 1561 55 75 the
1948 1561 210 75 approbation
2173 1561 40 75 of
2228 1561 50 75 his
2296 1561 49 75 fo-

1356 1607 141 75 vereign,
1524 1607 63 75 and
1603 1607 39 75 of
1661 1607 57 75 the
1734 1607 127 75 heralds
1873 1607 9 75 :
1909 1607 109 75 Thus,
2043 1607 31 75 if
2085 1607 19 75 a
2119 1607 126 75 perfon,
2269 1607 77 75 who

1355 1654 57 75 has
1432 1654 43 75 no
1496 1654 86 75 right
1598 1654 42 75 by
1655 1654 113 75 blood,
1794 1654 63 75 and
1872 1654 59 75 has
1948 1654 42 75 no
2007 1654 72 75 coat
2096 1654 40 75 of
2147 1654 97 75 arms,
2266 1654 79 75 fhall

1355 1701 171 75 captivate,
1551 1701 34 75 in
1607 1701 63 75 any
1692 1701 110 75 lawful
1824 1701 79 75 war,
1929 1701 63 75 any
2014 1701 194 75 gentleman,
2233 1701 111 75 noble-

1354 1748 87 75 man,
1465 1748 38 75 or
1527 1748 119 75 prince,
1672 1748 42 75 he
1740 1748 41 75 is,
1805 1748 34 75 in
1863 1748 74 75 that
1962 1748 81 75 cafe,
2071 1748 130 75 intitled
2216 1748 36 75 to
2268 1748 77 75 bear

1354 1795 56 75 the
1433 1795 100 75 ihield
1548 1795 40 75 of
1600 1795 71 75 that
1687 1795 155 75 prifoner,
1867 1795 63 75 and
1955 1795 98 75 enjoy
2075 1795 28 75 it
2127 1795 36 75 to
2186 1795 67 75 him
2281 1795 63 75 and

1354 1842 49 75 his
1421 1842 85 75 heirs
1523 1842 51 75 for
1593 1842 86 75 ever.

1305 1888 323 75 ASSURANCE,'
1648 1888 39 75 or
1712 1888 237 75 Insurance,
1982 1888 33 75 in
2038 1888 193 75 commerce.
2281 1888 64 75 See

1354 1934 235 75 Insurance.

1304 1982 240 75 ASSUROR,
1569 1982 20 75 a
1604 1982 179 75 merchant,
1809 1982 38 75 or
1874 1982 95 75 other
1990 1982 125 75 perfon,
2140 1982 76 75 who
2231 1982 112 75 makes

1352 2028 58 75 out
1427 2028 18 75 a
1462 2028 108 75 policy
1587 2028 40 75 of
1641 2028 171 75 aflurance,
1838 2028 63 75 and
1927 2028 138 75 thereby
2091 2028 120 75 infures
2229 2028 19 75 a
2262 2028 79 75 fliip,

1352 2075 110 75 houle,
1487 2075 38 75 or
1542 2075 56 75 the
1620 2075 79 75 like.

1304 2122 220 75 ASSYRIA,
1550 2122 39 75 an
1612 2122 126 75 ancient
1762 2122 120 75 empire
1902 2122 42 75 of
1961 2122 87 75 Afia,
2070 2122 274 75 comprehending

1353 2169 55 75 the
1428 2169 135 75 modern
1590 2169 166 75 provinces
1780 2169 40 75 of
1838 2169 184 75 Curdiftan,
2047 2169 157 75 Diarbec,
2229 2169 63 75 and
2309 2169 31 75 I-

1352 2216 189 75 rac-arabic.

1304 2264 203 75 ASSYTH,
1532 2264 39 75 or
1598 2264 292 75 Assythment,
1914 2264 33 75 in
1976 2264 95 75 Scots
2098 2264 75 75 law,
2206 2264 136 75 fignifies

1353 2310 37 75 an
1409 2310 269 75 indemnification
1704 2310 91 75 made
1821 2310 34 75 to
1883 2310 40 75 an
1954 2310 129 75 injured
2109 2310 107 75 party.
2277 2310 64 75 See

1354 2358 126 75 Scots
1500 2358 110 75 Law,
1635 2358 53 75 tit.
1711 2358 140 75 Crimes.

1304 2404 175 75 ASTER,
1505 2404 31 75 in
1565 2404 133 75 botany,
1723 2404 19 75 a
1768 2404 98 75 genus
1884 2404 40 75 of
1935 2404 57 75 the
2012 2404 178 75 fyngenefia
2207 2404 132 75 polyga-

1354 2451 62 75 mia
1442 2451 157 75 fuperflua
1626 2451 92 75 clafs.
1766 2451 77 75 The
1872 2451 178 75 receptacle
2075 2451 27 75 is
2130 2451 126 75 naked;
2285 2451 57 75 the

1353 2497 118 75 pappus
1487 2497 27 75 is
1531 2497 129 75 fimple;
1685 2497 57 75 the
1754 2497 72 75 rays
1843 2497 40 75 of
1895 2497 55 75 the
1967 2497 123 75 corolla
2105 2497 53 75 are
2174 2497 53 75 ten
2239 2497 11 75 ;
2276 2497 66 75 and

1352 2544 55 75 the
1431 2544 86 75 calix
1539 2544 28 75 is
1595 2544 202 75 imbricated.
1846 2544 77 75 The
1939 2544 119 75 fpecies
2083 2544 54 75 are
2159 2544 180 75 thirty-fix,

1353 2591 75 75 only
1451 2591 61 75 one
1540 2591 40 75 of
1607 2591 120 75 which,
1753 2591 70 75 viz.
1848 2591 55 75 the
1927 2591 175 75 tripolium,
2130 2591 38 75 or
2195 2591 143 75 fea-flar-

1351 2635 95 75 wort,
1471 2635 27 75 is
1516 2635 19 75 a
1553 2635 106 75 native
1676 2635 39 75 of
1724 2635 140 75 Britain.

1302 2684 311 75 ASTERABAT,
1640 2684 18 75 a
1674 2684 66 75 city
1757 2684 40 75 of
1811 2684 118 75 Perfia,
1954 2684 115 75 capital
2094 2684 40 75 of
2154 2684 18 75 a
2188 2684 152 75 province

1351 2732 41 75 of
1402 2732 56 75 the
1474 2732 84 75 fame
1574 2732 104 75 name,
1694 2732 135 75 fituated
1841 2732 41 75 on
1894 2732 57 75 the
1966 2732 150 75 fouthern
2132 2732 92 75 fhore
2235 2732 41 75 of
2282 2732 58 75 the

1351 2778 137 75 Cafpian
1505 2778 64 75 fea,
1593 2778 32 75 in
1646 2778 44 75 54
1690 2760 21 49 0
1730 2778 145 75 E.long.
1899 2778 63 75 and
1982 2778 42 75 37
2024 2760 23 49 0
2071 2778 55 75 0,0'
2141 2778 47 75 N.
2207 2778 58 75 lat.

1304 2825 228 75 ASTERIA,
1557 2825 33 75 in
1608 2825 124 75 natural
1749 2825 132 75 hiftory,
1904 2825 19 75 a
1939 2825 154 75 beautiful
2110 2825 139 75 pellucid
2266 2825 73 75 gem

1351 2873 39 75 of
1413 2873 141 75 variable
1582 2873 153 75 colours,,
1757 2873 36 75 as
1822 2873 122 75 viewed
1971 2873 33 75 in
2033 2873 150 75 different
2209 2873 126 75 lights;

1351 2918 104 75 called
1471 2918 65 75 alfo
1552 2918 107 75 oculus
1676 2918 81 75 cats,
1775 2918 38 75 or
1829 2918 81 75 cat's
1927 2918 63 75 eye.
2037 2918 78 75 The
2127 2918 139 75 variable
2283 2918 53 75 co-

1350 2966 102 75 lours,
1477 2966 105 75 which
1600 2966 53 75 are
1670 2966 19 75 a
1704 2966 71 75 pale
1792 2966 191 75 brown,and
2000 2966 110 75 whitej
2133 2966 83 75 feem
2240 2966 35 75 to
2296 2966 42 75 be

1351 3012 118 75 lodged
1485 3012 81 75 deep
1587 3012 32 75 in
1636 3012 57 75 the
1709 3012 98 75 ftone,
1833 3012 62 75 and
1916 3012 75 75 fhift
2017 3012 97 75 about
2130 3012 34 75 as
2181 3012 25 75 it
2222 3012 31 75 is,
2267 3012 67 75 mo-

1346 3060 74 75 ved.
1467 3060 33 75 It
1523 3060 26 75 is
1568 3060 111 75 nearly
1703 3060 97 75 allied
1816 3060 35 75 to
1876 3060 55 75 the
1958 3060 114 75 opals;
2102 3060 86 75 from
2215 3060 117 75 which,

2172 3099 161 75 however.
