2397 3387
540 167 42 75 A
641 167 37 75 V
738 167 40 75 O

1126 167 18 75 (
1202 167 83 75 508
1344 167 18 75 )

1708 167 42 75 A
1808 167 46 75 U
1912 167 38 75 R

171 236 256 75 AUKLAND,
453 236 17 75 a
486 236 231 75 market-town
733 236 40 75 on
789 236 57 75 the
858 236 83 75 river
957 236 116 75 Ware,
1098 236 31 75 in
1146 236 57 75 the

219 281 71 75 biih'
290 281 85 75 opric
391 281 42 75 of
451 281 162 75 Durham,
637 281 136 75 fituated
796 281 97 75 about
921 281 39 75 12
979 281 90 75 miles
1087 281 35 75 S.
1141 281 61 75 W.

220 328 38 75 of
276 328 56 75 the
349 328 66 75 city
431 328 40 75 of
491 328 163 75 Durham,
679 328 32 75 in
734 328 38 75 i°
793 328 41 75 2y
834 310 14 49 /
864 328 61 75 W.
944 328 90 75 long,
1059 328 64 75 and
1136 328 66 75 54°

222 375 55 75 4c/
293 375 48 75 N.
359 375 58 75 lat.

175 421 306 75 AULCESTER,
507 421 18 75 a
543 421 227 75 market-town
787 421 40 75 of
845 421 260 75 Warwicklhire,
1130 421 76 75 fitu-

221 466 74 75 ated
318 466 97 75 about
432 466 147 75 fourteen
597 466 89 75 miles
703 466 185 75 fouth-weft
907 466 40 75 of
967 466 180 75 Warwick,
1172 466 33 75 in

231 513 39 75 i°
294 513 53 75 5c/
364 513 60 75 W.
442 513 88 75 long,
556 513 61 75 and
634 513 40 75 53
674 495 23 49 0
714 513 55 75 2c/
784 513 47 75 N.
853 513 58 75 lat.

176 560 164 75 AULIC,
367 560 39 75 an
423 560 121 75 epithet
560 560 93 75 given
674 560 35 75 to
726 560 120 75 certain
863 560 124 75 officers
1005 560 40 75 of
1063 560 55 75 the
1141 560 66 75 em-

221 606 81 75 pire,
326 606 75 75 who
426 606 147 75 compofe
597 606 19 75 a
643 606 92 75 court
760 606 107 75 which
893 606 142 75 decides,
1069 606 138 75 without

223 652 123 75 appeal,
367 652 32 75 in
423 652 42 75 all
489 652 155 75 procefFes
668 652 132 75 entered
823 652 31 75 in
873 652 36 75 it,
960 652 97 75 Thus
1074 652 48 75 we
1139 652 67 75 fky,

223 700 91 75 aulic,
331 700 135 75 council,
493 700 90 75 anise
606 700 160 75 chamber,
788 700 92 75 ttulic
897 700 187 75 counfeltor.

270 746 76 75 The
363 746 82 75 aulic
462 746 125 75 council
611 746 27 75 is
662 746 168 75 compofed
845 746 41 75 of
905 746 18 75 a
939 746 169 75 prefident,
1132 746 76 75 who

224 791 27 75 is
268 791 18 75 a
302 791 161 75 catholic;
487 791 43 75 of
549 791 19 75 a
590 791 280 75 vice-chancellor,
895 791 166 75 prefented
1084 791 43 75 by
1152 791 56 75 the

225 838 185 75 archbifhop
436 838 41 75 of
495 838 141 75 Mentz;
668 838 63 75 and
759 838 40 75 of
824 838 147 75 eighteen
1000 838 206 75 counfellors,

224 884 72 75 nine
323 884 40 75 of
383 884 106 75 whom
517 884 54 75 are
604 884 203 75 proteftants,
844 884 61 75 and
934 884 71 75 nine
1038 884 168 75 catholics.

222 931 100 75 They
337 931 54 75 are
407 931 130 75 divided
552 931 69 75 into
634 931 18 75 a
668 931 102 75 bench
786 931 40 75 of
836 931 149 75 lawyers,
1010 931 62 75 and
1089 931 119 75 always

225 977 112 75 follow
352 977 56 75 the
420 977 172 75 emperor’s
610 977 114 75 court;
752 977 53 75 for
820 977 106 75 which
938 977 109 75 reafon
1060 977 78 75 they
1150 977 58 75 ‘are

225 1024 104 75 called
347 1024 173 75 jujlitium
547 1024 218 75 imperatoris,
799 1024 56 75 the
883 1024 173 75 emperor’s
1082 1024 125 75 juftice,

225 1070 63 75 and
304 1070 83 75 aulic
403 1070 137 75 council.
581 1070 77 75 The
675 1070 83 75 aulic
771 1070 91 75 court
875 1070 102 75 ceafes
995 1070 32 75 at
1044 1070 55 75 the
1111 1070 97 75 death

227 1116 39 75 of
295 1116 57 75 the
378 1116 158 75 emperor,
572 1116 142 75 whereas
743 1116 54 75 the
826 1116 144 75 imperial
997 1116 151 75 chamber
1174 1116 41 75 of

228 1163 93 75 Spire
337 1163 27 75 is
381 1163 177 75 perpetual,
584 1163 213 75 reprefenting
812 1163 59 75 not
886 1163 78 75 only
985 1163 57 75 the
1058 1163 151 75 deceafed

228 1208 157 75 emperor,
410 1208 59 75 but
483 1208 57 75 the
556 1208 105 75 whole
677 1208 176 75 Germanic
869 1208 100 75 body,
994 1208 106 75 which
1116 1208 27 75 is
1159 1208 50 75 re-

228 1256 99 75 puted
342 1256 96 75 never
449 1256 34 75 to
500 1256 64 75 die.

181 1302 145 75 Aulic,
351 1302 32 75 in
406 1302 55 75 the
479 1302 167 75 Sorbonne
663 1302 60 75 and
741 1302 124 75 foreign
888 1302 207 75 univerfities,
1120 1302 26 75 is
1171 1302 38 75 an

227 1348 48 75 a<3
288 1348 104 75 which
405 1348 19 75 a
435 1348 108 75 young
553 1348 107 75 divine
672 1348 166 75 maintains
851 1348 85 75 upon
947 1348 95 75 being
1054 1348 157 75 admitted

229 1394 19 75 a
262 1394 113 75 dodtor
388 1394 35 75 jn
436 1394 146 75 divinity.
632 1394 32 75 It
681 1394 110 75 begins
807 1394 44 75 by
868 1394 38 75 an
919 1394 161 75 harangue
1096 1394 40 75 of
1153 1394 57 75 the

228 1440 194 75 chancellor,
447 1440 162 75 addreffed
621 1440 35 75 to
672 1440 56 75 the
744 1440 107 75 young
863 1440 124 75 dodtor,
1005 1440 83 75 after
1105 1440 105 75 which

228 1487 40 75 he
285 1487 138 75 receives
440 1487 55 75 the
512 1487 69 75 cap,
608 1487 61 75 and
686 1487 136 75 prefides
839 1487 33 75 at
895 1487 55 75 the
975 1487 96 75 aulic,
1095 1487 38 75 or
1148 1487 61 75 de-

228 1533 160 75 putation.

182 1580 177 75 AULOS,
385 1580 19 75 a
419 1580 142 75 Grecian
585 1580 77 75 long
685 1580 153 75 meafure,
862 1580 56 75 the
943 1580 83 75 fame
1050 1580 84 75 with
1152 1580 59 75 fta-

231 1626 100 75 dium.

182 1672 220 75 AUMBRY,
428 1672 18 75 a
463 1672 243 75 country-word
722 1672 154 75 denoting
890 1672 20 75 a
924 1672 191 75 cup-board.

182 1718 157 75 AUME,
365 1718 18 75 a
395 1718 113 75 Dutch
526 1718 140 75 meafure
684 1718 51 75 for
752 1718 140 75 Rhenifh
910 1718 93 75 wine,
1030 1718 183 75 containing

231 1764 89 75 forty
336 1764 131 75 Englifh
485 1764 136 75 gallons.

183 1811 439 75 AUNCEL-WEIGHT,
648 1811 38 75 an
699 1811 125 75 ancient
839 1811 78 75 kind
929 1811 39 75 of
979 1811 144 75 balance,
1139 1811 74 75 now

229 1856 58 75 out
314 1856 40 75 of
374 1856 64 75 ufe,
462 1856 96 75 being
583 1856 183 75 prohibited
789 1856 44 75 by
858 1856 120 75 feveral
1003 1856 141 75 llatutes,
1170 1856 42 75 on

229 1903 136 75 account
381 1903 41 75 of
440 1903 56 75 the
511 1903 95 75 many
622 1903 120 75 deceits
759 1903 152 75 pradlifed
936 1903 43 75 by
994 1903 38 75 it.
1081 1903 33 75 It
1136 1903 76 75 con-

232 1949 91 75 fifted
338 1949 40 75 of
397 1949 97 75 feales
509 1949 140 75 hanging
664 1949 40 75 on
721 1949 117 75 hooks,
855 1949 141 75 fattened
1008 1949 33 75 at
1057 1949 78 75 each
1152 1949 63 75 end

231 1995 42 75 of
290 1995 19 75 a
324 1995 105 75 beam,
454 1995 105 75 which
586 1995 18 75 a
629 1995 71 75 man
718 1995 94 75 lifted
830 1995 41 75 up
888 1995 41 75 on
952 1995 50 75 his
1027 1995 97 75 hand.
1175 1995 37 75 In

232 2041 96 75 many
344 2041 86 75 parts
455 2041 40 75 of
514 2041 162 75 England,
703 2041 246 75 auncel-weight
972 2041 132 75 fignifies
1129 2041 85 75 meat

233 2087 69 75 fold
319 2087 42 75 by
378 2087 54 75 the
444 2087 99 75 hand,
570 2087 136 75 without
723 2087 111 75 fcales.

186 2134 150 75 AUNE,
373 2134 17 75 a
420 2134 76 75 long
524 2134 139 75 meafure
694 2134 76 75 ufed
798 2134 33 75 in
861 2134 121 75 France
1010 2134 36 75 to
1073 2134 141 75 meafure

234 2180 117 75 cloths,
377 2180 99 75 fluffs,
503 2180 143 75 ribbons,

786 2180 49 75 At
851 2180 116 75 Rouen
983 2180 26 75 it
1024 2180 27 75 is
1069 2180 93 75 equal
1180 2180 34 75 to

234 2226 61 75 one
319 2226 132 75 Englifh
476 2226 63 75 ell;
570 2226 33 75 at
627 2226 123 75 Calais,
774 2226 37 75 to
840 2226 100 75 1.52;
972 2226 34 75 at
1029 2226 126 75 Lyons,
1179 2226 36 75 to

241 2274 122 75 1.016;
391 2274 60 75 and
469 2274 33 75 at
518 2274 103 75 Paris,
646 2274 35 75 to
697 2274 97 75 0.95.

189 2320 162 75 AUNIS,
376 2320 19 75 a
410 2320 158 75 maritime
591 2320 149 75 province
762 2320 41 75 of
820 2320 136 75 France,
981 2320 41 75 on
1047 2320 56 75 the
1125 2320 90 75 weft-

236 2365 55 75 ern
308 2365 89 75 fhore
414 2365 39 75 of
472 2365 55 75 the
544 2365 70 75 Bay
638 2365 40 75 of
697 2365 126 75 Bifcay,
848 2365 118 75 having
987 2365 56 75 the
1067 2365 150 75 province

236 2411 40 75 of
294 2411 133 75 Poidtou
444 2411 41 75 on
502 2411 56 75 the
574 2411 109 75 north,
708 2411 62 75 and
787 2411 175 75 Santoigne
979 2411 40 75 on
1035 2411 56 75 the
1107 2411 108 75 fouth.

189 2457 336 75 AVOCATORIA,
551 2457 18 75 a
594 2457 147 75 mandate
765 2457 41 75 of
824 2457 54 75 the
904 2457 89 75 empe
1011 2457 37 75 or
1071 2457 40 75 of
1129 2457 87 75 Ger-

236 2504 107 75 many,
368 2504 162 75 addreffed
546 2504 35 75 to
597 2504 85 75 fome
698 2504 120 75 prince,
843 2504 31 75 in
900 2504 95 75 order
1018 2504 35 75 to
1076 2504 67 75 ftop
1165 2504 50 75 his

235 2549 154 75 unlawful
413 2549 206 75 proceedings
636 2549 32 75 in
686 2549 62 75 any
763 2549 90 75 caufe
873 2549 150 75 appealed
1039 2549 35 75 to
1096 2549 79 75 him.

189 2596 305 75 AVOIDANCE,
520 2596 32 75 in
570 2596 55 75 the
642 2596 101 75 canon
768 2596 74 75 law,
867 2596 26 75 is
919 2596 92 75 when
1037 2596 18 75 a
1078 2596 139 75 benefice

236 2643 144 75 becomes
404 2643 76 75 void
502 2643 40 75 of
561 2643 38 75 an
616 2643 194 75 incumbent,
835 2643 105 75 which
951 2643 8 75 '
959 2643 138 75 happens
1113 2643 104 75 either

235 2689 33 75 in
300 2689 75 75 fadt,
402 2689 32 75 as
455 2689 44 75 by
523 2689 56 75 the
602 2689 41 75 de
643 2721 9 49 t
652 2689 47 75 ith
723 2689 40 75 of
781 2689 56 75 the
860 2689 136 75 perfon;
1023 2689 37 75 or
1082 2689 33 75 in
1139 2689 75 75 law,

236 2736 34 75 as
294 2736 44 75 by
361 2736 123 75 ceffion,
509 2736 212 75 deprivation,
746 2736 203 75 refignation,
974 2736 66 75 <bc.
1096 2736 38 75 In
1160 2736 55 75 the

232 2782 66 75 firft
315 2782 40 75 of
372 2782 88 75 thefe
476 2782 98 75 cafes,
598 2782 55 75 the
669 2782 114 75 patron
799 2782 80 75 mutt
895 2782 74 75 take
981 2782 106 75 notice
1104 2782 41 75 of
1160 2782 55 75 the

238 2828 182 75 avoidance,
446 2828 33 75 at
495 2828 49 75 his
557 2828 101 75 peril;
685 2828 57 75 but
764 2828 32 75 in
814 2828 171 75 avoidance
1002 2828 43 75 by
1061 2828 74 75 law,
1160 2828 56 75 the

235 2875 151 75 ordinary
401 2875 26 75 is
440 2875 128 75 obliged
583 2875 36 75 to
634 2875 73 75 give
722 2875 106 75 notice
845 2875 35 75 to
896 2875 54 75 the
962 2875 126 75 patron,
1113 2875 32 75 in
1162 2875 52 75 or-

237 2921 57 75 der
309 2921 34 75 to
360 2921 130 75 prevent
507 2921 17 75 a
540 2921 98 75 lapfe.

189 2969 150 75 AVON,
364 2969 18 75 a
406 2969 83 75 river
512 2969 40 75 of
571 2969 161 75 England,
758 2969 118 75 which,
902 2969 110 75 taking
1034 2969 42 75 its
1099 2969 59 75 rife
1183 2969 32 75 in

236 3015 178 75 Wiltihire,
432 3015 73 75 runs
522 3015 43 75 by
579 3015 100 75 Bath,
704 3015 106 75 where
826 3015 26 75 it
869 3015 146 75 becomes
1034 3015 178 75 navigable.

1300 237 60 75 and
1378 237 167 75 continues
1560 237 41 75 its
1618 237 111 75 courfe
1741 237 141 75 towards
1898 237 131 75 Brittol,
2055 237 105 75 below
2179 237 106 75 which

1302 282 66 75 city
1384 282 25 75 it
1421 282 73 75 falls
1509 282 70 75 into
1591 282 55 75 the
1664 282 133 75 Severn.

1254 329 111 75 Avon
1396 329 27 75 is
1448 329 64 75 alfo
1541 329 18 75 a
1583 329 95 75 river,
1704 329 119 75 which,
1848 329 94 75 rifing
1970 329 32 75 in
2029 329 255 75 Leicefterfhire,

1302 375 75 75 runs
1401 375 185 75 fouth-weft
1603 375 42 75 by
1660 375 170 75 Warwick
1854 375 62 75 and
1938 375 169 75 Evefham,
2132 375 63 75 and
2209 375 76 75 falls

1302 421 69 75 into
1387 421 56 75 the
1456 421 119 75 Severn
1593 421 33 75 at
1641 421 202 75 Tewkfbury
1858 421 33 75 in
1908 421 282 75 Gloucefterfhire.

1254 470 279 75 AVOSETTA,
1551 470 32 75 in
1596 470 220 75 ornithology.
1858 470 61 75 See
1931 470 351 75 Recurvikostra;

1254 515 229 75 AVOWEE,
1509 515 60 75 one
1586 515 74 75 who
1676 515 56 75 has
1751 515 17 75 a
1792 515 88 75 right
1904 515 34 75 to
1963 515 126 75 prefent
2105 515 35 75 to
2156 515 20 75 a
2191 515 95 75 bene-

1302 560 70 75 fice.
1425 560 62 75 See
1505 560 236 75 Advowson.

1351 607 52 75 He
1419 607 27 75 is
1470 607 74 75 thus
1562 607 103 75 called
1687 607 33 75 in
1737 607 289 75 contradiftindtion
2046 607 36 75 to
2106 607 91 75 thofe
2212 607 75 75 who

1303 653 75 75 only
1395 653 80 75 have
1487 653 56 75 the
1560 653 91 75 lands
1667 653 35 75 to
1719 653 105 75 which
1841 653 55 75 the
1909 653 169 75 advowfon
2090 653 132 75 belongs
2235 653 53 75 for

1304 699 17 75 a
1343 699 80 75 term
1441 699 40 75 of
1500 699 104 75 years,
1630 699 37 75 or
1683 699 43 75 by
1742 699 102 75 virtue
1863 699 39 75 of
1921 699 150 75 intrufion
2089 699 36 75 or
2142 699 143 75 difleilin.

1305 745 61 75 See
1383 745 238 75 Intrusion,

1259 793 229 75 AVOWRY,
1513 793 34 75 in
1571 793 75 75 law,
1671 793 26 75 is
1721 793 107 75 where
1844 793 20 75 a
1887 793 113 75 perfon
2025 793 171 75 diftrained
2217 793 71 75 fues

1303 837 56 75 out
1376 837 18 75 a
1411 837 138 75 replevin
1562 837 11 75 ;
1600 837 52 75 for
1668 837 76 75 then
1765 837 56 75 the
1838 837 164 75 diftrainer
2019 837 79 75 mutt
2113 837 85 75 vow,
2224 837 63 75 and

1300 884 112 75 juttify
1428 884 49 75 his
1490 884 83 75 plea,
1598 884 105 75 which
1719 884 26 75 is
1761 884 106 75 called
1883 884 50 75 his
1946 884 143 75 avowry.
2140 884 63 75 See
2219 884 67 75 Re-

1309 931 157 75 PLEVEN.

1255 978 150 75 AURA,
1431 978 116 75 among
1563 978 229 75 phyfiologifts,
1816 978 134 75 fignifies
1966 978 19 75 a
2000 978 121 75 vapour
2132 978 38 75 or
2185 978 102 75 exha-

1303 1024 112 75 lation,
1433 1024 75 75 fuch
1526 1024 34 75 as
1578 1024 89 75 thofe
1684 1024 105 75 which
1802 1024 77 75 arife
1891 1024 84 75 from
1986 1024 183 75 mephitical
2181 1024 106 75 caves,

1309 1071 297 75 SeeMEPHiris,
1633 1071 62 75 and
1711 1071 284 75 Exhalation.

1258 1116 113 75 Aura
1389 1116 129 75 vitalis,
1544 1116 32 75 in
1599 1116 182 75 chemiftry,
1806 1116 19 75 a
1847 1116 83 75 term
1953 1116 77 75 ufed
2052 1116 44 75 by
2119 1116 169 75 HelmOnt,

1305 1162 51 75 for
1373 1162 86 75 what
1470 1162 109 75 others
1596 1162 62 75 call
1668 1162 57 75 the
1733 1162 137 75 flamma
1886 1162 128 75 vitalis,
2032 1162 37 75 or
2081 1162 88 75 vital
2173 1162 114 75 flame.

1258 1209 128 75 Aura,
1411 1209 33 75 in
1461 1209 219 75 ornithology,
1706 1209 54 75 the
1783 1209 109 75 trivial
1914 1209 91 75 name
2027 1209 41 75 of
2085 1209 20 75 a
2119 1209 118 75 fpecies
2253 1209 42 75 of

1306 1255 139 75 vulture.
1496 1255 63 75 See
1574 1255 209 75 Vulture.

1258 1302 218 75 AURACH,
1502 1302 18 75 a
1547 1302 86 75 town
1662 1302 40 75 of
1728 1302 126 75 Swabia
1880 1302 32 75 in
1940 1302 180 75 Germany,
2153 1302 136 75 fituated

1307 1347 97 75 about
1424 1347 37 75 15
1482 1347 90 75 miles
1589 1347 62 75 eaft
1679 1347 40 75 of
1736 1347 186 75 Tubingen,
1947 1347 33 75 in
1998 1347 21 75 9
2019 1329 22 49 0
2063 1347 44 75 20
2134 1347 45 75 E.
2195 1347 91 75 long,

1306 1393 59 75 and
1389 1393 70 75 48°
1480 1393 52 75 25'
1549 1393 48 75 N.
1615 1393 58 75 lat.

1258 1441 312 75 AURANCHES,
1596 1441 18 75 a
1629 1441 100 75 large,
1755 1441 118 75 ftrong,
1898 1441 62 75 and
1976 1441 72 75 well
2064 1441 142 75 fortified
2222 1441 67 75 city

1308 1485 39 75 of
1366 1485 121 75 France
1502 1485 33 75 in
1551 1485 54 75 the
1622 1485 339 75 Lower.Normandy,
1979 1485 133 75 fituated
2128 1485 33 75 in
2177 1485 39 75 x°
2236 1485 41 75 x6
2277 1467 12 49 ,

1306 1532 61 75 W.
1385 1532 88 75 long,
1499 1532 63 75 and
1575 1532 67 75 48°
1662 1532 55 75 41'
1733 1532 48 75 N.
1798 1532 59 75 lat.

1260 1579 316 75 AURANTIUM,
1601 1579 32 75 in
1651 1579 131 75 botany.
1833 1579 62 75 See
1912 1579 162 75 Citrus.

1261 1626 219 75 AURATA,
1505 1626 32 75 in
1552 1626 224 75 ichthyology,
1802 1626 56 75 the
1875 1626 107 75 trivial
2005 1626 91 75 name
2118 1626 41 75 of
2178 1626 18 75 a
2218 1626 70 75 fpe-

1310 1671 62 75 cies
1390 1671 40 75 of
1448 1671 129 75 fparus.'
1619 1671 61 75 See
1699 1671 164 75 Sparus.

1261 1719 233 75 AURATUS
1512 1719 105 75 eepues.
1668 1719 62 75 See
1747 1719 131 75 Eques
1900 1719 206 75 Auratus.

1261 1764 181 75 AURAY,
1467 1764 19 75 a
1507 1764 140 75 fea-port
1664 1764 85 75 town
1765 1764 41 75 of
1826 1764 151 75 Brittany
1998 1764 34 75 in
2055 1764 133 75 France,
2214 1764 74 75 fitu-

1309 1809 73 75 ated
1399 1809 98 75 about
1519 1809 39 75 18
1579 1809 91 75 miles
1694 1809 172 75 fouth-eaft
1889 1809 41 75 of
1948 1809 221 75 Port-Lewis,
2193 1809 33 75 in
2245 1809 17 75 2
2262 1791 25 49 0

1310 1856 41 75 45
1382 1856 60 75 W.
1460 1856 87 75 long,
1574 1856 62 75 and
1654 1856 42 75 47
1696 1838 24 49 0
1741 1856 45 75 40
1786 1838 10 49 r
1812 1856 48 75 N.
1878 1856 58 75 lat.

1260 1902 232 75 AURELIA,
1517 1902 32 75 in
1567 1902 123 75 natural
1712 1902 132 75 hiftory,
1868 1902 57 75 the
1942 1902 83 75 fame
2048 1902 80 75 with
2152 1902 87 75 what
2262 1902 27 75 is

1308 1948 88 75 more
1421 1948 122 75 ufually
1564 1948 103 75 called
1693 1948 164 75 chryfalis,
1882 1948 65 75 and
1968 1948 179 75 fometimes
2163 1948 125 75 nymph.

1309 1995 61 75 See
1387 1995 241 75 Chrysalis.

1261 2040 304 75 AURELIANA,
1590 2040 33 75 in
1639 2040 132 75 botany.
1821 2040 61 75 See
1898 2040 140 75 Pinax.

1261 2087 358 75 AURENGABAD,
1644 2087 18 75 a
1678 2087 87 75 large
1783 2087 64 75 city
1863 2087 33 75 in
1918 2087 56 75 the
1999 2087 148 75 province
2171 2087 40 75 of
2229 2087 60 75 Vi-

1308 2132 123 75 fiapour
1454 2132 32 75 in
1510 2132 105 75 India,
1641 2132 42 75 on
1706 2132 67 75 this
1794 2132 62 75 fide
1880 2132 57 75 the
1959 2132 154 75 Ganges;
2138 2132 44 75 E.
2199 2132 90 75 long.

1314 2179 15 75 5
1329 2161 25 49 0
1377 2179 54 75 30'
1431 2179 12 75 ,
1470 2179 61 75 and
1547 2179 49 75 N.
1613 2179 59 75 lat.
1691 2179 62 75 19°
1778 2179 52 75 15'
1830 2179 11 75 .

1262 2226 251 75 AUREOLA,
1553 2226 32 75 in
1617 2226 41 75 its
1691 2226 133 75 original
1856 2226 218 75 fignification,
2110 2226 134 75 fignifies
2272 2226 20 75 a

1305 2271 109 75 jewel,
1432 2271 104 75 which
1549 2271 25 75 is
1591 2271 157 75 propofed
1759 2271 33 75 as
1806 2271 18 75 a
1841 2271 125 75 reward
1977 2271 39 75 of
2027 2271 123 75 vidtory
2161 2271 32 75 in
2204 2271 87 75 fome

1310 2317 108 75 public
1445 2317 133 75 difpute.
1629 2317 124 75 Hence,
1786 2317 56 75 the
1874 2317 128 75 Roman
2030 2317 182 75 fchoolmen
2235 2317 55 75 ap-

1312 2364 84 75 plied
1420 2364 26 75 it
1472 2364 35 75 to
1530 2364 117 75 denote
1672 2364 55 75 the
1751 2364 123 75 reward
1898 2364 158 75 beftowed
2080 2364 41 75 on
2137 2364 152 75 martyrs,

1310 2409 133 75 virgins,
1466 2409 63 75 and
1546 2409 139 75 dodfors,
1711 2409 40 75 on
1769 2409 134 75 account
1917 2409 39 75 of
1967 2409 84 75 their
2066 2409 106 75 works
2189 2409 40 75 of
2240 2409 51 75 fu-

1311 2455 243 75 pererogation;
1582 2455 62 75 and
1664 2455 138 75 painters
1819 2455 53 75 ufe
1891 2455 24 75 it
1933 2455 34 75 to
1983 2455 112 75 fignify
2110 2455 57 75 the
2184 2455 106 75 crown

1310 2501 40 75 of
1367 2501 106 75 glory,
1497 2501 78 75 with
1592 2501 105 75 which
1714 2501 78 75 they
1809 2501 100 75 adorn
1932 2501 54 75 the
2009 2501 98 75 heads
2123 2501 41 75 of
2181 2501 109 75 faints,

1312 2548 182 75 confeffors,
1520 2548 64 75 <bc.

1263 2597 209 75 AUREUS,
1517 2597 18 75 a
1562 2597 127 75 Roman
1722 2597 78 75 gold
1830 2597 84 75 coin,
1956 2597 94 75 equal
2078 2597 33 75 in
2137 2597 92 75 value
2255 2597 37 75 to

1311 2640 197 75 twenty-five
1523 2640 134 75 denarii.

1263 2687 200 75 AURICH,
1489 2687 18 75 a
1524 2687 86 75 town
1627 2687 40 75 of
1685 2687 200 75 Weftphalia
1900 2687 33 75 in
1955 2687 178 75 Germany,
2158 2687 134 75 fituated

1310 2733 97 75 about
1429 2733 38 75 12
1486 2733 91 75 miles
1602 2733 174 75 north-eaft
1801 2733 218 75 of-Embden,
2045 2733 33 75 in
2103 2733 44 75 6°
2167 2733 43 75 yo
2210 2715 12 49 7
2245 2733 46 75 E.

1311 2781 89 75 long,
1426 2781 60 75 and
1507 2781 64 75 53°
1592 2781 55 75 4c/
1663 2781 48 75 N.
1729 2781 59 75 lat.

1265 2826 378 75 AURICHALCUM,
1686 2826 38 75 or
1755 2826 282 75 Orichalcum.
2104 2826 60 75 Se^
2197 2826 93 75 Ori-

1315 2871 18 75 c
1341 2871 72 75 hal
1421 2871 94 75 cum.

1262 2918 229 75 AURICLE,
1516 2918 32 75 in
1566 2918 162 75 anatomy,
1753 2918 71 75 that
1841 2918 71 75 part
1930 2918 40 75 of
1988 2918 56 75 the
2067 2918 54 75 ear
2137 2918 103 75 which
2259 2918 27 75 is

1310 2963 179 75 prominent
1504 2963 85 75 from
1606 2963 55 75 the
1677 2963 95 75 head,
1798 2963 103 75 called
1917 2963 43 75 by
1976 2963 95 75 many
2088 2963 130 75 authors
2230 2963 60 75 au~

1310 3010 46 75 ris
1374 3010 146 75 externa.
1570 3010 63 75 See
1649 3010 34 75 p.
1703 3010 80 75 295.

2151 3056 136 75 AURI-
