2498 3377
190 179 81 75 296

735 179 42 75 A
892 179 44 75 N
1050 179 42 75 A
1203 179 40 75 T

189 231 140 75 portion,
356 231 62 75 and
435 231 84 75 form
539 231 18 75 a
570 231 81 75 *ci«d
668 231 40 75 of
720 231 173 75 cutaneous
911 231 75 75 tube
1002 231 33 75 in
1053 231 55 75 the
1132 231 94 75 other

191 278 142 75 portion.

236 326 77 75 The
329 326 33 75 fit
364 326 31 75 in
412 326 106 75 which
536 326 112 75 covers
665 326 80 75 both
758 326 83 75 fides
855 326 39 75 of
907 326 55 75 the
980 326 153 75 cartilage
1149 326 76 75 con-

189 370 81 75 tains
289 370 18 75 a
322 370 92 75 great
430 370 133 75 number
583 370 41 75 of
643 370 89 75 finall
748 370 126 75 glands,
900 370 105 75 which
1030 370 198 75 continually

188 418 165 75 difcharge
375 418 39 75 an
439 418 68 75 oily
531 418 124 75 whitifh
680 418 150 75 humour,
849 418 154 75 collected
1020 418 115 75 chiefly
1150 418 78 75 near

191 468 55 75 the
258 468 164 75 adhefions
435 468 42 75 of
488 468 54 75 the
566 468 54 75 ear
636 468 35 75 to
686 468 56 75 the
760 468 94 75 head,
879 468 61 75 and
959 468 102 75 under
1085 468 56 75 the
1159 468 70 75 fold

189 511 42 75 of
243 511 56 75 the
315 511 90 75 helix
417 511 9 75 ;
454 511 62 75 and
534 511 87 75 thefe
633 511 112 75 glands
762 511 53 75 are
827 511 40 75 of
878 511 56 75 the
951 511 169 75 febaceous
1137 511 90 75 kind.

190 559 78 75 The
285 559 67 75 fkin
372 559 106 75 which
496 559 81 75 lines
601 559 55 75 the
673 559 122 75 meatus
813 559 176 75 auditorius
1009 559 148 75 contains
1175 559 54 75 an-

191 605 95 75 other
306 605 77 75 kind
411 605 41 75 of
469 605 127 75 glands,
621 605 40 75 of
673 605 18 75 a
703 605 166 75 yellowifh
894 605 125 75 colour,
1044 605 64 75 and
1123 605 107 75 which

190 653 77 75 may
282 653 38 75 be
338 653 120 75 plainly
475 653 69 75 leen
569 653 43 75 on
629 653 56 75 the
701 653 126 75 convex
847 653 63 75 fide
931 653 40 75 of
984 653 54 75 the
1054 653 176 75 cutaneous

192 699 77 75 tube
286 699 129 75 already
433 699 195 75 mentioned.

237 748 111 75 Thefe
359 748 113 75 glands
490 748 53 75 are
559 748 144 75 difpofed
717 748 35 75 in
769 748 75 75 fech
861 748 19 75 a
896 748 131 75 manner
1045 748 34 75 as
1093 748 35 75 to
1139 748 91 75 leave

190 793 153 75 reticular
360 793 24 75 {'
384 793 81 75 paces
483 793 144 75 between
644 793 100 75 them,
763 793 61 75 and
838 793 77 75 they
931 793 163 75 penetrate
1110 793 19 75 a
1144 793 85 75 little

192 840 72 75 way
276 840 69 75 into
357 840 54 75 the
427 840 162 75 fubftance
604 840 41 75 of
653 840 60 75 the
729 840 80 75 fkin.
841 840 99 75 They
954 840 53 75 are
1019 840 104 75 called
1129 840 99 75 glan-

193 886 85 75 dule
301 886 217 75 ceruminofe,
554 886 133 75 becaufe
715 886 78 75 they
818 886 165 75 difcharge
1012 886 72 75 that
1111 886 119 75 matter

192 934 107 75 which
316 934 27 75 is
359 934 116 75 named
491 934 161 75 cerumen,
679 934 37 75 or
733 934 55 75 the
804 934 78 75 wax
902 934 44 75 of
952 934 52 75 the
1022 934 70 75 ear.
1152 934 78 75 The

193 981 90 75 inner
299 981 123 75 furface
437 981 42 75 of
491 981 55 75 the
570 981 173 75 cutaneous
761 981 76 75 tube
854 981 27 75 is
897 981 59 75 full
986 981 40 75 of
1049 981 61 75 fine
1127 981 100 75 hairs,

194 1029 147 75 between
363 1029 104 75 which
485 1029 40 75 lie
543 1029 55 75 the
612 1029 125 75 orifices
754 1029 40 75 of
811 1029 56 75 the
883 1029 202 75 ceruminous
1102 1029 126 75 glands.

192 1075 77 75 The
286 1075 65 75 firfl
372 1075 91 75 place
478 1075 33 75 in
528 1075 106 75 which
651 1075 49 75 we
712 1075 84 75 meet
812 1075 80 75 with
909 1075 87 75 thefe
1013 1075 113 75 glands
1143 1075 26 75 is
1187 1075 42 75 on

195 1122 71 75 that
282 1122 72 75 part
366 1122 41 75 of
428 1122 55 75 the
496 1122 127 75 convex
638 1122 63 75 fide
717 1122 40 75 of
762 1122 58 75 the
835 1122 177 75 cutaneous
1024 1122 78 75 tube
1124 1122 108 75 which

194 1170 134 75 fupplies
345 1170 56 75 the
421 1170 115 75 breaks
551 1170 43 75 of
601 1170 58 75 the
672 1170 227 75 cartilaginous
916 1170 136 75 meatus.

243 1216 55 75 All
317 1216 56 75 the
388 1216 89 75 bony
492 1216 87 75 parts
597 1216 40 75 of
655 1216 62 75 the
732 1216 99 75 organ
849 1216 40 75 of
905 1216 145 75 hearing,
1075 1216 38 75 or
1129 1216 100 75 bones

196 1262 40 75 of
246 1262 55 75 the
324 1262 137 75 internal
477 1262 66 75 ear,
567 1262 95 75 being
679 1262 170 75 contained
865 1262 33 75 in
925 1262 56 75 the
997 1262 133 75 inferior
1155 1262 75 75 por-

195 1309 84 75 tions
297 1309 41 75 of
349 1309 54 75 the
416 1309 64 75 OfTa
494 1309 201 75 teroporum;
720 1309 27 75 it
764 1309 66 75 will
845 1309 40 75 be
901 1309 78 75 very
995 1309 115 75 proper
1128 1309 36 75 to
1178 1309 51 75 re-

196 1356 113 75 coiled!
325 1356 89 75 what
430 1356 57 75 has
504 1356 79 75 been
601 1356 130 75 already
741 1356 67 75 faid
826 1356 98 75 about
941 1356 100 75 thefe,
1058 1356 32 75 in
1103 1356 79 75 Part
1198 1356 31 75 I.

244 1403 56 75 All
314 1403 54 75 the
385 1403 86 75 bony
487 1403 98 75 organ
599 1403 39 75 of
649 1403 133 75 hearing
799 1403 73 75 may
883 1403 40 75 be
934 1403 130 75 divided
1073 1403 73 75 into
1157 1403 75 75 four

196 1449 128 75 general
356 1449 88 75 parts
465 1449 9 75 :
520 1449 32 75 i.
588 1449 78 75 The
700 1449 148 75 external
881 1449 123 75 meatus
1032 1449 197 75 auditorius;

200 1499 33 75 2.
257 1499 77 75 The
350 1499 186 75 tympanum
561 1499 39 75 or
620 1499 109 75 barrel
746 1499 41 75 of
801 1499 56 75 the
873 1499 76 75 ear;
989 1499 33 75 3.
1047 1499 77 75 The
1139 1499 92 75 laby-

197 1543 106 75 rinth;
332 1543 34 75 4..
390 1543 78 75 The
482 1543 135 75 internal
634 1543 122 75 meatus
769 1543 191 75 auditorius.
1008 1543 34 75 It
1061 1543 74 75 may
1150 1543 80 75 like-

201 1590 73 75 wife
302 1590 40 75 be
369 1590 130 75 divided
523 1590 69 75 into
617 1590 212 75 immoveable
854 1590 37 75 or
915 1590 184 75 containing
1130 1590 100 75 parts,

197 1637 106 75 which
318 1637 76 75 take
407 1637 32 75 in
456 1637 42 75 all
515 1637 56 75 the
586 1637 75 75 four
677 1637 131 75 already
820 1637 183 75 mentioned
1016 1637 10 75 ;
1046 1637 62 75 and
1123 1637 109 75 move-

199 1684 72 75 able
287 1684 38 75 or
337 1684 172 75 contained
532 1684 99 75 parts,
656 1684 106 75 which
781 1684 52 75 are
853 1684 75 75 four
943 1684 85 75 little
1044 1684 100 75 bones
1161 1684 71 75 lod-

200 1730 62 75 ged
277 1730 32 75 in
327 1730 56 75 the
396 1730 202 75 tympanum,
623 1730 102 75 called
738 1730 109 75 incus,
865 1730 150 75 malleus,
1028 1730 125 75 Jlapes,
1171 1730 63 75 and

200 1777 31 75 os
247 1777 185 75 orbiculare
448 1777 37 75 or
501 1777 210 75 Jenticulare.

246 1825 76 75 The
339 1825 145 75 external
502 1825 149 75 auditory
666 1825 123 75 pafTage
805 1825 111 75 begins
941 1825 44 75 by
1008 1825 56 75 the
1086 1825 148 75 external

199 1870 149 75 auditory
363 1870 89 75 hole,
465 1870 55 75 the
532 1870 81 75 edge
629 1870 41 75 of
681 1870 104 75 which
798 1870 27 75 is
839 1870 101 75 rough
954 1870 62 75 and
1031 1870 200 75 prominent;

198 1918 59 75 but
272 1918 187 75 backwards
477 1918 140 75 towards
634 1918 56 75 the
707 1918 132 75 maftoid
856 1918 164 75 apophyfis
1048 1918 27 75 it
1103 1918 130 75 appears

200 1964 78 75 very
294 1964 97 75 much
414 1964 119 75 floped.
581 1964 77 75 The
675 1964 123 75 paffage
814 1964 91 75 itfelf
926 1964 28 75 is
982 1964 96 75 about
1101 1964 74 75 half
1194 1964 39 75 an

201 2011 78 75 inch
296 2011 31 75 in
344 2011 123 75 length,
493 2011 137 75 running
646 2011 167 75 obliquely
829 2011 87 75 from
933 2011 119 75 behind
1077 2011 155 75 forward,

201 2058 31 75 in
250 2058 19 75 a
285 2058 96 75 curve
401 2058 168 75 direction,
596 2058 62 75 and
683 2058 179 75 fometimes
879 2058 142 75 winding
1042 2058 23 75 a
1089 2058 85 75 little
1201 2058 33 75 in

204 2104 55 75 the
287 2104 135 75 middle,
455 2104 66 75 like
549 2104 18 75 a
591 2104 111 75 ferew.
752 2104 48 75 Its
828 2104 107 75 cavity
958 2104 27 75 is
1014 2104 110 75 almoft
1149 2104 85 75 oval,

203 2151 99 75 wider
319 2151 32 75 at
367 2151 56 75 the
439 2151 94 75 entry
559 2151 78 75 than
664 2151 33 75 at
724 2151 57 75 the
809 2151 133 75 middle,
966 2151 84 75 after
1078 2151 105 75 which
1210 2151 27 75 it

203 2198 120 75 widens
340 2198 90 75 again
447 2198 44 75 by
509 2198 145 75 degrees.

250 2244 31 75 It
297 2244 186 75 terminates
498 2244 160 75 inwardly
673 2244 45 75 by
734 2244 38 75 an
790 2244 77 75 even
892 2244 139 75 circular
1054 2244 80 75 edge
1147 2244 90 75 lying

203 2291 31 75 in
253 2291 120 75 aplane
387 2291 79 75 very
488 2291 94 75 much
600 2291 163 75 inclined,'
776 2291 56 75 the
848 2291 100 75 upper
964 2291 71 75 part
1051 2291 40 75 of
1100 2291 27 75 it
1143 2291 95 75 being

204 2337 116 75 turned
337 2337 158 75 outward,
521 2337 63 75 and
600 2337 55 75 the
670 2337 100 75 lower
790 2337 71 75 part
878 2337 141 75 inward;
1044 2337 36 75 fo
1096 2337 70 75 that
1183 2337 56 75 the

205 2385 106 75 whole
328 2385 89 75 canal
434 2385 26 75 is
478 2385 112 75 longer
606 2385 40 75 on
665 2385 55 75 the
733 2385 99 75 lower
837 2385 66 75 fide
915 2385 77 75 than
1005 2385 42 75 on
1059 2385 55 75 the
1125 2385 112 75 upper.

205 2432 76 75 The
298 2432 139 75 concave
453 2432 62 75 fide
543 2432 40 75 of
606 2432 56 75 the
689 2432 136 75 circular
849 2432 81 75 edge
945 2432 27 75 is
989 2432 144 75 grooved
1148 2432 91 75 quite

207 2478 115 75 round.

255 2525 37 75 In
311 2525 142 75 children
471 2525 64 75 this
546 2525 88 75 bony
650 2525 89 75 canal
757 2525 25 75 is
800 2525 154 75 wanting,
979 2525 33 75 as
1028 2525 74 75 well
1126 2525 33 75 as
1185 2525 56 75 the

206 2571 135 75 maftoid
357 2571 185 75 apophyfis;
569 2571 63 75 and
655 2571 55 75 the
737 2571 90 75 inner
842 2571 136 75 circular
994 2571 80 75 edge
1090 2571 27 75 is
1146 2571 18 75 a
1191 2571 49 75 di-

209 2619 89 75 frinct
320 2619 86 75 ring,
431 2619 106 75 which
562 2619 31 75 in
630 2619 39 75 an
696 2619 160 75 advanced
885 2619 58 75 age
967 2619 104 75 unites
1097 2619 143 75 intirely,

209 2667 63 75 and
300 2667 146 75 becomes
470 2667 61 75 one
555 2667 89 75 piece
660 2667 79 75 with
756 2667 57 75 the
831 2667 72 75 reft.
952 2667 33 75 It
1001 2667 27 75 is
1044 2667 125 75 termed
1186 2667 55 75 the

208 2712 76 75 bony
301 2712 101 75 circle
418 2712 32 75 in
470 2712 130 75 infants,
625 2712 63 75 and
705 2712 114 75 indeed
835 2712 25 75 it
877 2712 26 75 is
915 2712 77 75 very
1005 2712 95 75 eafily
1116 2712 124 75 fepara-

209 2760 56 75 ted
282 2760 85 75 from
384 2760 42 75 all
439 2760 54 75 the
509 2760 94 75 other
620 2760 97 75 parts.

257 2806 33 75 It
306 2806 110 75 would
432 2806 81 75 feem
528 2806 179 75 therefore,
721 2806 71 75 that
809 2806 56 75 the
880 2806 107 75 whole
1003 2806 87 75 bony
1103 2806 88 75 canal
1209 2806 32 75 in

210 2854 105 75 adults
339 2854 26 75 is
389 2854 79 75 only
483 2854 19 75 a
517 2854 223 75 prolongation
756 2854 40 75 of
808 2854 55 75 the
878 2854 87 75 bony
981 2854 97 75 circle
1102 2854 32 75 in
1161 2854 80 75 chil-

207 2900 79 75 dren
298 2900 10 75 ;
335 2900 132 75 becaufe
491 2900 79 75 even
593 2900 31 75 in
643 2900 18 75 a
676 2900 89 75 more
781 2900 162 75 advanced
959 2900 70 75 age,
1054 2900 55 75 the
1136 2900 107 75 whole

210 2949 90 75 canal
318 2949 84 75 may,
427 2949 140 75 without
575 2949 94 75 much
687 2949 172 75 difficulty,
875 2949 40 75 be
930 2949 97 75 taken
1044 2949 70 75 out.
1162 2949 78 75 The

211 2991 136 75 circular
378 2991 119 75 groove
524 2991 57 75 lies
605 2991 146 75 between
768 2991 54 75 the
840 2991 132 75 maftoid
997 2991 164 75 apophyfis
1179 2991 62 75 and

213 3042 53 75 the
283 3042 150 75 articular
449 3042 104 75 fiflure
573 3042 37 75 ©r
626 3042 107 75 crack.

1359 173 40 75 O
1515 173 58 75 M.
1675 173 55 75 Y.

2111 173 100 75 Part
2232 173 71 75 VI.

1317 237 77 75 The
1411 237 184 75 tympanum
1615 237 38 75 or
1673 237 106 75 barrel
1795 237 42 75 of
1855 237 56 75 the
1933 237 55 75 ear
2016 237 27 75 is
2066 237 19 75 a
2102 237 107 75 cavity
2227 237 63 75 irre
2290 219 17 49 -

1274 280 126 75 gv.larly
1415 280 259 75 fgmi-fphericaJ,
1699 280 56 75 the
1771 280 125 75 bottom
1914 280 39 75 of
1964 280 25 75 it
2006 280 95 75 being
2127 280 116 75 turned
2260 280 31 75 in
2291 262 8 49 1
2299 280 7 75 -

1273 328 102 75 ward,
1400 328 63 75 and
1483 328 56 75 the
1558 328 114 75 mouth
1690 328 114 75 joined
1828 328 35 75 to
1888 328 56 75 the
1960 328 136 75 circular
2115 328 122 75 groove
2261 328 46 75 al-

1276 376 97 75 ready
1389 376 196 75 mentioned.
1634 376 89 75 Both
1740 376 177 75 eminences
1934 376 62 75 and
2012 376 131 75 cavities
2168 376 54 75 ate
2250 376 57 75 ob-

1274 423 142 75 fervable
1433 423 32 75 in
1479 423 41 75 it.

1322 470 76 75 The
1424 470 199 75 remarkable
1645 470 180 75 eminences
1850 470 54 75 are
1931 470 92 75 three
2047 470 32 75 in
2107 470 156 75 number;
2289 470 21 75 a

1276 515 87 75 large
1380 515 176 75 tuberofity
1571 515 88 75 lying
1670 515 33 75 in
1715 515 56 75 the
1788 515 78 75 very
1881 515 126 75 bottom
2024 515 41 75 of
2075 515 55 75 the
2146 515 117 75 barrel,
2290 515 20 75 a

1280 563 84 75 little
1379 563 127 75 toward
1522 563 56 75 the
1593 563 83 75 back
1692 563 93 75 part;
1812 563 63 75 and
1891 563 19 75 a
1936 563 88 75 fmall
2042 563 156 75 irregular
2214 563 94 75 pyra-

1277 610 66 75 mid
1358 610 134 75 fituated
1508 610 100 75 above
1624 610 55 75 the
1691 610 186 75 tuberofity,
1903 610 62 75 and
1982 610 18 75 a
2014 610 85 75 little
2111 610 88 75 more
2211 610 99 75 back-

1278 656 86 75 ward
1375 656 9 75 ;
1412 656 56 75 the
1483 656 83 75 apex
1583 656 40 75 of
1642 656 27 75 it
1682 656 28 75 is
1734 656 185 75 perforated
1932 656 46 75 by
1993 656 20 75 a
2027 656 90 75 fmall
2134 656 87 75 hole,
2247 656 63 75 and

1276 702 43 75 on
1335 702 61 75 one
1414 702 63 75 fide
1492 702 42 75 of
1544 702 57 75 the
1613 702 78 75 bafis
1704 702 65 75 two
1781 702 90 75 finall
1884 702 86 75 bony
1981 702 156 75 filaments
2149 702 55 75 are
2219 702 91 75 often

1277 750 102 75 found
1394 750 32 75 in
1443 750 19 75 a
1481 750 133 75 parallel
1630 750 160 75 fituation.
1837 750 41 75 In
1890 750 55 75 the
1961 750 88 75 third
2064 750 161 75 eminence
2242 750 25 75 is
2291 750 20 75 a

1278 797 106 75 cavity
1410 797 116 75 fhaped
1541 797 64 75 like
1622 797 55 75 the
1694 797 113 75 mouth
1824 797 41 75 of
1874 797 22 75 a
1910 797 110 75 fpoon,
2046 797 135 75 fituated
2203 797 33 75 at
2254 797 56 75 the

1279 843 98 75 upper
1393 843 63 75 and
1474 843 19 75 a
1509 843 84 75 little
1610 843 139 75 towards
1775 843 56 75 the
1858 843 142 75 anterior
2024 843 72 75 part
2112 843 43 75 of
2165 843 55 75 the
2237 843 72 75 bot-

1277 890 68 75 tom
1363 890 40 75 of
1414 890 56 75 the
1485 890 197 75 tympanum.

1322 937 78 75 The
1416 937 155 75 principal
1589 937 129 75 cavities
1734 937 33 75 in
1783 937 56 75 the
1851 937 185 75 tympanum
2054 937 66 75 are,
2145 937 56 75 the
2211 937 97 75 open-

1276 983 54 75 ing
1346 983 42 75 of
1398 983 55 75 the
1470 983 131 75 mafloid
1618 983 76 75 cells
1711 983 37 75 or
1764 983 188 75 finuofities;
1978 983 56 75 the
2050 983 138 75 opening
2196 983 48 75 .of
2254 983 56 75 the

1277 1030 193 75 Euftachian
1487 1030 97 75 tube;
1611 1030 55 75 the
1682 1030 86 75 bony
1784 1030 174 75 half-canal
1974 1030 11 75 ;
2011 1030 56 75 the
2084 1030 133 75 feneflra
2233 1030 77 75 ova-

1277 1077 42 75 lis
1333 1077 61 75 and
1412 1077 157 75 rotunda;
1597 1077 62 75 and
1687 1077 36 75 to
1750 1077 88 75 thefe
1862 1077 75 75 may
1960 1077 40 75 be
2028 1077 106 75 added
2150 1077 55 75 the
2220 1077 91 75 fmall

1278 1123 74 75 hole
1368 1123 29 75 in
1416 1123 55 75 the
1487 1123 160 75 pyramid.

1324 1171 77 75 The
1421 1171 188 75 opening-in
1633 1171 58 75 the
1715 1171 135 75 maftoid
1869 1171 77 75 cells
1975 1171 26 75 is
2032 1171 33 75 at
2082 1171 56 75 the
2152 1171 158 75 pofterior

1279 1216 62 75 and
1364 1216 101 75 upper
1480 1216 72 75 part
1578 1216 40 75 of
1639 1216 57 75 the
1711 1216 80 75 edge
1815 1216 41 75 of
1879 1216 55 75 the
1962 1216 117 75 barrel.
2127 1216 77 75 The
2232 1216 77 75 cells

1275 1263 192 75 themfelves
1492 1263 104 75 which
1613 1263 62 75 end
1692 1263 91 75 there
1800 1263 52 75 are
1869 1263 66 75 dug
1958 1263 32 75 in
2014 1263 56 75 the
2092 1263 159 75 fubftance
2275 1263 41 75 of

1278 1308 55 75 the
1344 1308 131 75 maftoid
1493 1308 137 75 procefs,
1647 1308 95 75 being
1753 1308 78 75 very
1842 1308 155 75 irregular
2006 1308 62 75 and
2084 1308 61 75 full
2157 1308 41 75 of
2208 1308 102 75 wind-

1279 1355 70 75 ings
1367 1355 62 75 and
1445 1355 159 75 turnings.

1326 1402 76 75 The
1418 1402 138 75 opening
1571 1402 40 75 of
1628 1402 55 75 the
1699 1402 192 75 Euftacljian
1909 1402 77 75 tube
2002 1402 28 75 is
2047 1402 32 75 at
2096 1402 55 75 the
2171 1402 140 75 anterior

1276 1448 66 75 and
1361 1448 18 75 a
1394 1448 83 75 little
1494 1448 125 75 toward
1635 1448 55 75 the
1706 1448 100 75 upper
1823 1448 70 75 part
1909 1448 41 75 of
1961 1448 54 75 the
2032 1448 80 75 edge
2124 1448 40 75 of
2171 1448 56 75 the
2238 1448 74 75 bar-

1280 1495 59 75 rel.
1387 1495 87 75 This
1491 1495 76 75 tube
1584 1495 75 75 runs
1683 1495 84 75 from
1790 1495 58 75 the
1865 1495 200 75 tympanum,
2090 1495 141 75 towards
2255 1495 58 75 the

1279 1541 153 75 pofterior
1444 1541 152 75 openings
1617 1541 39 75 of
1673 1541 55 75 the
1740 1541 83 75 nafal
1836 1541 100 75 foffie,
1962 1541 63 75 and
2041 1541 75 75 arch
2134 1541 40 75 of
2185 1541 55 75 the
2256 1541 56 75 pa-

1278 1589 78 75 late.
1404 1589 77 75 The
1497 1589 87 75 bony
1599 1589 128 75 portion
1743 1589 134 75 thereof
1888 1589 27 75 is
1937 1589 68 75 dug
2028 1589 32 75 in
2074 1589 56 75 the
2146 1589 166 75 apophyfis

1278 1635 138 75 petrofa,
1442 1635 94 75 along
1560 1635 56 75 the
1643 1635 75 75 duft
1745 1635 40 75 of
1803 1635 56 75 the
1883 1635 123 75 carotid
2034 1635 187 75 apophyfis;
2249 1635 63 75 and

1280 1681 93 75 when
1390 1681 25 75 it
1432 1681 105 75 leaves
1554 1681 85 75 that,
1663 1681 26 75 it
1705 1681 26 75 is
1749 1681 194 75 lengthened
1957 1681 59 75 out
2031 1681 43 75 by
2089 1681 56 75 the
2161 1681 99 75 fpinal
2278 1681 35 75 a-

1281 1729 146 75 pophyfis
1443 1729 41 75 cf
1498 1729 55 75 the
1575 1729 36 75 os
1631 1729 201 75 fphenoides.

1328 1775 76 75 The
1426 1775 88 75 bony
1530 1775 188 75 half-canal,
1751 1775 41 75 of
1804 1775 106 75 which
1928 1775 55 75 the
2002 1775 106 75 cavity
2124 1775 189 75 refembling

1281 1823 54 75 the
1352 1823 111 75 mouth
1480 1823 41 75 of
1540 1823 18 75 a
1580 1823 97 75 fpoon
1693 1823 27 75 is
1738 1823 56 75 the
1810 1823 187 75 extremity,
2022 1823 58 75 lies
2097 1823 217 75 immediately

1281 1867 100 75 above
1396 1867 56 75 the
1468 1867 192 75 Euftachian
1673 1867 88 75 tube,
1786 1867 141 75 towards
1944 1867 54 75 the
2010 1867 98 75 upper
2124 1867 62 75 fide
2206 1867 39 75 of
2255 1867 59 75 the

1279 1912 166 75 apophyfis
1463 1912 137 75 petrofa,
1624 1912 39 75 or
1679 1912 110 75 rather
1799 1912 33 75 in
1844 1912 56 75 the
1916 1912 79 75 very
2009 1912 161 75 fubftance
2189 1912 43 75 of
2238 1912 76 75 that

1280 1959 99 75 upper
1396 1959 73 75 fide.

1327 2006 77 75 The
1420 2006 134 75 feneftra
1566 2006 98 75 ovalis
1681 2006 27 75 is
1723 2006 18 75 a
1757 2006 73 75 bole
1843 2006 41 75 of
1890 2006 265 75 communication
2168 2006 144 75 between

1282 2054 55 75 the
1353 2054 185 75 tympanum
1555 2054 62 75 and
1630 2054 178 75 labyrinth.
1857 2054 32 75 It
1903 2054 60 75 lies
1979 2054 217 75 immediately
2212 2054 101 75 above

1283 2100 54 75 the
1354 2100 186 75 tuberofity,
1565 2100 57 75 the
1637 2100 99 75 upper
1752 2100 62 75 fide
1831 2100 40 75 of
1881 2100 26 75 it
1923 2100 95 75 being
2030 2100 18 75 a
2056 2100 87 75 little
2155 2100 156 75 rounded,

1282 2147 57 75 the
1354 2147 101 75 lower
1471 2147 18 75 a
1504 2147 85 75 little
1605 2147 111 75 flatted
1731 2147 11 75 ;
1768 2147 63 75 and
1846 2147 61 75 one
1927 2147 174 75 extremity
2116 2147 97 75 being
2224 2147 89 75 turn-

1285 2193 39 75 ed
1341 2193 154 75 forward,
1521 2193 55 75 the
1594 2193 93 75 other
1704 2193 185 75 backward.

1331 2241 76 75 The
1420 2241 135 75 feneftra
1571 2241 139 75 rotunda
1724 2241 27 75 is
1767 2241 179 75 fomething
1959 2241 60 75 lefs
2038 2241 77 75 than
2131 2241 57 75 the
2198 2241 115 75 ovalis,

1286 2287 61 75 and
1364 2287 133 75 fituated
1514 2287 31 75 in
1562 2287 55 75 the
1633 2287 113 75 lower,
1764 2287 63 75 and
1847 2287 18 75 a
1880 2287 86 75 little
1984 2287 139 75 towards
2141 2287 54 75 the
2212 2287 102 75 pofte-

1285 2334 66 75 rior
1363 2334 71 75 part
1446 2334 39 75 of
1496 2334 56 75 the
1568 2334 86 75 large
1662 2334 177 75 tuberofity
1853 2334 11 75 ;
1889 2334 57 75 the
1957 2334 137 75 opening
2106 2334 39 75 of
2151 2334 39 75 it,
2208 2334 106 75 which

1285 2382 25 75 is
1327 2382 54 75 the
1398 2382 108 75 orifice
1523 2382 40 75 of
1575 2382 17 75 a
1607 2382 172 75 particular
1794 2382 74 75 dufi
1890 2382 32 75 in
1946 2382 56 75 the
2025 2382 176 75 labyrinth,
2225 2382 90 75 lying

1285 2428 166 75 obliquely
1465 2428 172 75 backward
1653 2428 62 75 and
1731 2428 158 75 outward.

1334 2474 74 75 The
1424 2474 75 75 hole
1519 2474 30 75 in
1573 2474 57 75 the
1657 2474 82 75 apex
1764 2474 39 75 of
1822 2474 56 75 the
1909 2474 145 75 pyramid
2081 2474 27 75 is
2135 2474 56 75 the
2207 2474 109 75 orifice

1282 2521 44 75 of
1339 2521 16 75 a
1372 2521 117 75 cavity,
1514 2521 106 75 which
1638 2521 74 75 may
1736 2521 40 75 be
1801 2521 115 75 named
1940 2521 55 75 the
1999 2521 98 75 firms
2120 2521 43 75 of
2181 2521 66 75 this
2257 2521 57 75 py-

1286 2568 121 75 ramid.

1333 2615 76 75 The
1425 2615 186 75 tympanum
1634 2615 141 75 contains
1792 2615 118 75 feveral
1928 2615 84 75 little
2025 2615 101 75 bones
2143 2615 103 75 called
2262 2615 55 75 the

1288 2661 89 75 hones
1396 2661 42 75 of
1452 2661 53 75 the
1529 2661 70 75 ear.
1647 2661 100 75 They
1770 2661 52 75 are
1842 2661 162 75 generally
2020 2661 73 75 four
2111 2661 37 75 in
2168 2661 145 75 number,

1287 2705 223 75 denominated
1525 2705 85 75 from
1630 2705 178 75 fomething
1827 2705 35 75 to
1885 2705 104 75 which
2013 2705 78 75 they
2108 2705 52 75 are
2177 2705 139 75 thought

1285 2754 37 75 to
1346 2754 75 75 bear
1438 2754 18 75 a
1472 2754 224 75 refemblance,
1721 2754 72 75 viz.
1817 2754 103 75 incus,
1944 2754 145 75 malleus,
2115 2754 111 75 ftapes,
2252 2754 65 75 and

1287 2802 36 75 os
1344 2802 180 75 orbiculare
1545 2802 37 75 or
1598 2802 185 75 lenticuiare

1335 2846 76 75 The
1428 2846 102 75 incus,
1559 2846 36 75 or
1609 2846 96 75 anvil,
1723 2846 182 75 refembles,
1929 2846 33 75 in
1977 2846 85 75 fome
2078 2846 151 75 meafure,
2254 2846 62 75 one

1289 2895 39 75 of
1342 2895 55 75 the
1418 2895 140 75 anterior
1573 2895 145 75 grinders
1734 2895 79 75 with
1831 2895 40 75 its
1884 2895 89 75 roots
1990 2895 33 75 at
2038 2895 18 75 a
2072 2895 88 75 great
2178 2895 138 75 diftance

1288 2941 82 75 from
1382 2941 80 75 each
1479 2941 114 75 other;
1620 2941 32 75 at
1668 2941 76 75 leaft
1755 2941 26 75 it
1794 2941 106 75 comes
1919 2941 111 75 nearer
2047 2941 35 75 to
2098 2941 64 75 this
2184 2941 79 75 than
2280 2941 36 75 to

1287 2987 55 75 the
1360 2987 91 75 fhape
1468 2987 40 75 of
1526 2987 54 75 the
1597 2987 97 75 anvil.
1742 2987 33 75 It
1791 2987 73 75 may
1892 2987 39 75 be
1955 2987 130 75 divided
2110 2987 69 75 into
2195 2987 19 75 a
2230 2987 86 75 body

1288 3035 61 75 and
1376 3035 169 75 branches.
1601 3035 81 75 The
1709 3035 87 75 body
1820 3035 27 75 is
1879 3035 20 75 a
1924 3035 90 75 large
2046 3035 173 75 fubftance,
2257 3035 57 75 the

2162 3070 152 75 branches
