<?xml version="1.0" encoding="UTF-8"?>
<alto xmlns="http://www.loc.gov/standards/alto/v3/alto.xsd"><Description><MeasurementUnit>pixel</MeasurementUnit><sourceImageInformation><fileName>./data/pdfs/c_188936619/i_144133901/188082693.23.pdf</fileName></sourceImageInformation><OCRProcessing ID="IdOcr"><ocrProcessingStep><processingDateTime>Fri Jul 12 10:38:54 2019
</processingDateTime><processingSoftware><softwareCreator>CONTRIBUTORS</softwareCreator><softwareName>pdfalto</softwareName><softwareVersion>0.1</softwareVersion></processingSoftware></ocrProcessingStep></OCRProcessing></Description><Styles><TextStyle ID="font0" FONTFAMILY="times" FONTSIZE="10.000" FONTTYPE="serif" FONTWIDTH="proportional" FONTCOLOR="#WWWWWW" FONTSTYLE=""/><TextStyle ID="font1" FONTFAMILY="times" FONTSIZE="6.500" FONTTYPE="serif" FONTWIDTH="proportional" FONTCOLOR="#WWWWWW" FONTSTYLE="superscript"/><TextStyle ID="font2" FONTFAMILY="times" FONTSIZE="6.500" FONTTYPE="serif" FONTWIDTH="proportional" FONTCOLOR="#WWWWWW" FONTSTYLE="subscript"/></Styles><Layout><Page ID="Page746" PHYSICAL_IMG_NR="746" WIDTH="2517" HEIGHT="3387"><PrintSpace><TextLine WIDTH="224" HEIGHT="75" ID="p746_t1" HPOS="580" VPOS="191"><String ID="p746_w1" CONTENT="BOS" HPOS="580" VPOS="191" WIDTH="224" HEIGHT="75" STYLEREFS="font0"/></TextLine><TextLine WIDTH="236" HEIGHT="75" ID="p746_t2" HPOS="1180" VPOS="191"><String ID="p746_w2" CONTENT="{" HPOS="1180" VPOS="191" WIDTH="18" HEIGHT="75" STYLEREFS="font0"/><SP WIDTH="60" VPOS="191" HPOS="1198"/><String ID="p746_w3" CONTENT="626" HPOS="1258" VPOS="191" WIDTH="83" HEIGHT="75" STYLEREFS="font0"/><SP WIDTH="57" VPOS="191" HPOS="1341"/><String ID="p746_w4" CONTENT=")" HPOS="1398" VPOS="191" WIDTH="18" HEIGHT="75" STYLEREFS="font0"/></TextLine><TextLine WIDTH="227" HEIGHT="75" ID="p746_t3" HPOS="1781" VPOS="191"><String ID="p746_w5" CONTENT="BOS" HPOS="1781" VPOS="191" WIDTH="227" HEIGHT="75" STYLEREFS="font0"/></TextLine><TextLine WIDTH="987" HEIGHT="75" ID="p746_t4" HPOS="281" VPOS="264"><String ID="p746_w6" CONTENT="by" HPOS="281" VPOS="264" WIDTH="45" HEIGHT="75" STYLEREFS="font0"/><SP WIDTH="22" VPOS="264" HPOS="326"/><String ID="p746_w7" CONTENT="a" HPOS="348" VPOS="264" WIDTH="18" HEIGHT="75" STYLEREFS="font0"/><SP WIDTH="16" VPOS="264" HPOS="366"/><String ID="p746_w8" CONTENT="rope" HPOS="382" VPOS="264" WIDTH="76" HEIGHT="75" STYLEREFS="font0"/><SP WIDTH="27" VPOS="264" HPOS="458"/><String ID="p746_w9" CONTENT="tied" HPOS="485" VPOS="264" WIDTH="70" HEIGHT="75" STYLEREFS="font0"/><SP WIDTH="16" VPOS="264" HPOS="555"/><String ID="p746_w10" CONTENT="to" HPOS="571" VPOS="264" WIDTH="35" HEIGHT="75" STYLEREFS="font0"/><SP WIDTH="16" VPOS="264" HPOS="606"/><String ID="p746_w11" CONTENT="a" HPOS="622" VPOS="264" WIDTH="19" HEIGHT="75" STYLEREFS="font0"/><SP WIDTH="22" VPOS="264" HPOS="641"/><String ID="p746_w12" CONTENT="ring" HPOS="663" VPOS="264" WIDTH="72" HEIGHT="75" STYLEREFS="font0"/><SP WIDTH="15" VPOS="264" HPOS="735"/><String ID="p746_w13" CONTENT="thru" HPOS="750" VPOS="264" WIDTH="74" HEIGHT="75" STYLEREFS="font0"/><SP WIDTH="5" VPOS="264" HPOS="824"/><String ID="p746_w14" CONTENT="ft" HPOS="829" VPOS="264" WIDTH="23" HEIGHT="75" STYLEREFS="font0"/><SP WIDTH="24" VPOS="264" HPOS="852"/><String ID="p746_w15" CONTENT="through" HPOS="876" VPOS="264" WIDTH="141" HEIGHT="75" STYLEREFS="font0"/><SP WIDTH="29" VPOS="264" HPOS="1017"/><String ID="p746_w16" CONTENT="their" HPOS="1046" VPOS="264" WIDTH="85" HEIGHT="75" STYLEREFS="font0"/><SP WIDTH="32" VPOS="264" HPOS="1131"/><String ID="p746_w17" CONTENT="nofes." HPOS="1163" VPOS="264" WIDTH="105" HEIGHT="75" STYLEREFS="font0"/></TextLine><TextLine WIDTH="987" HEIGHT="75" ID="p746_t5" HPOS="281" VPOS="310"><String ID="p746_w18" CONTENT="The" HPOS="281" VPOS="310" WIDTH="77" HEIGHT="75" STYLEREFS="font0"/><SP WIDTH="16" VPOS="310" HPOS="358"/><String ID="p746_w19" CONTENT="buffalo" HPOS="374" VPOS="310" WIDTH="123" HEIGHT="75" STYLEREFS="font0"/><SP WIDTH="16" VPOS="310" HPOS="497"/><String ID="p746_w20" CONTENT="is" HPOS="513" VPOS="310" WIDTH="25" HEIGHT="75" STYLEREFS="font0"/><SP WIDTH="19" VPOS="310" HPOS="538"/><String ID="p746_w21" CONTENT="larger" HPOS="557" VPOS="310" WIDTH="105" HEIGHT="75" STYLEREFS="font0"/><SP WIDTH="17" VPOS="310" HPOS="662"/><String ID="p746_w22" CONTENT="than" HPOS="679" VPOS="310" WIDTH="77" HEIGHT="75" STYLEREFS="font0"/><SP WIDTH="18" VPOS="310" HPOS="756"/><String ID="p746_w23" CONTENT="an" HPOS="774" VPOS="310" WIDTH="39" HEIGHT="75" STYLEREFS="font0"/><SP WIDTH="17" VPOS="310" HPOS="813"/><String ID="p746_w24" CONTENT="ox," HPOS="830" VPOS="310" WIDTH="57" HEIGHT="75" STYLEREFS="font0"/><SP WIDTH="26" VPOS="310" HPOS="887"/><String ID="p746_w25" CONTENT="has" HPOS="913" VPOS="310" WIDTH="57" HEIGHT="75" STYLEREFS="font0"/><SP WIDTH="18" VPOS="310" HPOS="970"/><String ID="p746_w26" CONTENT="a" HPOS="988" VPOS="310" WIDTH="18" HEIGHT="75" STYLEREFS="font0"/><SP WIDTH="16" VPOS="310" HPOS="1006"/><String ID="p746_w27" CONTENT="thicker" HPOS="1022" VPOS="310" WIDTH="125" HEIGHT="75" STYLEREFS="font0"/><SP WIDTH="19" VPOS="310" HPOS="1147"/><String ID="p746_w28" CONTENT="body," HPOS="1166" VPOS="310" WIDTH="102" HEIGHT="75" STYLEREFS="font0"/></TextLine><TextLine WIDTH="985" HEIGHT="75" ID="p746_t6" HPOS="283" VPOS="356"><String ID="p746_w29" CONTENT="and" HPOS="283" VPOS="356" WIDTH="63" HEIGHT="75" STYLEREFS="font0"/><SP WIDTH="16" VPOS="356" HPOS="346"/><String ID="p746_w30" CONTENT="a" HPOS="362" VPOS="356" WIDTH="17" HEIGHT="75" STYLEREFS="font0"/><SP WIDTH="18" VPOS="356" HPOS="379"/><String ID="p746_w31" CONTENT="very" HPOS="397" VPOS="356" WIDTH="77" HEIGHT="75" STYLEREFS="font0"/><SP WIDTH="16" VPOS="356" HPOS="474"/><String ID="p746_w32" CONTENT="hard" HPOS="490" VPOS="356" WIDTH="81" HEIGHT="75" STYLEREFS="font0"/><SP WIDTH="24" VPOS="356" HPOS="571"/><String ID="p746_w33" CONTENT="hide." HPOS="595" VPOS="356" WIDTH="86" HEIGHT="75" STYLEREFS="font0"/><SP WIDTH="50" VPOS="356" HPOS="681"/><String ID="p746_w34" CONTENT="His" HPOS="731" VPOS="356" WIDTH="63" HEIGHT="75" STYLEREFS="font0"/><SP WIDTH="17" VPOS="356" HPOS="794"/><String ID="p746_w35" CONTENT="pace" HPOS="811" VPOS="356" WIDTH="77" HEIGHT="75" STYLEREFS="font0"/><SP WIDTH="16" VPOS="356" HPOS="888"/><String ID="p746_w36" CONTENT="is" HPOS="904" VPOS="356" WIDTH="26" HEIGHT="75" STYLEREFS="font0"/><SP WIDTH="17" VPOS="356" HPOS="930"/><String ID="p746_w37" CONTENT="flow;" HPOS="947" VPOS="356" WIDTH="97" HEIGHT="75" STYLEREFS="font0"/><SP WIDTH="26" VPOS="356" HPOS="1044"/><String ID="p746_w38" CONTENT="but" HPOS="1070" VPOS="356" WIDTH="58" HEIGHT="75" STYLEREFS="font0"/><SP WIDTH="15" VPOS="356" HPOS="1128"/><String ID="p746_w39" CONTENT="he" HPOS="1143" VPOS="356" WIDTH="42" HEIGHT="75" STYLEREFS="font0"/><SP WIDTH="16" VPOS="356" HPOS="1185"/><String ID="p746_w40" CONTENT="will" HPOS="1201" VPOS="356" WIDTH="67" HEIGHT="75" STYLEREFS="font0"/></TextLine><TextLine WIDTH="987" HEIGHT="75" ID="p746_t7" HPOS="283" VPOS="403"><String ID="p746_w41" CONTENT="carry" HPOS="283" VPOS="403" WIDTH="93" HEIGHT="75" STYLEREFS="font0"/><SP WIDTH="16" VPOS="403" HPOS="376"/><String ID="p746_w42" CONTENT="a" HPOS="392" VPOS="403" WIDTH="17" HEIGHT="75" STYLEREFS="font0"/><SP WIDTH="16" VPOS="403" HPOS="409"/><String ID="p746_w43" CONTENT="great" HPOS="425" VPOS="403" WIDTH="90" HEIGHT="75" STYLEREFS="font0"/><SP WIDTH="16" VPOS="403" HPOS="515"/><String ID="p746_w44" CONTENT="burden." HPOS="531" VPOS="403" WIDTH="138" HEIGHT="75" STYLEREFS="font0"/><SP WIDTH="46" VPOS="403" HPOS="669"/><String ID="p746_w45" CONTENT="They" HPOS="715" VPOS="403" WIDTH="100" HEIGHT="75" STYLEREFS="font0"/><SP WIDTH="17" VPOS="403" HPOS="815"/><String ID="p746_w46" CONTENT="feed" HPOS="832" VPOS="403" WIDTH="73" HEIGHT="75" STYLEREFS="font0"/><SP WIDTH="16" VPOS="403" HPOS="905"/><String ID="p746_w47" CONTENT="in" HPOS="921" VPOS="403" WIDTH="32" HEIGHT="75" STYLEREFS="font0"/><SP WIDTH="16" VPOS="403" HPOS="953"/><String ID="p746_w48" CONTENT="herds" HPOS="969" VPOS="403" WIDTH="96" HEIGHT="75" STYLEREFS="font0"/><SP WIDTH="17" VPOS="403" HPOS="1065"/><String ID="p746_w49" CONTENT="like" HPOS="1082" VPOS="403" WIDTH="65" HEIGHT="75" STYLEREFS="font0"/><SP WIDTH="23" VPOS="403" HPOS="1147"/><String ID="p746_w50" CONTENT="cotys," HPOS="1170" VPOS="403" WIDTH="100" HEIGHT="75" STYLEREFS="font0"/></TextLine><TextLine WIDTH="987" HEIGHT="75" ID="p746_t8" HPOS="285" VPOS="450"><String ID="p746_w51" CONTENT="and" HPOS="285" VPOS="450" WIDTH="62" HEIGHT="75" STYLEREFS="font0"/><SP WIDTH="13" VPOS="450" HPOS="347"/><String ID="p746_w52" CONTENT="yield" HPOS="360" VPOS="450" WIDTH="84" HEIGHT="75" STYLEREFS="font0"/><SP WIDTH="11" VPOS="450" HPOS="444"/><String ID="p746_w53" CONTENT="plenty" HPOS="455" VPOS="450" WIDTH="108" HEIGHT="75" STYLEREFS="font0"/><SP WIDTH="13" VPOS="450" HPOS="563"/><String ID="p746_w54" CONTENT="of" HPOS="576" VPOS="450" WIDTH="40" HEIGHT="75" STYLEREFS="font0"/><SP WIDTH="12" VPOS="450" HPOS="616"/><String ID="p746_w55" CONTENT="milk," HPOS="628" VPOS="450" WIDTH="90" HEIGHT="75" STYLEREFS="font0"/><SP WIDTH="25" VPOS="450" HPOS="718"/><String ID="p746_w56" CONTENT="of" HPOS="743" VPOS="450" WIDTH="40" HEIGHT="75" STYLEREFS="font0"/><SP WIDTH="7" VPOS="450" HPOS="783"/><String ID="p746_w57" CONTENT="which" HPOS="790" VPOS="450" WIDTH="105" HEIGHT="75" STYLEREFS="font0"/><SP WIDTH="9" VPOS="450" HPOS="895"/><String ID="p746_w58" CONTENT="very" HPOS="904" VPOS="450" WIDTH="79" HEIGHT="75" STYLEREFS="font0"/><SP WIDTH="12" VPOS="450" HPOS="983"/><String ID="p746_w59" CONTENT="good" HPOS="995" VPOS="450" WIDTH="84" HEIGHT="75" STYLEREFS="font0"/><SP WIDTH="10" VPOS="450" HPOS="1079"/><String ID="p746_w60" CONTENT="butter" HPOS="1089" VPOS="450" WIDTH="107" HEIGHT="75" STYLEREFS="font0"/><SP WIDTH="14" VPOS="450" HPOS="1196"/><String ID="p746_w61" CONTENT="and" HPOS="1210" VPOS="450" WIDTH="62" HEIGHT="75" STYLEREFS="font0"/></TextLine><TextLine WIDTH="987" HEIGHT="75" ID="p746_t9" HPOS="285" VPOS="497"><String ID="p746_w62" CONTENT="cheefe" HPOS="285" VPOS="497" WIDTH="109" HEIGHT="75" STYLEREFS="font0"/><SP WIDTH="16" VPOS="497" HPOS="394"/><String ID="p746_w63" CONTENT="is" HPOS="410" VPOS="497" WIDTH="27" HEIGHT="75" STYLEREFS="font0"/><SP WIDTH="14" VPOS="497" HPOS="437"/><String ID="p746_w64" CONTENT="made." HPOS="451" VPOS="497" WIDTH="104" HEIGHT="75" STYLEREFS="font0"/><SP WIDTH="37" VPOS="497" HPOS="555"/><String ID="p746_w65" CONTENT="Their" HPOS="592" VPOS="497" WIDTH="105" HEIGHT="75" STYLEREFS="font0"/><SP WIDTH="17" VPOS="497" HPOS="697"/><String ID="p746_w66" CONTENT="fleflt" HPOS="714" VPOS="497" WIDTH="74" HEIGHT="75" STYLEREFS="font0"/><SP WIDTH="24" VPOS="497" HPOS="788"/><String ID="p746_w67" CONTENT="is" HPOS="812" VPOS="497" WIDTH="27" HEIGHT="75" STYLEREFS="font0"/><SP WIDTH="18" VPOS="497" HPOS="839"/><String ID="p746_w68" CONTENT="pretty" HPOS="857" VPOS="497" WIDTH="108" HEIGHT="75" STYLEREFS="font0"/><SP WIDTH="13" VPOS="497" HPOS="965"/><String ID="p746_w69" CONTENT="good," HPOS="978" VPOS="497" WIDTH="97" HEIGHT="75" STYLEREFS="font0"/><SP WIDTH="18" VPOS="497" HPOS="1075"/><String ID="p746_w70" CONTENT="but" HPOS="1093" VPOS="497" WIDTH="57" HEIGHT="75" STYLEREFS="font0"/><SP WIDTH="18" VPOS="497" HPOS="1150"/><String ID="p746_w71" CONTENT="not" HPOS="1168" VPOS="497" WIDTH="56" HEIGHT="75" STYLEREFS="font0"/><SP WIDTH="13" VPOS="497" HPOS="1224"/><String ID="p746_w72" CONTENT="to" HPOS="1237" VPOS="497" WIDTH="35" HEIGHT="75" STYLEREFS="font0"/></TextLine><TextLine WIDTH="988" HEIGHT="75" ID="p746_t10" HPOS="285" VPOS="544"><String ID="p746_w73" CONTENT="be" HPOS="285" VPOS="544" WIDTH="39" HEIGHT="75" STYLEREFS="font0"/><SP WIDTH="25" VPOS="544" HPOS="324"/><String ID="p746_w74" CONTENT="compared" HPOS="349" VPOS="544" WIDTH="172" HEIGHT="75" STYLEREFS="font0"/><SP WIDTH="27" VPOS="544" HPOS="521"/><String ID="p746_w75" CONTENT="to" HPOS="548" VPOS="544" WIDTH="34" HEIGHT="75" STYLEREFS="font0"/><SP WIDTH="24" VPOS="544" HPOS="582"/><String ID="p746_w76" CONTENT="beef." HPOS="606" VPOS="544" WIDTH="86" HEIGHT="75" STYLEREFS="font0"/><SP WIDTH="55" VPOS="544" HPOS="692"/><String ID="p746_w77" CONTENT="The" HPOS="747" VPOS="544" WIDTH="78" HEIGHT="75" STYLEREFS="font0"/><SP WIDTH="27" VPOS="544" HPOS="825"/><String ID="p746_w78" CONTENT="wild" HPOS="852" VPOS="544" WIDTH="78" HEIGHT="75" STYLEREFS="font0"/><SP WIDTH="27" VPOS="544" HPOS="930"/><String ID="p746_w79" CONTENT="buffalo" HPOS="957" VPOS="544" WIDTH="121" HEIGHT="75" STYLEREFS="font0"/><SP WIDTH="26" VPOS="544" HPOS="1078"/><String ID="p746_w80" CONTENT="is" HPOS="1104" VPOS="544" WIDTH="26" HEIGHT="75" STYLEREFS="font0"/><SP WIDTH="18" VPOS="544" HPOS="1130"/><String ID="p746_w81" CONTENT="a" HPOS="1148" VPOS="544" WIDTH="19" HEIGHT="75" STYLEREFS="font0"/><SP WIDTH="27" VPOS="544" HPOS="1167"/><String ID="p746_w82" CONTENT="very" HPOS="1194" VPOS="544" WIDTH="79" HEIGHT="75" STYLEREFS="font0"/></TextLine><TextLine WIDTH="987" HEIGHT="75" ID="p746_t11" HPOS="285" VPOS="591"><String ID="p746_w83" CONTENT="fierce" HPOS="285" VPOS="591" WIDTH="94" HEIGHT="75" STYLEREFS="font0"/><SP WIDTH="31" VPOS="591" HPOS="379"/><String ID="p746_w84" CONTENT="and" HPOS="410" VPOS="591" WIDTH="63" HEIGHT="75" STYLEREFS="font0"/><SP WIDTH="24" VPOS="591" HPOS="473"/><String ID="p746_w85" CONTENT="dangerous" HPOS="497" VPOS="591" WIDTH="178" HEIGHT="75" STYLEREFS="font0"/><SP WIDTH="28" VPOS="591" HPOS="675"/><String ID="p746_w86" CONTENT="animal;" HPOS="703" VPOS="591" WIDTH="137" HEIGHT="75" STYLEREFS="font0"/><SP WIDTH="38" VPOS="591" HPOS="840"/><String ID="p746_w87" CONTENT="he" HPOS="878" VPOS="591" WIDTH="41" HEIGHT="75" STYLEREFS="font0"/><SP WIDTH="23" VPOS="591" HPOS="919"/><String ID="p746_w88" CONTENT="often" HPOS="942" VPOS="591" WIDTH="91" HEIGHT="75" STYLEREFS="font0"/><SP WIDTH="25" VPOS="591" HPOS="1033"/><String ID="p746_w89" CONTENT="attacks" HPOS="1058" VPOS="591" WIDTH="122" HEIGHT="75" STYLEREFS="font0"/><SP WIDTH="28" VPOS="591" HPOS="1180"/><String ID="p746_w90" CONTENT="tra-" HPOS="1208" VPOS="591" WIDTH="64" HEIGHT="75" STYLEREFS="font0"/></TextLine><TextLine WIDTH="989" HEIGHT="75" ID="p746_t12" HPOS="285" VPOS="637"><String ID="p746_w91" CONTENT="vellers," HPOS="285" VPOS="637" WIDTH="128" HEIGHT="75" STYLEREFS="font0"/><SP WIDTH="25" VPOS="637" HPOS="413"/><String ID="p746_w92" CONTENT="and" HPOS="438" VPOS="637" WIDTH="63" HEIGHT="75" STYLEREFS="font0"/><SP WIDTH="17" VPOS="637" HPOS="501"/><String ID="p746_w93" CONTENT="tears" HPOS="518" VPOS="637" WIDTH="84" HEIGHT="75" STYLEREFS="font0"/><SP WIDTH="17" VPOS="637" HPOS="602"/><String ID="p746_w94" CONTENT="them" HPOS="619" VPOS="637" WIDTH="89" HEIGHT="75" STYLEREFS="font0"/><SP WIDTH="12" VPOS="637" HPOS="708"/><String ID="p746_w95" CONTENT="to" HPOS="720" VPOS="637" WIDTH="35" HEIGHT="75" STYLEREFS="font0"/><SP WIDTH="16" VPOS="637" HPOS="755"/><String ID="p746_w96" CONTENT="pieces." HPOS="771" VPOS="637" WIDTH="117" HEIGHT="75" STYLEREFS="font0"/><SP WIDTH="49" VPOS="637" HPOS="888"/><String ID="p746_w97" CONTENT="However," HPOS="937" VPOS="637" WIDTH="176" HEIGHT="75" STYLEREFS="font0"/><SP WIDTH="17" VPOS="637" HPOS="1113"/><String ID="p746_w98" CONTENT="they" HPOS="1130" VPOS="637" WIDTH="76" HEIGHT="75" STYLEREFS="font0"/><SP WIDTH="14" VPOS="637" HPOS="1206"/><String ID="p746_w99" CONTENT="are" HPOS="1220" VPOS="637" WIDTH="54" HEIGHT="75" STYLEREFS="font0"/></TextLine><TextLine WIDTH="984" HEIGHT="75" ID="p746_t13" HPOS="287" VPOS="683"><String ID="p746_w100" CONTENT="not" HPOS="287" VPOS="683" WIDTH="56" HEIGHT="75" STYLEREFS="font0"/><SP WIDTH="25" VPOS="683" HPOS="343"/><String ID="p746_w101" CONTENT="fo" HPOS="368" VPOS="683" WIDTH="33" HEIGHT="75" STYLEREFS="font0"/><SP WIDTH="24" VPOS="683" HPOS="401"/><String ID="p746_w102" CONTENT="much" HPOS="425" VPOS="683" WIDTH="94" HEIGHT="75" STYLEREFS="font0"/><SP WIDTH="19" VPOS="683" HPOS="519"/><String ID="p746_w103" CONTENT="to" HPOS="538" VPOS="683" WIDTH="34" HEIGHT="75" STYLEREFS="font0"/><SP WIDTH="18" VPOS="683" HPOS="572"/><String ID="p746_w104" CONTENT="be" HPOS="590" VPOS="683" WIDTH="39" HEIGHT="75" STYLEREFS="font0"/><SP WIDTH="26" VPOS="683" HPOS="629"/><String ID="p746_w105" CONTENT="feared" HPOS="655" VPOS="683" WIDTH="109" HEIGHT="75" STYLEREFS="font0"/><SP WIDTH="18" VPOS="683" HPOS="764"/><String ID="p746_w106" CONTENT="in" HPOS="782" VPOS="683" WIDTH="33" HEIGHT="75" STYLEREFS="font0"/><SP WIDTH="25" VPOS="683" HPOS="815"/><String ID="p746_w107" CONTENT="woods" HPOS="840" VPOS="683" WIDTH="110" HEIGHT="75" STYLEREFS="font0"/><SP WIDTH="18" VPOS="683" HPOS="950"/><String ID="p746_w108" CONTENT="as" HPOS="968" VPOS="683" WIDTH="34" HEIGHT="75" STYLEREFS="font0"/><SP WIDTH="25" VPOS="683" HPOS="1002"/><String ID="p746_w109" CONTENT="in" HPOS="1027" VPOS="683" WIDTH="31" HEIGHT="75" STYLEREFS="font0"/><SP WIDTH="18" VPOS="683" HPOS="1058"/><String ID="p746_w110" CONTENT="the" HPOS="1076" VPOS="683" WIDTH="55" HEIGHT="75" STYLEREFS="font0"/><SP WIDTH="17" VPOS="683" HPOS="1131"/><String ID="p746_w111" CONTENT="plains;" HPOS="1148" VPOS="683" WIDTH="123" HEIGHT="75" STYLEREFS="font0"/></TextLine><TextLine WIDTH="987" HEIGHT="75" ID="p746_t14" HPOS="285" VPOS="730"><String ID="p746_w112" CONTENT="becaufe" HPOS="285" VPOS="730" WIDTH="133" HEIGHT="75" STYLEREFS="font0"/><SP WIDTH="13" VPOS="730" HPOS="418"/><String ID="p746_w113" CONTENT="their" HPOS="431" VPOS="730" WIDTH="84" HEIGHT="75" STYLEREFS="font0"/><SP WIDTH="8" VPOS="730" HPOS="515"/><String ID="p746_w114" CONTENT="horns," HPOS="523" VPOS="730" WIDTH="110" HEIGHT="75" STYLEREFS="font0"/><SP WIDTH="19" VPOS="730" HPOS="633"/><String ID="p746_w115" CONTENT="which" HPOS="652" VPOS="730" WIDTH="105" HEIGHT="75" STYLEREFS="font0"/><SP WIDTH="18" VPOS="730" HPOS="757"/><String ID="p746_w116" CONTENT="are" HPOS="775" VPOS="730" WIDTH="51" HEIGHT="75" STYLEREFS="font0"/><SP WIDTH="14" VPOS="730" HPOS="826"/><String ID="p746_w117" CONTENT="fometimcs" HPOS="840" VPOS="730" WIDTH="178" HEIGHT="75" STYLEREFS="font0"/><SP WIDTH="15" VPOS="730" HPOS="1018"/><String ID="p746_w118" CONTENT="ten" HPOS="1033" VPOS="730" WIDTH="52" HEIGHT="75" STYLEREFS="font0"/><SP WIDTH="18" VPOS="730" HPOS="1085"/><String ID="p746_w119" CONTENT="feet" HPOS="1103" VPOS="730" WIDTH="65" HEIGHT="75" STYLEREFS="font0"/><SP WIDTH="16" VPOS="730" HPOS="1168"/><String ID="p746_w120" CONTENT="long," HPOS="1184" VPOS="730" WIDTH="88" HEIGHT="75" STYLEREFS="font0"/></TextLine><TextLine WIDTH="988" HEIGHT="75" ID="p746_t15" HPOS="286" VPOS="777"><String ID="p746_w121" CONTENT="are" HPOS="286" VPOS="777" WIDTH="53" HEIGHT="75" STYLEREFS="font0"/><SP WIDTH="17" VPOS="777" HPOS="339"/><String ID="p746_w122" CONTENT="apt" HPOS="356" VPOS="777" WIDTH="53" HEIGHT="75" STYLEREFS="font0"/><SP WIDTH="18" VPOS="777" HPOS="409"/><String ID="p746_w123" CONTENT="to" HPOS="427" VPOS="777" WIDTH="35" HEIGHT="75" STYLEREFS="font0"/><SP WIDTH="16" VPOS="777" HPOS="462"/><String ID="p746_w124" CONTENT="be" HPOS="478" VPOS="777" WIDTH="40" HEIGHT="75" STYLEREFS="font0"/><SP WIDTH="12" VPOS="777" HPOS="518"/><String ID="p746_w125" CONTENT="entangled" HPOS="530" VPOS="777" WIDTH="172" HEIGHT="75" STYLEREFS="font0"/><SP WIDTH="15" VPOS="777" HPOS="702"/><String ID="p746_w126" CONTENT="in" HPOS="717" VPOS="777" WIDTH="32" HEIGHT="75" STYLEREFS="font0"/><SP WIDTH="13" VPOS="777" HPOS="749"/><String ID="p746_w127" CONTENT="the" HPOS="762" VPOS="777" WIDTH="55" HEIGHT="75" STYLEREFS="font0"/><SP WIDTH="17" VPOS="777" HPOS="817"/><String ID="p746_w128" CONTENT="branches" HPOS="834" VPOS="777" WIDTH="154" HEIGHT="75" STYLEREFS="font0"/><SP WIDTH="13" VPOS="777" HPOS="988"/><String ID="p746_w129" CONTENT="of" HPOS="1001" VPOS="777" WIDTH="39" HEIGHT="75" STYLEREFS="font0"/><SP WIDTH="13" VPOS="777" HPOS="1040"/><String ID="p746_w130" CONTENT="trees," HPOS="1053" VPOS="777" WIDTH="95" HEIGHT="75" STYLEREFS="font0"/><SP WIDTH="18" VPOS="777" HPOS="1148"/><String ID="p746_w131" CONTENT="which" HPOS="1166" VPOS="777" WIDTH="108" HEIGHT="75" STYLEREFS="font0"/></TextLine><TextLine WIDTH="987" HEIGHT="75" ID="p746_t16" HPOS="286" VPOS="824"><String ID="p746_w132" CONTENT="gives" HPOS="286" VPOS="824" WIDTH="87" HEIGHT="75" STYLEREFS="font0"/><SP WIDTH="17" VPOS="824" HPOS="373"/><String ID="p746_w133" CONTENT="thofe" HPOS="390" VPOS="824" WIDTH="90" HEIGHT="75" STYLEREFS="font0"/><SP WIDTH="17" VPOS="824" HPOS="480"/><String ID="p746_w134" CONTENT="who" HPOS="497" VPOS="824" WIDTH="75" HEIGHT="75" STYLEREFS="font0"/><SP WIDTH="16" VPOS="824" HPOS="572"/><String ID="p746_w135" CONTENT="are" HPOS="588" VPOS="824" WIDTH="53" HEIGHT="75" STYLEREFS="font0"/><SP WIDTH="17" VPOS="824" HPOS="641"/><String ID="p746_w136" CONTENT="furprifed" HPOS="658" VPOS="824" WIDTH="156" HEIGHT="75" STYLEREFS="font0"/><SP WIDTH="26" VPOS="824" HPOS="814"/><String ID="p746_w137" CONTENT="by" HPOS="840" VPOS="824" WIDTH="43" HEIGHT="75" STYLEREFS="font0"/><SP WIDTH="16" VPOS="824" HPOS="883"/><String ID="p746_w138" CONTENT="them" HPOS="899" VPOS="824" WIDTH="87" HEIGHT="75" STYLEREFS="font0"/><SP WIDTH="18" VPOS="824" HPOS="986"/><String ID="p746_w139" CONTENT="time" HPOS="1004" VPOS="824" WIDTH="77" HEIGHT="75" STYLEREFS="font0"/><SP WIDTH="19" VPOS="824" HPOS="1081"/><String ID="p746_w140" CONTENT="to" HPOS="1100" VPOS="824" WIDTH="35" HEIGHT="75" STYLEREFS="font0"/><SP WIDTH="16" VPOS="824" HPOS="1135"/><String ID="p746_w141" CONTENT="efcape." HPOS="1151" VPOS="824" WIDTH="122" HEIGHT="75" STYLEREFS="font0"/></TextLine><TextLine WIDTH="989" HEIGHT="75" ID="p746_t17" HPOS="285" VPOS="872"><String ID="p746_w142" CONTENT="They" HPOS="285" VPOS="872" WIDTH="99" HEIGHT="75" STYLEREFS="font0"/><SP WIDTH="28" VPOS="872" HPOS="384"/><String ID="p746_w143" CONTENT="are" HPOS="412" VPOS="872" WIDTH="53" HEIGHT="75" STYLEREFS="font0"/><SP WIDTH="31" VPOS="872" HPOS="465"/><String ID="p746_w144" CONTENT="excellent" HPOS="496" VPOS="872" WIDTH="162" HEIGHT="75" STYLEREFS="font0"/><SP WIDTH="26" VPOS="872" HPOS="658"/><String ID="p746_w145" CONTENT="fwimmers," HPOS="684" VPOS="872" WIDTH="186" HEIGHT="75" STYLEREFS="font0"/><SP WIDTH="38" VPOS="872" HPOS="870"/><String ID="p746_w146" CONTENT="and" HPOS="908" VPOS="872" WIDTH="62" HEIGHT="75" STYLEREFS="font0"/><SP WIDTH="32" VPOS="872" HPOS="970"/><String ID="p746_w147" CONTENT="will" HPOS="1002" VPOS="872" WIDTH="66" HEIGHT="75" STYLEREFS="font0"/><SP WIDTH="36" VPOS="872" HPOS="1068"/><String ID="p746_w148" CONTENT="crofs" HPOS="1104" VPOS="872" WIDTH="85" HEIGHT="75" STYLEREFS="font0"/><SP WIDTH="29" VPOS="872" HPOS="1189"/><String ID="p746_w149" CONTENT="the" HPOS="1218" VPOS="872" WIDTH="56" HEIGHT="75" STYLEREFS="font0"/></TextLine><TextLine WIDTH="987" HEIGHT="75" ID="p746_t18" HPOS="287" VPOS="917"><String ID="p746_w150" CONTENT="larged" HPOS="287" VPOS="917" WIDTH="113" HEIGHT="75" STYLEREFS="font0"/><SP WIDTH="29" VPOS="917" HPOS="400"/><String ID="p746_w151" CONTENT="river" HPOS="429" VPOS="917" WIDTH="83" HEIGHT="75" STYLEREFS="font0"/><SP WIDTH="26" VPOS="917" HPOS="512"/><String ID="p746_w152" CONTENT="without" HPOS="538" VPOS="917" WIDTH="138" HEIGHT="75" STYLEREFS="font0"/><SP WIDTH="27" VPOS="917" HPOS="676"/><String ID="p746_w153" CONTENT="any" HPOS="703" VPOS="917" WIDTH="62" HEIGHT="75" STYLEREFS="font0"/><SP WIDTH="17" VPOS="917" HPOS="765"/><String ID="p746_w154" CONTENT="difficulty." HPOS="782" VPOS="917" WIDTH="172" HEIGHT="75" STYLEREFS="font0"/><SP WIDTH="40" VPOS="917" HPOS="954"/><String ID="p746_w155" CONTENT="They" HPOS="994" VPOS="917" WIDTH="99" HEIGHT="75" STYLEREFS="font0"/><SP WIDTH="18" VPOS="917" HPOS="1093"/><String ID="p746_w156" CONTENT="run" HPOS="1111" VPOS="917" WIDTH="57" HEIGHT="75" STYLEREFS="font0"/><SP WIDTH="28" VPOS="917" HPOS="1168"/><String ID="p746_w157" CONTENT="wild" HPOS="1196" VPOS="917" WIDTH="78" HEIGHT="75" STYLEREFS="font0"/></TextLine><TextLine WIDTH="988" HEIGHT="75" ID="p746_t19" HPOS="287" VPOS="965"><String ID="p746_w158" CONTENT="in" HPOS="287" VPOS="965" WIDTH="31" HEIGHT="75" STYLEREFS="font0"/><SP WIDTH="17" VPOS="965" HPOS="318"/><String ID="p746_w159" CONTENT="great" HPOS="335" VPOS="965" WIDTH="91" HEIGHT="75" STYLEREFS="font0"/><SP WIDTH="17" VPOS="965" HPOS="426"/><String ID="p746_w160" CONTENT="troops" HPOS="443" VPOS="965" WIDTH="109" HEIGHT="75" STYLEREFS="font0"/><SP WIDTH="26" VPOS="965" HPOS="552"/><String ID="p746_w161" CONTENT="on" HPOS="578" VPOS="965" WIDTH="42" HEIGHT="75" STYLEREFS="font0"/><SP WIDTH="24" VPOS="965" HPOS="620"/><String ID="p746_w162" CONTENT="the" HPOS="644" VPOS="965" WIDTH="56" HEIGHT="75" STYLEREFS="font0"/><SP WIDTH="28" VPOS="965" HPOS="700"/><String ID="p746_w163" CONTENT="coad" HPOS="728" VPOS="965" WIDTH="84" HEIGHT="75" STYLEREFS="font0"/><SP WIDTH="27" VPOS="965" HPOS="812"/><String ID="p746_w164" CONTENT="of" HPOS="839" VPOS="965" WIDTH="40" HEIGHT="75" STYLEREFS="font0"/><SP WIDTH="23" VPOS="965" HPOS="879"/><String ID="p746_w165" CONTENT="Malabar," HPOS="902" VPOS="965" WIDTH="163" HEIGHT="75" STYLEREFS="font0"/><SP WIDTH="27" VPOS="965" HPOS="1065"/><String ID="p746_w166" CONTENT="for" HPOS="1092" VPOS="965" WIDTH="49" HEIGHT="75" STYLEREFS="font0"/><SP WIDTH="28" VPOS="965" HPOS="1141"/><String ID="p746_w167" CONTENT="which" HPOS="1169" VPOS="965" WIDTH="106" HEIGHT="75" STYLEREFS="font0"/></TextLine><TextLine WIDTH="989" HEIGHT="75" ID="p746_t20" HPOS="287" VPOS="1010"><String ID="p746_w168" CONTENT="reafon" HPOS="287" VPOS="1010" WIDTH="110" HEIGHT="75" STYLEREFS="font0"/><SP WIDTH="16" VPOS="1010" HPOS="397"/><String ID="p746_w169" CONTENT="drangers" HPOS="413" VPOS="1010" WIDTH="156" HEIGHT="75" STYLEREFS="font0"/><SP WIDTH="26" VPOS="1010" HPOS="569"/><String ID="p746_w170" CONTENT="are" HPOS="595" VPOS="1010" WIDTH="53" HEIGHT="75" STYLEREFS="font0"/><SP WIDTH="16" VPOS="1010" HPOS="648"/><String ID="p746_w171" CONTENT="allowed" HPOS="664" VPOS="1010" WIDTH="136" HEIGHT="75" STYLEREFS="font0"/><SP WIDTH="16" VPOS="1010" HPOS="800"/><String ID="p746_w172" CONTENT="to" HPOS="816" VPOS="1010" WIDTH="36" HEIGHT="75" STYLEREFS="font0"/><SP WIDTH="24" VPOS="1010" HPOS="852"/><String ID="p746_w173" CONTENT="hunt" HPOS="876" VPOS="1010" WIDTH="82" HEIGHT="75" STYLEREFS="font0"/><SP WIDTH="25" VPOS="1010" HPOS="958"/><String ID="p746_w174" CONTENT="and" HPOS="983" VPOS="1010" WIDTH="62" HEIGHT="75" STYLEREFS="font0"/><SP WIDTH="16" VPOS="1010" HPOS="1045"/><String ID="p746_w175" CONTENT="kill" HPOS="1061" VPOS="1010" WIDTH="60" HEIGHT="75" STYLEREFS="font0"/><SP WIDTH="16" VPOS="1010" HPOS="1121"/><String ID="p746_w176" CONTENT="them" HPOS="1137" VPOS="1010" WIDTH="87" HEIGHT="75" STYLEREFS="font0"/><SP WIDTH="19" VPOS="1010" HPOS="1224"/><String ID="p746_w177" CONTENT="at" HPOS="1243" VPOS="1010" WIDTH="33" HEIGHT="75" STYLEREFS="font0"/></TextLine><TextLine WIDTH="155" HEIGHT="75" ID="p746_t21" HPOS="286" VPOS="1058"><String ID="p746_w178" CONTENT="pleafure." HPOS="286" VPOS="1058" WIDTH="155" HEIGHT="75" STYLEREFS="font0"/></TextLine><TextLine WIDTH="936" HEIGHT="75" ID="p746_t22" HPOS="339" VPOS="1106"><String ID="p746_w179" CONTENT="6." HPOS="339" VPOS="1106" WIDTH="33" HEIGHT="75" STYLEREFS="font0"/><SP WIDTH="25" VPOS="1106" HPOS="372"/><String ID="p746_w180" CONTENT="The" HPOS="397" VPOS="1106" WIDTH="77" HEIGHT="75" STYLEREFS="font0"/><SP WIDTH="15" VPOS="1106" HPOS="474"/><String ID="p746_w181" CONTENT="indicus," HPOS="489" VPOS="1106" WIDTH="139" HEIGHT="75" STYLEREFS="font0"/><SP WIDTH="25" VPOS="1106" HPOS="628"/><String ID="p746_w182" CONTENT="or" HPOS="653" VPOS="1106" WIDTH="37" HEIGHT="75" STYLEREFS="font0"/><SP WIDTH="16" VPOS="1106" HPOS="690"/><String ID="p746_w183" CONTENT="little" HPOS="706" VPOS="1106" WIDTH="84" HEIGHT="75" STYLEREFS="font0"/><SP WIDTH="16" VPOS="1106" HPOS="790"/><String ID="p746_w184" CONTENT="Indian" HPOS="806" VPOS="1106" WIDTH="114" HEIGHT="75" STYLEREFS="font0"/><SP WIDTH="17" VPOS="1106" HPOS="920"/><String ID="p746_w185" CONTENT="buffalo," HPOS="937" VPOS="1106" WIDTH="135" HEIGHT="75" STYLEREFS="font0"/><SP WIDTH="25" VPOS="1106" HPOS="1072"/><String ID="p746_w186" CONTENT="has" HPOS="1097" VPOS="1106" WIDTH="57" HEIGHT="75" STYLEREFS="font0"/><SP WIDTH="23" VPOS="1106" HPOS="1154"/><String ID="p746_w187" CONTENT="horns" HPOS="1177" VPOS="1106" WIDTH="98" HEIGHT="75" STYLEREFS="font0"/></TextLine><TextLine WIDTH="988" HEIGHT="75" ID="p746_t23" HPOS="288" VPOS="1150"><String ID="p746_w188" CONTENT="fliorter" HPOS="288" VPOS="1150" WIDTH="122" HEIGHT="75" STYLEREFS="font0"/><SP WIDTH="27" VPOS="1150" HPOS="410"/><String ID="p746_w189" CONTENT="than" HPOS="437" VPOS="1150" WIDTH="77" HEIGHT="75" STYLEREFS="font0"/><SP WIDTH="28" VPOS="1150" HPOS="514"/><String ID="p746_w190" CONTENT="its" HPOS="542" VPOS="1150" WIDTH="41" HEIGHT="75" STYLEREFS="font0"/><SP WIDTH="26" VPOS="1150" HPOS="583"/><String ID="p746_w191" CONTENT="ears," HPOS="609" VPOS="1150" WIDTH="83" HEIGHT="75" STYLEREFS="font0"/><SP WIDTH="25" VPOS="1150" HPOS="692"/><String ID="p746_w192" CONTENT="a" HPOS="717" VPOS="1150" WIDTH="19" HEIGHT="75" STYLEREFS="font0"/><SP WIDTH="24" VPOS="1150" HPOS="736"/><String ID="p746_w193" CONTENT="bunch" HPOS="760" VPOS="1150" WIDTH="104" HEIGHT="75" STYLEREFS="font0"/><SP WIDTH="30" VPOS="1150" HPOS="864"/><String ID="p746_w194" CONTENT="on" HPOS="894" VPOS="1150" WIDTH="41" HEIGHT="75" STYLEREFS="font0"/><SP WIDTH="24" VPOS="1150" HPOS="935"/><String ID="p746_w195" CONTENT="its" HPOS="959" VPOS="1150" WIDTH="42" HEIGHT="75" STYLEREFS="font0"/><SP WIDTH="28" VPOS="1150" HPOS="1001"/><String ID="p746_w196" CONTENT="back," HPOS="1029" VPOS="1150" WIDTH="93" HEIGHT="75" STYLEREFS="font0"/><SP WIDTH="27" VPOS="1150" HPOS="1122"/><String ID="p746_w197" CONTENT="and" HPOS="1149" VPOS="1150" WIDTH="62" HEIGHT="75" STYLEREFS="font0"/><SP WIDTH="22" VPOS="1150" HPOS="1211"/><String ID="p746_w198" CONTENT="no" HPOS="1233" VPOS="1150" WIDTH="43" HEIGHT="75" STYLEREFS="font0"/></TextLine><TextLine WIDTH="986" HEIGHT="75" ID="p746_t24" HPOS="289" VPOS="1197"><String ID="p746_w199" CONTENT="nrane." HPOS="289" VPOS="1197" WIDTH="103" HEIGHT="75" STYLEREFS="font0"/><SP WIDTH="66" VPOS="1197" HPOS="392"/><String ID="p746_w200" CONTENT="It" HPOS="458" VPOS="1197" WIDTH="33" HEIGHT="75" STYLEREFS="font0"/><SP WIDTH="31" VPOS="1197" HPOS="491"/><String ID="p746_w201" CONTENT="is" HPOS="522" VPOS="1197" WIDTH="28" HEIGHT="75" STYLEREFS="font0"/><SP WIDTH="32" VPOS="1197" HPOS="550"/><String ID="p746_w202" CONTENT="about" HPOS="582" VPOS="1197" WIDTH="97" HEIGHT="75" STYLEREFS="font0"/><SP WIDTH="30" VPOS="1197" HPOS="679"/><String ID="p746_w203" CONTENT="the" HPOS="709" VPOS="1197" WIDTH="55" HEIGHT="75" STYLEREFS="font0"/><SP WIDTH="26" VPOS="1197" HPOS="764"/><String ID="p746_w204" CONTENT="fize" HPOS="790" VPOS="1197" WIDTH="63" HEIGHT="75" STYLEREFS="font0"/><SP WIDTH="24" VPOS="1197" HPOS="853"/><String ID="p746_w205" CONTENT="of" HPOS="877" VPOS="1197" WIDTH="40" HEIGHT="75" STYLEREFS="font0"/><SP WIDTH="20" VPOS="1197" HPOS="917"/><String ID="p746_w206" CONTENT="a" HPOS="937" VPOS="1197" WIDTH="18" HEIGHT="75" STYLEREFS="font0"/><SP WIDTH="30" VPOS="1197" HPOS="955"/><String ID="p746_w207" CONTENT="calf" HPOS="985" VPOS="1197" WIDTH="69" HEIGHT="75" STYLEREFS="font0"/><SP WIDTH="19" VPOS="1197" HPOS="1054"/><String ID="p746_w208" CONTENT="fix" HPOS="1073" VPOS="1197" WIDTH="46" HEIGHT="75" STYLEREFS="font0"/><SP WIDTH="28" VPOS="1197" HPOS="1119"/><String ID="p746_w209" CONTENT="months" HPOS="1147" VPOS="1197" WIDTH="128" HEIGHT="75" STYLEREFS="font0"/></TextLine><TextLine WIDTH="983" HEIGHT="75" ID="p746_t25" HPOS="290" VPOS="1244"><String ID="p746_w210" CONTENT="old," HPOS="290" VPOS="1244" WIDTH="67" HEIGHT="75" STYLEREFS="font0"/><SP WIDTH="26" VPOS="1244" HPOS="357"/><String ID="p746_w211" CONTENT="and" HPOS="383" VPOS="1244" WIDTH="61" HEIGHT="75" STYLEREFS="font0"/><SP WIDTH="18" VPOS="1244" HPOS="444"/><String ID="p746_w212" CONTENT="ufed" HPOS="462" VPOS="1244" WIDTH="76" HEIGHT="75" STYLEREFS="font0"/><SP WIDTH="16" VPOS="1244" HPOS="538"/><String ID="p746_w213" CONTENT="in" HPOS="554" VPOS="1244" WIDTH="32" HEIGHT="75" STYLEREFS="font0"/><SP WIDTH="16" VPOS="1244" HPOS="586"/><String ID="p746_w214" CONTENT="the" HPOS="602" VPOS="1244" WIDTH="55" HEIGHT="75" STYLEREFS="font0"/><SP WIDTH="18" VPOS="1244" HPOS="657"/><String ID="p746_w215" CONTENT="Ead" HPOS="675" VPOS="1244" WIDTH="76" HEIGHT="75" STYLEREFS="font0"/><SP WIDTH="22" VPOS="1244" HPOS="751"/><String ID="p746_w216" CONTENT="Indies" HPOS="773" VPOS="1244" WIDTH="107" HEIGHT="75" STYLEREFS="font0"/><SP WIDTH="16" VPOS="1244" HPOS="880"/><String ID="p746_w217" CONTENT="for" HPOS="896" VPOS="1244" WIDTH="52" HEIGHT="75" STYLEREFS="font0"/><SP WIDTH="17" VPOS="1244" HPOS="948"/><String ID="p746_w218" CONTENT="drawing" HPOS="965" VPOS="1244" WIDTH="144" HEIGHT="75" STYLEREFS="font0"/><SP WIDTH="16" VPOS="1244" HPOS="1109"/><String ID="p746_w219" CONTENT="coaches," HPOS="1125" VPOS="1244" WIDTH="148" HEIGHT="75" STYLEREFS="font0"/></TextLine><TextLine WIDTH="64" HEIGHT="75" ID="p746_t26" HPOS="291" VPOS="1292"><String ID="p746_w220" CONTENT="qc." HPOS="291" VPOS="1292" WIDTH="64" HEIGHT="75" STYLEREFS="font0"/></TextLine><TextLine WIDTH="180" HEIGHT="75" ID="p746_t27" HPOS="906" VPOS="1292"><String ID="p746_w221" CONTENT="Y." HPOS="906" VPOS="1292" WIDTH="60" HEIGHT="75" STYLEREFS="font0"/><SP WIDTH="35" VPOS="1292" HPOS="966"/><String ID="p746_w222" CONTENT="." HPOS="1001" VPOS="1292" WIDTH="5" HEIGHT="75" STYLEREFS="font0"/><SP WIDTH="60" VPOS="1292" HPOS="1006"/><String ID="p746_w223" CONTENT="^" HPOS="1066" VPOS="1292" WIDTH="20" HEIGHT="75" STYLEREFS="font0"/></TextLine><TextLine WIDTH="1034" HEIGHT="75" ID="p746_t28" HPOS="241" VPOS="1337"><String ID="p746_w224" CONTENT="BOSA," HPOS="241" VPOS="1337" WIDTH="138" HEIGHT="75" STYLEREFS="font0"/><SP WIDTH="25" VPOS="1337" HPOS="379"/><String ID="p746_w225" CONTENT="or" HPOS="404" VPOS="1337" WIDTH="37" HEIGHT="75" STYLEREFS="font0"/><SP WIDTH="16" VPOS="1337" HPOS="441"/><String ID="p746_w226" CONTENT="Bossa," HPOS="457" VPOS="1337" WIDTH="141" HEIGHT="75" STYLEREFS="font0"/><SP WIDTH="26" VPOS="1337" HPOS="598"/><String ID="p746_w227" CONTENT="a" HPOS="624" VPOS="1337" WIDTH="18" HEIGHT="75" STYLEREFS="font0"/><SP WIDTH="24" VPOS="1337" HPOS="642"/><String ID="p746_w228" CONTENT="town" HPOS="666" VPOS="1337" WIDTH="87" HEIGHT="75" STYLEREFS="font0"/><SP WIDTH="24" VPOS="1337" HPOS="753"/><String ID="p746_w229" CONTENT="of" HPOS="777" VPOS="1337" WIDTH="41" HEIGHT="75" STYLEREFS="font0"/><SP WIDTH="23" VPOS="1337" HPOS="818"/><String ID="p746_w230" CONTENT="Sardinia," HPOS="841" VPOS="1337" WIDTH="159" HEIGHT="75" STYLEREFS="font0"/><SP WIDTH="26" VPOS="1337" HPOS="1000"/><String ID="p746_w231" CONTENT="fituated" HPOS="1026" VPOS="1337" WIDTH="133" HEIGHT="75" STYLEREFS="font0"/><SP WIDTH="16" VPOS="1337" HPOS="1159"/><String ID="p746_w232" CONTENT="on" HPOS="1175" VPOS="1337" WIDTH="42" HEIGHT="75" STYLEREFS="font0"/><SP WIDTH="16" VPOS="1337" HPOS="1217"/><String ID="p746_w233" CONTENT="its" HPOS="1233" VPOS="1337" WIDTH="42" HEIGHT="75" STYLEREFS="font0"/></TextLine><TextLine WIDTH="984" HEIGHT="75" ID="p746_t29" HPOS="289" VPOS="1383"><String ID="p746_w234" CONTENT="w,edern" HPOS="289" VPOS="1383" WIDTH="130" HEIGHT="75" STYLEREFS="font0"/><SP WIDTH="14" VPOS="1383" HPOS="419"/><String ID="p746_w235" CONTENT="coad," HPOS="433" VPOS="1383" WIDTH="95" HEIGHT="75" STYLEREFS="font0"/><SP WIDTH="14" VPOS="1383" HPOS="528"/><String ID="p746_w236" CONTENT="at" HPOS="542" VPOS="1383" WIDTH="31" HEIGHT="75" STYLEREFS="font0"/><SP WIDTH="12" VPOS="1383" HPOS="573"/><String ID="p746_w237" CONTENT="the" HPOS="585" VPOS="1383" WIDTH="56" HEIGHT="75" STYLEREFS="font0"/><SP WIDTH="12" VPOS="1383" HPOS="641"/><String ID="p746_w238" CONTENT="mouth" HPOS="653" VPOS="1383" WIDTH="111" HEIGHT="75" STYLEREFS="font0"/><SP WIDTH="14" VPOS="1383" HPOS="764"/><String ID="p746_w239" CONTENT="of" HPOS="778" VPOS="1383" WIDTH="41" HEIGHT="75" STYLEREFS="font0"/><SP WIDTH="7" VPOS="1383" HPOS="819"/><String ID="p746_w240" CONTENT="a" HPOS="826" VPOS="1383" WIDTH="18" HEIGHT="75" STYLEREFS="font0"/><SP WIDTH="12" VPOS="1383" HPOS="844"/><String ID="p746_w241" CONTENT="river" HPOS="856" VPOS="1383" WIDTH="84" HEIGHT="75" STYLEREFS="font0"/><SP WIDTH="12" VPOS="1383" HPOS="940"/><String ID="p746_w242" CONTENT="of" HPOS="952" VPOS="1383" WIDTH="39" HEIGHT="75" STYLEREFS="font0"/><SP WIDTH="7" VPOS="1383" HPOS="991"/><String ID="p746_w243" CONTENT="the" HPOS="998" VPOS="1383" WIDTH="55" HEIGHT="75" STYLEREFS="font0"/><SP WIDTH="13" VPOS="1383" HPOS="1053"/><String ID="p746_w244" CONTENT="fame" HPOS="1066" VPOS="1383" WIDTH="83" HEIGHT="75" STYLEREFS="font0"/><SP WIDTH="12" VPOS="1383" HPOS="1149"/><String ID="p746_w245" CONTENT="name" HPOS="1161" VPOS="1383" WIDTH="91" HEIGHT="75" STYLEREFS="font0"/><SP WIDTH="12" VPOS="1383" HPOS="1252"/><String ID="p746_w246" CONTENT=";" HPOS="1264" VPOS="1383" WIDTH="9" HEIGHT="75" STYLEREFS="font0"/></TextLine><TextLine WIDTH="701" HEIGHT="75" ID="p746_t30" HPOS="289" VPOS="1430"><String ID="p746_w247" CONTENT="in" HPOS="289" VPOS="1430" WIDTH="31" HEIGHT="75" STYLEREFS="font0"/><SP WIDTH="18" VPOS="1430" HPOS="320"/><String ID="p746_w248" CONTENT="8°" HPOS="338" VPOS="1430" WIDTH="38" HEIGHT="75" STYLEREFS="font0"/><SP WIDTH="22" VPOS="1430" HPOS="376"/><String ID="p746_w249" CONTENT="3c/" HPOS="398" VPOS="1430" WIDTH="53" HEIGHT="75" STYLEREFS="font0"/><SP WIDTH="17" VPOS="1430" HPOS="451"/><String ID="p746_w250" CONTENT="E." HPOS="468" VPOS="1430" WIDTH="44" HEIGHT="75" STYLEREFS="font0"/><SP WIDTH="14" VPOS="1430" HPOS="512"/><String ID="p746_w251" CONTENT="long," HPOS="526" VPOS="1430" WIDTH="87" HEIGHT="75" STYLEREFS="font0"/><SP WIDTH="20" VPOS="1430" HPOS="613"/><String ID="p746_w252" CONTENT="and" HPOS="633" VPOS="1430" WIDTH="63" HEIGHT="75" STYLEREFS="font0"/><SP WIDTH="18" VPOS="1430" HPOS="696"/><String ID="p746_w253" CONTENT="40°" HPOS="714" VPOS="1430" WIDTH="62" HEIGHT="75" STYLEREFS="font0"/><SP WIDTH="24" VPOS="1430" HPOS="776"/><String ID="p746_w254" CONTENT="1" HPOS="800" VPOS="1430" WIDTH="11" HEIGHT="75" STYLEREFS="font0"/><SP WIDTH="10" VPOS="1430" HPOS="811"/><String ID="p746_w255" CONTENT="j'" HPOS="821" VPOS="1430" WIDTH="30" HEIGHT="75" STYLEREFS="font0"/><SP WIDTH="16" VPOS="1430" HPOS="851"/><String ID="p746_w256" CONTENT="N." HPOS="867" VPOS="1430" WIDTH="46" HEIGHT="75" STYLEREFS="font0"/><SP WIDTH="20" VPOS="1430" HPOS="913"/><String ID="p746_w257" CONTENT="lat." HPOS="933" VPOS="1430" WIDTH="57" HEIGHT="75" STYLEREFS="font0"/></TextLine><TextLine WIDTH="891" HEIGHT="75" ID="p746_t31" HPOS="241" VPOS="1476"><String ID="p746_w258" CONTENT="BOSCAGE," HPOS="241" VPOS="1476" WIDTH="242" HEIGHT="75" STYLEREFS="font0"/><SP WIDTH="24" VPOS="1476" HPOS="483"/><String ID="p746_w259" CONTENT="the" HPOS="507" VPOS="1476" WIDTH="56" HEIGHT="75" STYLEREFS="font0"/><SP WIDTH="17" VPOS="1476" HPOS="563"/><String ID="p746_w260" CONTENT="fame" HPOS="580" VPOS="1476" WIDTH="83" HEIGHT="75" STYLEREFS="font0"/><SP WIDTH="17" VPOS="1476" HPOS="663"/><String ID="p746_w261" CONTENT="with" HPOS="680" VPOS="1476" WIDTH="78" HEIGHT="75" STYLEREFS="font0"/><SP WIDTH="18" VPOS="1476" HPOS="758"/><String ID="p746_w262" CONTENT="a" HPOS="776" VPOS="1476" WIDTH="17" HEIGHT="75" STYLEREFS="font0"/><SP WIDTH="17" VPOS="1476" HPOS="793"/><String ID="p746_w263" CONTENT="grove," HPOS="810" VPOS="1476" WIDTH="109" HEIGHT="75" STYLEREFS="font0"/><SP WIDTH="25" VPOS="1476" HPOS="919"/><String ID="p746_w264" CONTENT="or" HPOS="944" VPOS="1476" WIDTH="37" HEIGHT="75" STYLEREFS="font0"/><SP WIDTH="16" VPOS="1476" HPOS="981"/><String ID="p746_w265" CONTENT="thicket." HPOS="997" VPOS="1476" WIDTH="135" HEIGHT="75" STYLEREFS="font0"/></TextLine><TextLine WIDTH="1035" HEIGHT="75" ID="p746_t32" HPOS="242" VPOS="1522"><String ID="p746_w266" CONTENT="Boscage," HPOS="242" VPOS="1522" WIDTH="202" HEIGHT="75" STYLEREFS="font0"/><SP WIDTH="26" VPOS="1522" HPOS="444"/><String ID="p746_w267" CONTENT="in" HPOS="470" VPOS="1522" WIDTH="30" HEIGHT="75" STYLEREFS="font0"/><SP WIDTH="18" VPOS="1522" HPOS="500"/><String ID="p746_w268" CONTENT="a" HPOS="518" VPOS="1522" WIDTH="18" HEIGHT="75" STYLEREFS="font0"/><SP WIDTH="16" VPOS="1522" HPOS="536"/><String ID="p746_w269" CONTENT="law" HPOS="552" VPOS="1522" WIDTH="62" HEIGHT="75" STYLEREFS="font0"/><SP WIDTH="17" VPOS="1522" HPOS="614"/><String ID="p746_w270" CONTENT="fenfe," HPOS="631" VPOS="1522" WIDTH="97" HEIGHT="75" STYLEREFS="font0"/><SP WIDTH="18" VPOS="1522" HPOS="728"/><String ID="p746_w271" CONTENT="is" HPOS="746" VPOS="1522" WIDTH="26" HEIGHT="75" STYLEREFS="font0"/><SP WIDTH="20" VPOS="1522" HPOS="772"/><String ID="p746_w272" CONTENT="that" HPOS="792" VPOS="1522" WIDTH="68" HEIGHT="75" STYLEREFS="font0"/><SP WIDTH="18" VPOS="1522" HPOS="860"/><String ID="p746_w273" CONTENT="food" HPOS="878" VPOS="1522" WIDTH="78" HEIGHT="75" STYLEREFS="font0"/><SP WIDTH="13" VPOS="1522" HPOS="956"/><String ID="p746_w274" CONTENT="which" HPOS="969" VPOS="1522" WIDTH="103" HEIGHT="75" STYLEREFS="font0"/><SP WIDTH="19" VPOS="1522" HPOS="1072"/><String ID="p746_w275" CONTENT="trees" HPOS="1091" VPOS="1522" WIDTH="84" HEIGHT="75" STYLEREFS="font0"/><SP WIDTH="16" VPOS="1522" HPOS="1175"/><String ID="p746_w276" CONTENT="yield" HPOS="1191" VPOS="1522" WIDTH="86" HEIGHT="75" STYLEREFS="font0"/></TextLine><TextLine WIDTH="999" HEIGHT="75" ID="p746_t33" HPOS="290" VPOS="1570"><String ID="p746_w277" CONTENT="to" HPOS="290" VPOS="1570" WIDTH="34" HEIGHT="75" STYLEREFS="font0"/><SP WIDTH="29" VPOS="1570" HPOS="324"/><String ID="p746_w278" CONTENT="cattld," HPOS="353" VPOS="1570" WIDTH="109" HEIGHT="75" STYLEREFS="font0"/><SP WIDTH="26" VPOS="1570" HPOS="462"/><String ID="p746_w279" CONTENT="as" HPOS="488" VPOS="1570" WIDTH="33" HEIGHT="75" STYLEREFS="font0"/><SP WIDTH="23" VPOS="1570" HPOS="521"/><String ID="p746_w280" CONTENT="mad," HPOS="544" VPOS="1570" WIDTH="90" HEIGHT="75" STYLEREFS="font0"/><SP WIDTH="19" VPOS="1570" HPOS="634"/><String ID="p746_w281" CONTENT="&lt;bc." HPOS="653" VPOS="1570" WIDTH="64" HEIGHT="75" STYLEREFS="font0"/><SP WIDTH="50" VPOS="1570" HPOS="717"/><String ID="p746_w282" CONTENT="But" HPOS="767" VPOS="1570" WIDTH="68" HEIGHT="75" STYLEREFS="font0"/><SP WIDTH="26" VPOS="1570" HPOS="835"/><String ID="p746_w283" CONTENT="Manwood" HPOS="861" VPOS="1570" WIDTH="180" HEIGHT="75" STYLEREFS="font0"/><SP WIDTH="24" VPOS="1570" HPOS="1041"/><String ID="p746_w284" CONTENT="fays," HPOS="1065" VPOS="1570" WIDTH="82" HEIGHT="75" STYLEREFS="font0"/><SP WIDTH="31" VPOS="1570" HPOS="1147"/><String ID="p746_w285" CONTENT="to" HPOS="1178" VPOS="1570" WIDTH="36" HEIGHT="75" STYLEREFS="font0"/><SP WIDTH="24" VPOS="1570" HPOS="1214"/><String ID="p746_w286" CONTENT="be-" HPOS="1238" VPOS="1570" WIDTH="51" HEIGHT="75" STYLEREFS="font0"/></TextLine><TextLine WIDTH="989" HEIGHT="75" ID="p746_t34" HPOS="290" VPOS="1616"><String ID="p746_w287" CONTENT="quit" HPOS="290" VPOS="1616" WIDTH="72" HEIGHT="75" STYLEREFS="font0"/><SP WIDTH="16" VPOS="1616" HPOS="362"/><String ID="p746_w288" CONTENT="of" HPOS="378" VPOS="1616" WIDTH="42" HEIGHT="75" STYLEREFS="font0"/><SP WIDTH="9" VPOS="1616" HPOS="420"/><String ID="p746_w289" CONTENT="bofcage," HPOS="429" VPOS="1616" WIDTH="145" HEIGHT="75" STYLEREFS="font0"/><SP WIDTH="25" VPOS="1616" HPOS="574"/><String ID="p746_w290" CONTENT="is" HPOS="599" VPOS="1616" WIDTH="27" HEIGHT="75" STYLEREFS="font0"/><SP WIDTH="16" VPOS="1616" HPOS="626"/><String ID="p746_w291" CONTENT="to" HPOS="642" VPOS="1616" WIDTH="36" HEIGHT="75" STYLEREFS="font0"/><SP WIDTH="13" VPOS="1616" HPOS="678"/><String ID="p746_w292" CONTENT="be" HPOS="691" VPOS="1616" WIDTH="40" HEIGHT="75" STYLEREFS="font0"/><SP WIDTH="13" VPOS="1616" HPOS="731"/><String ID="p746_w293" CONTENT="difchargedof" HPOS="744" VPOS="1616" WIDTH="237" HEIGHT="75" STYLEREFS="font0"/><SP WIDTH="11" VPOS="1616" HPOS="981"/><String ID="p746_w294" CONTENT="paying" HPOS="992" VPOS="1616" WIDTH="116" HEIGHT="75" STYLEREFS="font0"/><SP WIDTH="17" VPOS="1616" HPOS="1108"/><String ID="p746_w295" CONTENT="any" HPOS="1125" VPOS="1616" WIDTH="61" HEIGHT="75" STYLEREFS="font0"/><SP WIDTH="12" VPOS="1616" HPOS="1186"/><String ID="p746_w296" CONTENT="duty" HPOS="1198" VPOS="1616" WIDTH="81" HEIGHT="75" STYLEREFS="font0"/></TextLine><TextLine WIDTH="589" HEIGHT="75" ID="p746_t35" HPOS="291" VPOS="1663"><String ID="p746_w297" CONTENT="for" HPOS="291" VPOS="1663" WIDTH="50" HEIGHT="75" STYLEREFS="font0"/><SP WIDTH="17" VPOS="1663" HPOS="341"/><String ID="p746_w298" CONTENT="wind-fall" HPOS="358" VPOS="1663" WIDTH="160" HEIGHT="75" STYLEREFS="font0"/><SP WIDTH="19" VPOS="1663" HPOS="518"/><String ID="p746_w299" CONTENT="wood" HPOS="537" VPOS="1663" WIDTH="95" HEIGHT="75" STYLEREFS="font0"/><SP WIDTH="17" VPOS="1663" HPOS="632"/><String ID="p746_w300" CONTENT="in" HPOS="649" VPOS="1663" WIDTH="32" HEIGHT="75" STYLEREFS="font0"/><SP WIDTH="18" VPOS="1663" HPOS="681"/><String ID="p746_w301" CONTENT="the" HPOS="699" VPOS="1663" WIDTH="55" HEIGHT="75" STYLEREFS="font0"/><SP WIDTH="17" VPOS="1663" HPOS="754"/><String ID="p746_w302" CONTENT="forefl." HPOS="771" VPOS="1663" WIDTH="109" HEIGHT="75" STYLEREFS="font0"/></TextLine><TextLine WIDTH="1034" HEIGHT="75" ID="p746_t36" HPOS="242" VPOS="1708"><String ID="p746_w303" CONTENT="Boscage," HPOS="242" VPOS="1708" WIDTH="204" HEIGHT="75" STYLEREFS="font0"/><SP WIDTH="27" VPOS="1708" HPOS="446"/><String ID="p746_w304" CONTENT="among" HPOS="473" VPOS="1708" WIDTH="117" HEIGHT="75" STYLEREFS="font0"/><SP WIDTH="23" VPOS="1708" HPOS="590"/><String ID="p746_w305" CONTENT="painters," HPOS="613" VPOS="1708" WIDTH="152" HEIGHT="75" STYLEREFS="font0"/><SP WIDTH="25" VPOS="1708" HPOS="765"/><String ID="p746_w306" CONTENT="denotes" HPOS="790" VPOS="1708" WIDTH="133" HEIGHT="75" STYLEREFS="font0"/><SP WIDTH="18" VPOS="1708" HPOS="923"/><String ID="p746_w307" CONTENT="a" HPOS="941" VPOS="1708" WIDTH="19" HEIGHT="75" STYLEREFS="font0"/><SP WIDTH="23" VPOS="1708" HPOS="960"/><String ID="p746_w308" CONTENT="landfcape" HPOS="983" VPOS="1708" WIDTH="166" HEIGHT="75" STYLEREFS="font0"/><SP WIDTH="20" VPOS="1708" HPOS="1149"/><String ID="p746_w309" CONTENT="repre-" HPOS="1169" VPOS="1708" WIDTH="107" HEIGHT="75" STYLEREFS="font0"/></TextLine><TextLine WIDTH="543" HEIGHT="75" ID="p746_t37" HPOS="290" VPOS="1755"><String ID="p746_w310" CONTENT="fenting" HPOS="290" VPOS="1755" WIDTH="122" HEIGHT="75" STYLEREFS="font0"/><SP WIDTH="18" VPOS="1755" HPOS="412"/><String ID="p746_w311" CONTENT="much" HPOS="430" VPOS="1755" WIDTH="95" HEIGHT="75" STYLEREFS="font0"/><SP WIDTH="20" VPOS="1755" HPOS="525"/><String ID="p746_w312" CONTENT="wood" HPOS="545" VPOS="1755" WIDTH="94" HEIGHT="75" STYLEREFS="font0"/><SP WIDTH="16" VPOS="1755" HPOS="639"/><String ID="p746_w313" CONTENT="and" HPOS="655" VPOS="1755" WIDTH="64" HEIGHT="75" STYLEREFS="font0"/><SP WIDTH="16" VPOS="1755" HPOS="719"/><String ID="p746_w314" CONTENT="trees." HPOS="735" VPOS="1755" WIDTH="98" HEIGHT="75" STYLEREFS="font0"/></TextLine><TextLine WIDTH="1042" HEIGHT="75" ID="p746_t38" HPOS="242" VPOS="1800"><String ID="p746_w315" CONTENT="BOSCHETTO," HPOS="242" VPOS="1800" WIDTH="310" HEIGHT="75" STYLEREFS="font0"/><SP WIDTH="25" VPOS="1800" HPOS="552"/><String ID="p746_w316" CONTENT="in" HPOS="577" VPOS="1800" WIDTH="31" HEIGHT="75" STYLEREFS="font0"/><SP WIDTH="19" VPOS="1800" HPOS="608"/><String ID="p746_w317" CONTENT="geography," HPOS="627" VPOS="1800" WIDTH="196" HEIGHT="75" STYLEREFS="font0"/><SP WIDTH="27" VPOS="1800" HPOS="823"/><String ID="p746_w318" CONTENT="a" HPOS="850" VPOS="1800" WIDTH="18" HEIGHT="75" STYLEREFS="font0"/><SP WIDTH="17" VPOS="1800" HPOS="868"/><String ID="p746_w319" CONTENT="territory" HPOS="885" VPOS="1800" WIDTH="155" HEIGHT="75" STYLEREFS="font0"/><SP WIDTH="15" VPOS="1800" HPOS="1040"/><String ID="p746_w320" CONTENT="in" HPOS="1055" VPOS="1800" WIDTH="32" HEIGHT="75" STYLEREFS="font0"/><SP WIDTH="19" VPOS="1800" HPOS="1087"/><String ID="p746_w321" CONTENT="the" HPOS="1106" VPOS="1800" WIDTH="55" HEIGHT="75" STYLEREFS="font0"/><SP WIDTH="16" VPOS="1800" HPOS="1161"/><String ID="p746_w322" CONTENT="ifle" HPOS="1177" VPOS="1800" WIDTH="53" HEIGHT="75" STYLEREFS="font0"/><SP WIDTH="13" VPOS="1800" HPOS="1230"/><String ID="p746_w323" CONTENT="of" HPOS="1243" VPOS="1800" WIDTH="41" HEIGHT="75" STYLEREFS="font0"/></TextLine><TextLine WIDTH="990" HEIGHT="75" ID="p746_t39" HPOS="289" VPOS="1848"><String ID="p746_w324" CONTENT="Malta:" HPOS="289" VPOS="1848" WIDTH="127" HEIGHT="75" STYLEREFS="font0"/><SP WIDTH="30" VPOS="1848" HPOS="416"/><String ID="p746_w325" CONTENT="And" HPOS="446" VPOS="1848" WIDTH="76" HEIGHT="75" STYLEREFS="font0"/><SP WIDTH="15" VPOS="1848" HPOS="522"/><String ID="p746_w326" CONTENT="likewife" HPOS="537" VPOS="1848" WIDTH="140" HEIGHT="75" STYLEREFS="font0"/><SP WIDTH="16" VPOS="1848" HPOS="677"/><String ID="p746_w327" CONTENT="an" HPOS="693" VPOS="1848" WIDTH="39" HEIGHT="75" STYLEREFS="font0"/><SP WIDTH="16" VPOS="1848" HPOS="732"/><String ID="p746_w328" CONTENT="edate" HPOS="748" VPOS="1848" WIDTH="97" HEIGHT="75" STYLEREFS="font0"/><SP WIDTH="16" VPOS="1848" HPOS="845"/><String ID="p746_w329" CONTENT="belonging" HPOS="861" VPOS="1848" WIDTH="173" HEIGHT="75" STYLEREFS="font0"/><SP WIDTH="16" VPOS="1848" HPOS="1034"/><String ID="p746_w330" CONTENT="to" HPOS="1050" VPOS="1848" WIDTH="35" HEIGHT="75" STYLEREFS="font0"/><SP WIDTH="17" VPOS="1848" HPOS="1085"/><String ID="p746_w331" CONTENT="the" HPOS="1102" VPOS="1848" WIDTH="55" HEIGHT="75" STYLEREFS="font0"/><SP WIDTH="20" VPOS="1848" HPOS="1157"/><String ID="p746_w332" CONTENT="grand" HPOS="1177" VPOS="1848" WIDTH="102" HEIGHT="75" STYLEREFS="font0"/></TextLine><TextLine WIDTH="991" HEIGHT="75" ID="p746_t40" HPOS="289" VPOS="1895"><String ID="p746_w333" CONTENT="maflers" HPOS="289" VPOS="1895" WIDTH="129" HEIGHT="75" STYLEREFS="font0"/><SP WIDTH="16" VPOS="1895" HPOS="418"/><String ID="p746_w334" CONTENT="of" HPOS="434" VPOS="1895" WIDTH="40" HEIGHT="75" STYLEREFS="font0"/><SP WIDTH="23" VPOS="1895" HPOS="474"/><String ID="p746_w335" CONTENT="that" HPOS="497" VPOS="1895" WIDTH="70" HEIGHT="75" STYLEREFS="font0"/><SP WIDTH="26" VPOS="1895" HPOS="567"/><String ID="p746_w336" CONTENT="order," HPOS="593" VPOS="1895" WIDTH="109" HEIGHT="75" STYLEREFS="font0"/><SP WIDTH="24" VPOS="1895" HPOS="702"/><String ID="p746_w337" CONTENT="about" HPOS="726" VPOS="1895" WIDTH="98" HEIGHT="75" STYLEREFS="font0"/><SP WIDTH="29" VPOS="1895" HPOS="824"/><String ID="p746_w338" CONTENT="two" HPOS="853" VPOS="1895" WIDTH="66" HEIGHT="75" STYLEREFS="font0"/><SP WIDTH="28" VPOS="1895" HPOS="919"/><String ID="p746_w339" CONTENT="miles" HPOS="947" VPOS="1895" WIDTH="92" HEIGHT="75" STYLEREFS="font0"/><SP WIDTH="28" VPOS="1895" HPOS="1039"/><String ID="p746_w340" CONTENT="from" HPOS="1067" VPOS="1895" WIDTH="86" HEIGHT="75" STYLEREFS="font0"/><SP WIDTH="17" VPOS="1895" HPOS="1153"/><String ID="p746_w341" CONTENT="Civita" HPOS="1170" VPOS="1895" WIDTH="110" HEIGHT="75" STYLEREFS="font0"/></TextLine><TextLine WIDTH="330" HEIGHT="75" ID="p746_t41" HPOS="289" VPOS="1940"><String ID="p746_w342" CONTENT="Vecchia," HPOS="289" VPOS="1940" WIDTH="158" HEIGHT="75" STYLEREFS="font0"/><SP WIDTH="23" VPOS="1940" HPOS="447"/><String ID="p746_w343" CONTENT="in" HPOS="470" VPOS="1940" WIDTH="33" HEIGHT="75" STYLEREFS="font0"/><SP WIDTH="17" VPOS="1940" HPOS="503"/><String ID="p746_w344" CONTENT="Italy." HPOS="520" VPOS="1940" WIDTH="99" HEIGHT="75" STYLEREFS="font0"/></TextLine><TextLine WIDTH="1036" HEIGHT="75" ID="p746_t42" HPOS="243" VPOS="1989"><String ID="p746_w345" CONTENT="BOSEA,." HPOS="243" VPOS="1989" WIDTH="178" HEIGHT="75" STYLEREFS="font0"/><SP WIDTH="18" VPOS="1989" HPOS="421"/><String ID="p746_w346" CONTENT="in" HPOS="439" VPOS="1989" WIDTH="31" HEIGHT="75" STYLEREFS="font0"/><SP WIDTH="18" VPOS="1989" HPOS="470"/><String ID="p746_w347" CONTENT="botany," HPOS="488" VPOS="1989" WIDTH="131" HEIGHT="75" STYLEREFS="font0"/><SP WIDTH="28" VPOS="1989" HPOS="619"/><String ID="p746_w348" CONTENT="a" HPOS="647" VPOS="1989" WIDTH="18" HEIGHT="75" STYLEREFS="font0"/><SP WIDTH="16" VPOS="1989" HPOS="665"/><String ID="p746_w349" CONTENT="genus" HPOS="681" VPOS="1989" WIDTH="98" HEIGHT="75" STYLEREFS="font0"/><SP WIDTH="24" VPOS="1989" HPOS="779"/><String ID="p746_w350" CONTENT="of" HPOS="803" VPOS="1989" WIDTH="40" HEIGHT="75" STYLEREFS="font0"/><SP WIDTH="23" VPOS="1989" HPOS="843"/><String ID="p746_w351" CONTENT="the" HPOS="866" VPOS="1989" WIDTH="55" HEIGHT="75" STYLEREFS="font0"/><SP WIDTH="15" VPOS="1989" HPOS="921"/><String ID="p746_w352" CONTENT="pentandria" HPOS="936" VPOS="1989" WIDTH="186" HEIGHT="75" STYLEREFS="font0"/><SP WIDTH="25" VPOS="1989" HPOS="1122"/><String ID="p746_w353" CONTENT="drgynia" HPOS="1147" VPOS="1989" WIDTH="132" HEIGHT="75" STYLEREFS="font0"/></TextLine><TextLine WIDTH="984" HEIGHT="75" ID="p746_t43" HPOS="292" VPOS="2034"><String ID="p746_w354" CONTENT="clafs." HPOS="292" VPOS="2034" WIDTH="91" HEIGHT="75" STYLEREFS="font0"/><SP WIDTH="49" VPOS="2034" HPOS="383"/><String ID="p746_w355" CONTENT="The" HPOS="432" VPOS="2034" WIDTH="77" HEIGHT="75" STYLEREFS="font0"/><SP WIDTH="18" VPOS="2034" HPOS="509"/><String ID="p746_w356" CONTENT="calix" HPOS="527" VPOS="2034" WIDTH="87" HEIGHT="75" STYLEREFS="font0"/><SP WIDTH="15" VPOS="2034" HPOS="614"/><String ID="p746_w357" CONTENT="confids" HPOS="629" VPOS="2034" WIDTH="125" HEIGHT="75" STYLEREFS="font0"/><SP WIDTH="13" VPOS="2034" HPOS="754"/><String ID="p746_w358" CONTENT="of" HPOS="767" VPOS="2034" WIDTH="39" HEIGHT="75" STYLEREFS="font0"/><SP WIDTH="12" VPOS="2034" HPOS="806"/><String ID="p746_w359" CONTENT="five" HPOS="818" VPOS="2034" WIDTH="60" HEIGHT="75" STYLEREFS="font0"/><SP WIDTH="18" VPOS="2034" HPOS="878"/><String ID="p746_w360" CONTENT="leaves;" HPOS="896" VPOS="2034" WIDTH="124" HEIGHT="75" STYLEREFS="font0"/><SP WIDTH="28" VPOS="2034" HPOS="1020"/><String ID="p746_w361" CONTENT="it" HPOS="1048" VPOS="2034" WIDTH="25" HEIGHT="75" STYLEREFS="font0"/><SP WIDTH="17" VPOS="2034" HPOS="1073"/><String ID="p746_w362" CONTENT="has" HPOS="1090" VPOS="2034" WIDTH="57" HEIGHT="75" STYLEREFS="font0"/><SP WIDTH="17" VPOS="2034" HPOS="1147"/><String ID="p746_w363" CONTENT="no" HPOS="1164" VPOS="2034" WIDTH="41" HEIGHT="75" STYLEREFS="font0"/><SP WIDTH="17" VPOS="2034" HPOS="1205"/><String ID="p746_w364" CONTENT="co-" HPOS="1222" VPOS="2034" WIDTH="54" HEIGHT="75" STYLEREFS="font0"/></TextLine><TextLine WIDTH="985" HEIGHT="75" ID="p746_t44" HPOS="292" VPOS="2081"><String ID="p746_w365" CONTENT="rolla" HPOS="292" VPOS="2081" WIDTH="81" HEIGHT="75" STYLEREFS="font0"/><SP WIDTH="12" VPOS="2081" HPOS="373"/><String ID="p746_w366" CONTENT=";" HPOS="385" VPOS="2081" WIDTH="9" HEIGHT="75" STYLEREFS="font0"/><SP WIDTH="28" VPOS="2081" HPOS="394"/><String ID="p746_w367" CONTENT="and" HPOS="422" VPOS="2081" WIDTH="63" HEIGHT="75" STYLEREFS="font0"/><SP WIDTH="27" VPOS="2081" HPOS="485"/><String ID="p746_w368" CONTENT="the" HPOS="512" VPOS="2081" WIDTH="54" HEIGHT="75" STYLEREFS="font0"/><SP WIDTH="29" VPOS="2081" HPOS="566"/><String ID="p746_w369" CONTENT="fruit" HPOS="595" VPOS="2081" WIDTH="78" HEIGHT="75" STYLEREFS="font0"/><SP WIDTH="19" VPOS="2081" HPOS="673"/><String ID="p746_w370" CONTENT="is" HPOS="692" VPOS="2081" WIDTH="26" HEIGHT="75" STYLEREFS="font0"/><SP WIDTH="18" VPOS="2081" HPOS="718"/><String ID="p746_w371" CONTENT="a" HPOS="736" VPOS="2081" WIDTH="18" HEIGHT="75" STYLEREFS="font0"/><SP WIDTH="23" VPOS="2081" HPOS="754"/><String ID="p746_w372" CONTENT="dry," HPOS="777" VPOS="2081" WIDTH="71" HEIGHT="75" STYLEREFS="font0"/><SP WIDTH="34" VPOS="2081" HPOS="848"/><String ID="p746_w373" CONTENT="compreffed," HPOS="882" VPOS="2081" WIDTH="204" HEIGHT="75" STYLEREFS="font0"/><SP WIDTH="33" VPOS="2081" HPOS="1086"/><String ID="p746_w374" CONTENT="membra-" HPOS="1119" VPOS="2081" WIDTH="158" HEIGHT="75" STYLEREFS="font0"/></TextLine><TextLine WIDTH="986" HEIGHT="75" ID="p746_t45" HPOS="292" VPOS="2127"><String ID="p746_w375" CONTENT="naceous" HPOS="292" VPOS="2127" WIDTH="137" HEIGHT="75" STYLEREFS="font0"/><SP WIDTH="16" VPOS="2127" HPOS="429"/><String ID="p746_w376" CONTENT="berry." HPOS="445" VPOS="2127" WIDTH="111" HEIGHT="75" STYLEREFS="font0"/><SP WIDTH="48" VPOS="2127" HPOS="556"/><String ID="p746_w377" CONTENT="There" HPOS="604" VPOS="2127" WIDTH="112" HEIGHT="75" STYLEREFS="font0"/><SP WIDTH="25" VPOS="2127" HPOS="716"/><String ID="p746_w378" CONTENT="is" HPOS="741" VPOS="2127" WIDTH="26" HEIGHT="75" STYLEREFS="font0"/><SP WIDTH="24" VPOS="2127" HPOS="767"/><String ID="p746_w379" CONTENT="but" HPOS="791" VPOS="2127" WIDTH="57" HEIGHT="75" STYLEREFS="font0"/><SP WIDTH="28" VPOS="2127" HPOS="848"/><String ID="p746_w380" CONTENT="one" HPOS="876" VPOS="2127" WIDTH="60" HEIGHT="75" STYLEREFS="font0"/><SP WIDTH="25" VPOS="2127" HPOS="936"/><String ID="p746_w381" CONTENT="fpecies," HPOS="961" VPOS="2127" WIDTH="129" HEIGHT="75" STYLEREFS="font0"/><SP WIDTH="37" VPOS="2127" HPOS="1090"/><String ID="p746_w382" CONTENT="viz." HPOS="1127" VPOS="2127" WIDTH="70" HEIGHT="75" STYLEREFS="font0"/><SP WIDTH="26" VPOS="2127" HPOS="1197"/><String ID="p746_w383" CONTENT="the" HPOS="1223" VPOS="2127" WIDTH="55" HEIGHT="75" STYLEREFS="font0"/></TextLine><TextLine WIDTH="823" HEIGHT="75" ID="p746_t46" HPOS="292" VPOS="2173"><String ID="p746_w384" CONTENT="yervamora," HPOS="292" VPOS="2173" WIDTH="200" HEIGHT="75" STYLEREFS="font0"/><SP WIDTH="27" VPOS="2173" HPOS="492"/><String ID="p746_w385" CONTENT="a" HPOS="519" VPOS="2173" WIDTH="18" HEIGHT="75" STYLEREFS="font0"/><SP WIDTH="17" VPOS="2173" HPOS="537"/><String ID="p746_w386" CONTENT="native" HPOS="554" VPOS="2173" WIDTH="105" HEIGHT="75" STYLEREFS="font0"/><SP WIDTH="18" VPOS="2173" HPOS="659"/><String ID="p746_w387" CONTENT="of" HPOS="677" VPOS="2173" WIDTH="39" HEIGHT="75" STYLEREFS="font0"/><SP WIDTH="12" VPOS="2173" HPOS="716"/><String ID="p746_w388" CONTENT="the" HPOS="728" VPOS="2173" WIDTH="56" HEIGHT="75" STYLEREFS="font0"/><SP WIDTH="13" VPOS="2173" HPOS="784"/><String ID="p746_w389" CONTENT="Carribbee-iflands." HPOS="797" VPOS="2173" WIDTH="318" HEIGHT="75" STYLEREFS="font0"/></TextLine><TextLine WIDTH="1031" HEIGHT="75" ID="p746_t47" HPOS="246" VPOS="2218"><String ID="p746_w390" CONTENT="BOSNA-SERAJO," HPOS="246" VPOS="2218" WIDTH="375" HEIGHT="75" STYLEREFS="font0"/><SP WIDTH="26" VPOS="2218" HPOS="621"/><String ID="p746_w391" CONTENT="the" HPOS="647" VPOS="2218" WIDTH="55" HEIGHT="75" STYLEREFS="font0"/><SP WIDTH="17" VPOS="2218" HPOS="702"/><String ID="p746_w392" CONTENT="capital" HPOS="719" VPOS="2218" WIDTH="114" HEIGHT="75" STYLEREFS="font0"/><SP WIDTH="18" VPOS="2218" HPOS="833"/><String ID="p746_w393" CONTENT="of" HPOS="851" VPOS="2218" WIDTH="39" HEIGHT="75" STYLEREFS="font0"/><SP WIDTH="13" VPOS="2218" HPOS="890"/><String ID="p746_w394" CONTENT="the" HPOS="903" VPOS="2218" WIDTH="55" HEIGHT="75" STYLEREFS="font0"/><SP WIDTH="17" VPOS="2218" HPOS="958"/><String ID="p746_w395" CONTENT="province" HPOS="975" VPOS="2218" WIDTH="150" HEIGHT="75" STYLEREFS="font0"/><SP WIDTH="21" VPOS="2218" HPOS="1125"/><String ID="p746_w396" CONTENT="of" HPOS="1146" VPOS="2218" WIDTH="40" HEIGHT="75" STYLEREFS="font0"/><SP WIDTH="11" VPOS="2218" HPOS="1186"/><String ID="p746_w397" CONTENT="Bof-" HPOS="1197" VPOS="2218" WIDTH="80" HEIGHT="75" STYLEREFS="font0"/></TextLine><TextLine WIDTH="665" HEIGHT="75" ID="p746_t48" HPOS="295" VPOS="2251"><String ID="p746_w398" CONTENT="nia," HPOS="295" VPOS="2269" WIDTH="62" HEIGHT="75" STYLEREFS="font0"/><SP WIDTH="26" VPOS="2269" HPOS="357"/><String ID="p746_w399" CONTENT="in" HPOS="383" VPOS="2269" WIDTH="31" HEIGHT="75" STYLEREFS="font0"/><SP WIDTH="22" VPOS="2269" HPOS="414"/><String ID="p746_w400" CONTENT="19" HPOS="436" VPOS="2269" WIDTH="41" HEIGHT="75" STYLEREFS="font0"/><String ID="p746_w401" CONTENT="0" HPOS="477" VPOS="2251" WIDTH="18" HEIGHT="49" STYLEREFS="font1"/><SP WIDTH="19" VPOS="2251" HPOS="495"/><String ID="p746_w402" CONTENT="E." HPOS="514" VPOS="2269" WIDTH="44" HEIGHT="75" STYLEREFS="font0"/><SP WIDTH="17" VPOS="2269" HPOS="558"/><String ID="p746_w403" CONTENT="long," HPOS="575" VPOS="2269" WIDTH="87" HEIGHT="75" STYLEREFS="font0"/><SP WIDTH="20" VPOS="2269" HPOS="662"/><String ID="p746_w404" CONTENT="and" HPOS="682" VPOS="2269" WIDTH="62" HEIGHT="75" STYLEREFS="font0"/><SP WIDTH="19" VPOS="2269" HPOS="744"/><String ID="p746_w405" CONTENT="44" HPOS="763" VPOS="2269" WIDTH="43" HEIGHT="75" STYLEREFS="font0"/><String ID="p746_w406" CONTENT="0" HPOS="806" VPOS="2251" WIDTH="18" HEIGHT="49" STYLEREFS="font1"/><SP WIDTH="18" VPOS="2251" HPOS="824"/><String ID="p746_w407" CONTENT="N." HPOS="842" VPOS="2269" WIDTH="47" HEIGHT="75" STYLEREFS="font0"/><SP WIDTH="15" VPOS="2269" HPOS="889"/><String ID="p746_w408" CONTENT="lar" HPOS="904" VPOS="2269" WIDTH="56" HEIGHT="75" STYLEREFS="font0"/></TextLine><TextLine WIDTH="1034" HEIGHT="75" ID="p746_t49" HPOS="246" VPOS="2314"><String ID="p746_w409" CONTENT="BOSNIA," HPOS="246" VPOS="2314" WIDTH="193" HEIGHT="75" STYLEREFS="font0"/><SP WIDTH="26" VPOS="2314" HPOS="439"/><String ID="p746_w410" CONTENT="a" HPOS="465" VPOS="2314" WIDTH="17" HEIGHT="75" STYLEREFS="font0"/><SP WIDTH="17" VPOS="2314" HPOS="482"/><String ID="p746_w411" CONTENT="frontier" HPOS="499" VPOS="2314" WIDTH="135" HEIGHT="75" STYLEREFS="font0"/><SP WIDTH="25" VPOS="2314" HPOS="634"/><String ID="p746_w412" CONTENT="province" HPOS="659" VPOS="2314" WIDTH="150" HEIGHT="75" STYLEREFS="font0"/><SP WIDTH="23" VPOS="2314" HPOS="809"/><String ID="p746_w413" CONTENT="of" HPOS="832" VPOS="2314" WIDTH="41" HEIGHT="75" STYLEREFS="font0"/><SP WIDTH="11" VPOS="2314" HPOS="873"/><String ID="p746_w414" CONTENT="Chrifiendom," HPOS="884" VPOS="2314" WIDTH="238" HEIGHT="75" STYLEREFS="font0"/><SP WIDTH="26" VPOS="2314" HPOS="1122"/><String ID="p746_w415" CONTENT="divided" HPOS="1148" VPOS="2314" WIDTH="132" HEIGHT="75" STYLEREFS="font0"/></TextLine><TextLine WIDTH="986" HEIGHT="75" ID="p746_t50" HPOS="294" VPOS="2359"><String ID="p746_w416" CONTENT="between" HPOS="294" VPOS="2359" WIDTH="143" HEIGHT="75" STYLEREFS="font0"/><SP WIDTH="24" VPOS="2359" HPOS="437"/><String ID="p746_w417" CONTENT="the" HPOS="461" VPOS="2359" WIDTH="55" HEIGHT="75" STYLEREFS="font0"/><SP WIDTH="17" VPOS="2359" HPOS="516"/><String ID="p746_w418" CONTENT="Houfe" HPOS="533" VPOS="2359" WIDTH="110" HEIGHT="75" STYLEREFS="font0"/><SP WIDTH="23" VPOS="2359" HPOS="643"/><String ID="p746_w419" CONTENT="of" HPOS="666" VPOS="2359" WIDTH="42" HEIGHT="75" STYLEREFS="font0"/><SP WIDTH="17" VPOS="2359" HPOS="708"/><String ID="p746_w420" CONTENT="Auflria" HPOS="725" VPOS="2359" WIDTH="129" HEIGHT="75" STYLEREFS="font0"/><SP WIDTH="23" VPOS="2359" HPOS="854"/><String ID="p746_w421" CONTENT="and" HPOS="877" VPOS="2359" WIDTH="62" HEIGHT="75" STYLEREFS="font0"/><SP WIDTH="28" VPOS="2359" HPOS="939"/><String ID="p746_w422" CONTENT="the" HPOS="967" VPOS="2359" WIDTH="55" HEIGHT="75" STYLEREFS="font0"/><SP WIDTH="26" VPOS="2359" HPOS="1022"/><String ID="p746_w423" CONTENT="Turks;" HPOS="1048" VPOS="2359" WIDTH="134" HEIGHT="75" STYLEREFS="font0"/><SP WIDTH="27" VPOS="2359" HPOS="1182"/><String ID="p746_w424" CONTENT="that" HPOS="1209" VPOS="2359" WIDTH="71" HEIGHT="75" STYLEREFS="font0"/></TextLine><TextLine WIDTH="986" HEIGHT="75" ID="p746_t51" HPOS="293" VPOS="2408"><String ID="p746_w425" CONTENT="part" HPOS="293" VPOS="2408" WIDTH="72" HEIGHT="75" STYLEREFS="font0"/><SP WIDTH="17" VPOS="2408" HPOS="365"/><String ID="p746_w426" CONTENT="of" HPOS="382" VPOS="2408" WIDTH="38" HEIGHT="75" STYLEREFS="font0"/><SP WIDTH="12" VPOS="2408" HPOS="420"/><String ID="p746_w427" CONTENT="it" HPOS="432" VPOS="2408" WIDTH="24" HEIGHT="75" STYLEREFS="font0"/><SP WIDTH="18" VPOS="2408" HPOS="456"/><String ID="p746_w428" CONTENT="lying" HPOS="474" VPOS="2408" WIDTH="89" HEIGHT="75" STYLEREFS="font0"/><SP WIDTH="15" VPOS="2408" HPOS="563"/><String ID="p746_w429" CONTENT="eadward" HPOS="578" VPOS="2408" WIDTH="153" HEIGHT="75" STYLEREFS="font0"/><SP WIDTH="16" VPOS="2408" HPOS="731"/><String ID="p746_w430" CONTENT="of" HPOS="747" VPOS="2408" WIDTH="40" HEIGHT="75" STYLEREFS="font0"/><SP WIDTH="12" VPOS="2408" HPOS="787"/><String ID="p746_w431" CONTENT="the" HPOS="799" VPOS="2408" WIDTH="54" HEIGHT="75" STYLEREFS="font0"/><SP WIDTH="18" VPOS="2408" HPOS="853"/><String ID="p746_w432" CONTENT="river" HPOS="871" VPOS="2408" WIDTH="84" HEIGHT="75" STYLEREFS="font0"/><SP WIDTH="15" VPOS="2408" HPOS="955"/><String ID="p746_w433" CONTENT="Unna," HPOS="970" VPOS="2408" WIDTH="111" HEIGHT="75" STYLEREFS="font0"/><SP WIDTH="26" VPOS="2408" HPOS="1081"/><String ID="p746_w434" CONTENT="belonging" HPOS="1107" VPOS="2408" WIDTH="172" HEIGHT="75" STYLEREFS="font0"/></TextLine><TextLine WIDTH="991" HEIGHT="75" ID="p746_t52" HPOS="295" VPOS="2455"><String ID="p746_w435" CONTENT="to" HPOS="295" VPOS="2455" WIDTH="35" HEIGHT="75" STYLEREFS="font0"/><SP WIDTH="16" VPOS="2455" HPOS="330"/><String ID="p746_w436" CONTENT="the" HPOS="346" VPOS="2455" WIDTH="55" HEIGHT="75" STYLEREFS="font0"/><SP WIDTH="20" VPOS="2455" HPOS="401"/><String ID="p746_w437" CONTENT="Turks" HPOS="421" VPOS="2455" WIDTH="111" HEIGHT="75" STYLEREFS="font0"/><SP WIDTH="13" VPOS="2455" HPOS="532"/><String ID="p746_w438" CONTENT=";" HPOS="545" VPOS="2455" WIDTH="9" HEIGHT="75" STYLEREFS="font0"/><SP WIDTH="37" VPOS="2455" HPOS="554"/><String ID="p746_w439" CONTENT="and" HPOS="591" VPOS="2455" WIDTH="60" HEIGHT="75" STYLEREFS="font0"/><SP WIDTH="18" VPOS="2455" HPOS="651"/><String ID="p746_w440" CONTENT="the" HPOS="669" VPOS="2455" WIDTH="55" HEIGHT="75" STYLEREFS="font0"/><SP WIDTH="26" VPOS="2455" HPOS="724"/><String ID="p746_w441" CONTENT="red" HPOS="750" VPOS="2455" WIDTH="59" HEIGHT="75" STYLEREFS="font0"/><SP WIDTH="17" VPOS="2455" HPOS="809"/><String ID="p746_w442" CONTENT="of" HPOS="826" VPOS="2455" WIDTH="41" HEIGHT="75" STYLEREFS="font0"/><SP WIDTH="22" VPOS="2455" HPOS="867"/><String ID="p746_w443" CONTENT="it," HPOS="889" VPOS="2455" WIDTH="37" HEIGHT="75" STYLEREFS="font0"/><SP WIDTH="30" VPOS="2455" HPOS="926"/><String ID="p746_w444" CONTENT="lying" HPOS="956" VPOS="2455" WIDTH="89" HEIGHT="75" STYLEREFS="font0"/><SP WIDTH="22" VPOS="2455" HPOS="1045"/><String ID="p746_w445" CONTENT="wedward" HPOS="1067" VPOS="2455" WIDTH="162" HEIGHT="75" STYLEREFS="font0"/><SP WIDTH="16" VPOS="2455" HPOS="1229"/><String ID="p746_w446" CONTENT="of" HPOS="1245" VPOS="2455" WIDTH="41" HEIGHT="75" STYLEREFS="font0"/></TextLine><TextLine WIDTH="502" HEIGHT="75" ID="p746_t53" HPOS="295" VPOS="2501"><String ID="p746_w447" CONTENT="that" HPOS="295" VPOS="2501" WIDTH="70" HEIGHT="75" STYLEREFS="font0"/><SP WIDTH="15" VPOS="2501" HPOS="365"/><String ID="p746_w448" CONTENT="river," HPOS="380" VPOS="2501" WIDTH="98" HEIGHT="75" STYLEREFS="font0"/><SP WIDTH="18" VPOS="2501" HPOS="478"/><String ID="p746_w449" CONTENT="to" HPOS="496" VPOS="2501" WIDTH="35" HEIGHT="75" STYLEREFS="font0"/><SP WIDTH="17" VPOS="2501" HPOS="531"/><String ID="p746_w450" CONTENT="the" HPOS="548" VPOS="2501" WIDTH="56" HEIGHT="75" STYLEREFS="font0"/><SP WIDTH="13" VPOS="2501" HPOS="604"/><String ID="p746_w451" CONTENT="Audrians." HPOS="617" VPOS="2501" WIDTH="180" HEIGHT="75" STYLEREFS="font0"/></TextLine><TextLine WIDTH="1032" HEIGHT="75" ID="p746_t54" HPOS="249" VPOS="2544"><String ID="p746_w452" CONTENT="BOSPHORUS,," HPOS="249" VPOS="2544" WIDTH="312" HEIGHT="75" STYLEREFS="font0"/><SP WIDTH="21" VPOS="2544" HPOS="561"/><String ID="p746_w453" CONTENT="in" HPOS="582" VPOS="2544" WIDTH="32" HEIGHT="75" STYLEREFS="font0"/><SP WIDTH="28" VPOS="2544" HPOS="614"/><String ID="p746_w454" CONTENT="geography," HPOS="642" VPOS="2544" WIDTH="194" HEIGHT="75" STYLEREFS="font0"/><SP WIDTH="28" VPOS="2544" HPOS="836"/><String ID="p746_w455" CONTENT="denotes," HPOS="864" VPOS="2544" WIDTH="145" HEIGHT="75" STYLEREFS="font0"/><SP WIDTH="32" VPOS="2544" HPOS="1009"/><String ID="p746_w456" CONTENT="in" HPOS="1041" VPOS="2544" WIDTH="32" HEIGHT="75" STYLEREFS="font0"/><SP WIDTH="26" VPOS="2544" HPOS="1073"/><String ID="p746_w457" CONTENT="general," HPOS="1099" VPOS="2544" WIDTH="139" HEIGHT="75" STYLEREFS="font0"/><SP WIDTH="25" VPOS="2544" HPOS="1238"/><String ID="p746_w458" CONTENT="a" HPOS="1263" VPOS="2544" WIDTH="18" HEIGHT="75" STYLEREFS="font0"/></TextLine><TextLine WIDTH="986" HEIGHT="75" ID="p746_t55" HPOS="296" VPOS="2593"><String ID="p746_w459" CONTENT="narrow" HPOS="296" VPOS="2593" WIDTH="126" HEIGHT="75" STYLEREFS="font0"/><SP WIDTH="17" VPOS="2593" HPOS="422"/><String ID="p746_w460" CONTENT="tea," HPOS="439" VPOS="2593" WIDTH="64" HEIGHT="75" STYLEREFS="font0"/><SP WIDTH="17" VPOS="2593" HPOS="503"/><String ID="p746_w461" CONTENT="or." HPOS="520" VPOS="2593" WIDTH="38" HEIGHT="75" STYLEREFS="font0"/><SP WIDTH="11" VPOS="2593" HPOS="558"/><String ID="p746_w462" CONTENT="channel," HPOS="569" VPOS="2593" WIDTH="146" HEIGHT="75" STYLEREFS="font0"/><SP WIDTH="17" VPOS="2593" HPOS="715"/><String ID="p746_w463" CONTENT="feparating" HPOS="732" VPOS="2593" WIDTH="178" HEIGHT="75" STYLEREFS="font0"/><SP WIDTH="16" VPOS="2593" HPOS="910"/><String ID="p746_w464" CONTENT="two" HPOS="926" VPOS="2593" WIDTH="67" HEIGHT="75" STYLEREFS="font0"/><SP WIDTH="16" VPOS="2593" HPOS="993"/><String ID="p746_w465" CONTENT="continents," HPOS="1009" VPOS="2593" WIDTH="193" HEIGHT="75" STYLEREFS="font0"/><SP WIDTH="17" VPOS="2593" HPOS="1202"/><String ID="p746_w466" CONTENT="and" HPOS="1219" VPOS="2593" WIDTH="63" HEIGHT="75" STYLEREFS="font0"/></TextLine><TextLine WIDTH="823" HEIGHT="81" ID="p746_t56" HPOS="297" VPOS="2633"><String ID="p746_w467" CONTENT="ferving" HPOS="297" VPOS="2633" WIDTH="124" HEIGHT="75" STYLEREFS="font0"/><String ID="p746_w468" CONTENT=":" HPOS="421" VPOS="2665" WIDTH="6" HEIGHT="49" STYLEREFS="font2"/><String ID="p746_w469" CONTENT="aS'" HPOS="427" VPOS="2633" WIDTH="58" HEIGHT="75" STYLEREFS="font0"/><String ID="p746_w470" CONTENT="a" HPOS="485" VPOS="2633" WIDTH="18" HEIGHT="75" STYLEREFS="font0"/><SP WIDTH="12" VPOS="2633" HPOS="503"/><String ID="p746_w471" CONTENT="communication" HPOS="515" VPOS="2633" WIDTH="267" HEIGHT="75" STYLEREFS="font0"/><SP WIDTH="17" VPOS="2633" HPOS="782"/><String ID="p746_w472" CONTENT="between" HPOS="799" VPOS="2633" WIDTH="143" HEIGHT="75" STYLEREFS="font0"/><SP WIDTH="17" VPOS="2633" HPOS="942"/><String ID="p746_w473" CONTENT="two" HPOS="959" VPOS="2633" WIDTH="67" HEIGHT="75" STYLEREFS="font0"/><SP WIDTH="14" VPOS="2633" HPOS="1026"/><String ID="p746_w474" CONTENT="feas." HPOS="1040" VPOS="2633" WIDTH="80" HEIGHT="75" STYLEREFS="font0"/></TextLine><TextLine WIDTH="1037" HEIGHT="75" ID="p746_t57" HPOS="251" VPOS="2685"><String ID="p746_w475" CONTENT="Bosphorus" HPOS="251" VPOS="2685" WIDTH="234" HEIGHT="75" STYLEREFS="font0"/><SP WIDTH="20" VPOS="2685" HPOS="485"/><String ID="p746_w476" CONTENT="is" HPOS="505" VPOS="2685" WIDTH="26" HEIGHT="75" STYLEREFS="font0"/><SP WIDTH="27" VPOS="2685" HPOS="531"/><String ID="p746_w477" CONTENT="more" HPOS="558" VPOS="2685" WIDTH="87" HEIGHT="75" STYLEREFS="font0"/><SP WIDTH="18" VPOS="2685" HPOS="645"/><String ID="p746_w478" CONTENT="particularly" HPOS="663" VPOS="2685" WIDTH="209" HEIGHT="75" STYLEREFS="font0"/><SP WIDTH="15" VPOS="2685" HPOS="872"/><String ID="p746_w479" CONTENT="ufed" HPOS="887" VPOS="2685" WIDTH="77" HEIGHT="75" STYLEREFS="font0"/><SP WIDTH="17" VPOS="2685" HPOS="964"/><String ID="p746_w480" CONTENT="for" HPOS="981" VPOS="2685" WIDTH="52" HEIGHT="75" STYLEREFS="font0"/><SP WIDTH="22" VPOS="2685" HPOS="1033"/><String ID="p746_w481" CONTENT="the" HPOS="1055" VPOS="2685" WIDTH="55" HEIGHT="75" STYLEREFS="font0"/><SP WIDTH="17" VPOS="2685" HPOS="1110"/><String ID="p746_w482" CONTENT="draits" HPOS="1127" VPOS="2685" WIDTH="102" HEIGHT="75" STYLEREFS="font0"/><SP WIDTH="18" VPOS="2685" HPOS="1229"/><String ID="p746_w483" CONTENT="of" HPOS="1247" VPOS="2685" WIDTH="41" HEIGHT="75" STYLEREFS="font0"/></TextLine><TextLine WIDTH="886" HEIGHT="75" ID="p746_t58" HPOS="299" VPOS="2727"><String ID="p746_w484" CONTENT="C" HPOS="299" VPOS="2727" WIDTH="27" HEIGHT="75" STYLEREFS="font0"/><SP WIDTH="4" VPOS="2727" HPOS="326"/><String ID="p746_w485" CONTENT="on" HPOS="330" VPOS="2727" WIDTH="39" HEIGHT="75" STYLEREFS="font0"/><SP WIDTH="5" VPOS="2727" HPOS="369"/><String ID="p746_w486" CONTENT="dan" HPOS="374" VPOS="2727" WIDTH="64" HEIGHT="75" STYLEREFS="font0"/><SP WIDTH="3" VPOS="2727" HPOS="438"/><String ID="p746_w487" CONTENT="t-inople," HPOS="441" VPOS="2727" WIDTH="132" HEIGHT="75" STYLEREFS="font0"/><SP WIDTH="14" VPOS="2727" HPOS="573"/><String ID="p746_w488" CONTENT=".which" HPOS="587" VPOS="2727" WIDTH="114" HEIGHT="75" STYLEREFS="font0"/><SP WIDTH="18" VPOS="2727" HPOS="701"/><String ID="p746_w489" CONTENT="dLvides.Europe" HPOS="719" VPOS="2727" WIDTH="265" HEIGHT="75" STYLEREFS="font0"/><SP WIDTH="17" VPOS="2727" HPOS="984"/><String ID="p746_w490" CONTENT="from" HPOS="1001" VPOS="2727" WIDTH="85" HEIGHT="75" STYLEREFS="font0"/><SP WIDTH="12" VPOS="2727" HPOS="1086"/><String ID="p746_w491" CONTENT="Afia." HPOS="1098" VPOS="2727" WIDTH="87" HEIGHT="75" STYLEREFS="font0"/></TextLine><TextLine WIDTH="936" HEIGHT="75" ID="p746_t59" HPOS="345" VPOS="2775"><String ID="p746_w492" CONTENT="This" HPOS="345" VPOS="2775" WIDTH="85" HEIGHT="75" STYLEREFS="font0"/><SP WIDTH="17" VPOS="2775" HPOS="430"/><String ID="p746_w493" CONTENT="was" HPOS="447" VPOS="2775" WIDTH="65" HEIGHT="75" STYLEREFS="font0"/><SP WIDTH="16" VPOS="2775" HPOS="512"/><String ID="p746_w494" CONTENT="the" HPOS="528" VPOS="2775" WIDTH="55" HEIGHT="75" STYLEREFS="font0"/><SP WIDTH="18" VPOS="2775" HPOS="583"/><String ID="p746_w495" CONTENT="original" HPOS="601" VPOS="2775" WIDTH="133" HEIGHT="75" STYLEREFS="font0"/><SP WIDTH="13" VPOS="2775" HPOS="734"/><String ID="p746_w496" CONTENT="Bofphorus;." HPOS="747" VPOS="2775" WIDTH="215" HEIGHT="75" STYLEREFS="font0"/><SP WIDTH="19" VPOS="2775" HPOS="962"/><String ID="p746_w497" CONTENT="fo" HPOS="981" VPOS="2775" WIDTH="33" HEIGHT="75" STYLEREFS="font0"/><SP WIDTH="17" VPOS="2775" HPOS="1014"/><String ID="p746_w498" CONTENT="called" HPOS="1031" VPOS="2775" WIDTH="104" HEIGHT="75" STYLEREFS="font0"/><SP WIDTH="15" VPOS="2775" HPOS="1135"/><String ID="p746_w499" CONTENT="becaufe" HPOS="1150" VPOS="2775" WIDTH="131" HEIGHT="75" STYLEREFS="font0"/></TextLine><TextLine WIDTH="983" HEIGHT="75" ID="p746_t60" HPOS="299" VPOS="2826"><String ID="p746_w500" CONTENT="oxen" HPOS="299" VPOS="2826" WIDTH="85" HEIGHT="75" STYLEREFS="font0"/><SP WIDTH="18" VPOS="2826" HPOS="384"/><String ID="p746_w501" CONTENT="could" HPOS="402" VPOS="2826" WIDTH="96" HEIGHT="75" STYLEREFS="font0"/><SP WIDTH="23" VPOS="2826" HPOS="498"/><String ID="p746_w502" CONTENT="fwim" HPOS="521" VPOS="2826" WIDTH="87" HEIGHT="75" STYLEREFS="font0"/><SP WIDTH="18" VPOS="2826" HPOS="608"/><String ID="p746_w503" CONTENT="over" HPOS="626" VPOS="2826" WIDTH="75" HEIGHT="75" STYLEREFS="font0"/><SP WIDTH="17" VPOS="2826" HPOS="701"/><String ID="p746_w504" CONTENT="it" HPOS="718" VPOS="2826" WIDTH="25" HEIGHT="75" STYLEREFS="font0"/><SP WIDTH="16" VPOS="2826" HPOS="743"/><String ID="p746_w505" CONTENT=":" HPOS="759" VPOS="2826" WIDTH="8" HEIGHT="75" STYLEREFS="font0"/><SP WIDTH="26" VPOS="2826" HPOS="767"/><String ID="p746_w506" CONTENT="And" HPOS="793" VPOS="2826" WIDTH="78" HEIGHT="75" STYLEREFS="font0"/><SP WIDTH="16" VPOS="2826" HPOS="871"/><String ID="p746_w507" CONTENT="from" HPOS="887" VPOS="2826" WIDTH="83" HEIGHT="75" STYLEREFS="font0"/><SP WIDTH="28" VPOS="2826" HPOS="970"/><String ID="p746_w508" CONTENT="the" HPOS="998" VPOS="2826" WIDTH="56" HEIGHT="75" STYLEREFS="font0"/><SP WIDTH="18" VPOS="2826" HPOS="1054"/><String ID="p746_w509" CONTENT="refemblance" HPOS="1072" VPOS="2826" WIDTH="210" HEIGHT="75" STYLEREFS="font0"/></TextLine><TextLine WIDTH="985" HEIGHT="75" ID="p746_t61" HPOS="298" VPOS="2871"><String ID="p746_w510" CONTENT="between" HPOS="298" VPOS="2871" WIDTH="145" HEIGHT="75" STYLEREFS="font0"/><SP WIDTH="18" VPOS="2871" HPOS="443"/><String ID="p746_w511" CONTENT="it-" HPOS="461" VPOS="2871" WIDTH="28" HEIGHT="75" STYLEREFS="font0"/><SP WIDTH="14" VPOS="2871" HPOS="489"/><String ID="p746_w512" CONTENT="and" HPOS="503" VPOS="2871" WIDTH="61" HEIGHT="75" STYLEREFS="font0"/><SP WIDTH="18" VPOS="2871" HPOS="564"/><String ID="p746_w513" CONTENT="the" HPOS="582" VPOS="2871" WIDTH="54" HEIGHT="75" STYLEREFS="font0"/><SP WIDTH="20" VPOS="2871" HPOS="636"/><String ID="p746_w514" CONTENT="{freights," HPOS="656" VPOS="2871" WIDTH="155" HEIGHT="75" STYLEREFS="font0"/><SP WIDTH="8" VPOS="2871" HPOS="811"/><String ID="p746_w515" CONTENT="of" HPOS="819" VPOS="2871" WIDTH="40" HEIGHT="75" STYLEREFS="font0"/><SP WIDTH="21" VPOS="2871" HPOS="859"/><String ID="p746_w516" CONTENT="KafFa," HPOS="880" VPOS="2871" WIDTH="110" HEIGHT="75" STYLEREFS="font0"/><SP WIDTH="26" VPOS="2871" HPOS="990"/><String ID="p746_w517" CONTENT="thefe" HPOS="1016" VPOS="2871" WIDTH="86" HEIGHT="75" STYLEREFS="font0"/><SP WIDTH="24" VPOS="2871" HPOS="1102"/><String ID="p746_w518" CONTENT="lad" HPOS="1126" VPOS="2871" WIDTH="57" HEIGHT="75" STYLEREFS="font0"/><SP WIDTH="17" VPOS="2871" HPOS="1183"/><String ID="p746_w519" CONTENT="were" HPOS="1200" VPOS="2871" WIDTH="83" HEIGHT="75" STYLEREFS="font0"/></TextLine><TextLine WIDTH="982" HEIGHT="75" ID="p746_t62" HPOS="302" VPOS="2917"><String ID="p746_w520" CONTENT="anciently" HPOS="302" VPOS="2917" WIDTH="158" HEIGHT="75" STYLEREFS="font0"/><SP WIDTH="14" VPOS="2917" HPOS="460"/><String ID="p746_w521" CONTENT="called" HPOS="474" VPOS="2917" WIDTH="101" HEIGHT="75" STYLEREFS="font0"/><SP WIDTH="13" VPOS="2917" HPOS="575"/><String ID="p746_w522" CONTENT="the" HPOS="588" VPOS="2917" WIDTH="55" HEIGHT="75" STYLEREFS="font0"/><SP WIDTH="9" VPOS="2917" HPOS="643"/><String ID="p746_w523" CONTENT="Cimmerian," HPOS="652" VPOS="2917" WIDTH="210" HEIGHT="75" STYLEREFS="font0"/><SP WIDTH="18" VPOS="2917" HPOS="862"/><String ID="p746_w524" CONTENT="as" HPOS="880" VPOS="2917" WIDTH="33" HEIGHT="75" STYLEREFS="font0"/><SP WIDTH="17" VPOS="2917" HPOS="913"/><String ID="p746_w525" CONTENT="the" HPOS="930" VPOS="2917" WIDTH="55" HEIGHT="75" STYLEREFS="font0"/><SP WIDTH="16" VPOS="2917" HPOS="985"/><String ID="p746_w526" CONTENT="former" HPOS="1001" VPOS="2917" WIDTH="121" HEIGHT="75" STYLEREFS="font0"/><SP WIDTH="11" VPOS="2917" HPOS="1122"/><String ID="p746_w527" CONTENT="were" HPOS="1133" VPOS="2917" WIDTH="84" HEIGHT="75" STYLEREFS="font0"/><SP WIDTH="12" VPOS="2917" HPOS="1217"/><String ID="p746_w528" CONTENT="the" HPOS="1229" VPOS="2917" WIDTH="55" HEIGHT="75" STYLEREFS="font0"/></TextLine><TextLine WIDTH="373" HEIGHT="75" ID="p746_t63" HPOS="299" VPOS="2963"><String ID="p746_w529" CONTENT="Thracian" HPOS="299" VPOS="2963" WIDTH="166" HEIGHT="75" STYLEREFS="font0"/><SP WIDTH="20" VPOS="2963" HPOS="465"/><String ID="p746_w530" CONTENT="Bofphorus." HPOS="485" VPOS="2963" WIDTH="187" HEIGHT="75" STYLEREFS="font0"/></TextLine><TextLine WIDTH="1030" HEIGHT="75" ID="p746_t64" HPOS="253" VPOS="3011"><String ID="p746_w531" CONTENT="BOSQUETS," HPOS="253" VPOS="3011" WIDTH="270" HEIGHT="75" STYLEREFS="font0"/><SP WIDTH="27" VPOS="3011" HPOS="523"/><String ID="p746_w532" CONTENT="in" HPOS="550" VPOS="3011" WIDTH="31" HEIGHT="75" STYLEREFS="font0"/><SP WIDTH="24" VPOS="3011" HPOS="581"/><String ID="p746_w533" CONTENT="gardening," HPOS="605" VPOS="3011" WIDTH="185" HEIGHT="75" STYLEREFS="font0"/><SP WIDTH="27" VPOS="3011" HPOS="790"/><String ID="p746_w534" CONTENT="groves" HPOS="817" VPOS="3011" WIDTH="112" HEIGHT="75" STYLEREFS="font0"/><SP WIDTH="15" VPOS="3011" HPOS="929"/><String ID="p746_w535" CONTENT="fo" HPOS="944" VPOS="3011" WIDTH="35" HEIGHT="75" STYLEREFS="font0"/><SP WIDTH="18" VPOS="3011" HPOS="979"/><String ID="p746_w536" CONTENT="called" HPOS="997" VPOS="3011" WIDTH="103" HEIGHT="75" STYLEREFS="font0"/><SP WIDTH="18" VPOS="3011" HPOS="1100"/><String ID="p746_w537" CONTENT="from-iu/-" HPOS="1118" VPOS="3011" WIDTH="165" HEIGHT="75" STYLEREFS="font0"/></TextLine><TextLine WIDTH="984" HEIGHT="75" ID="p746_t65" HPOS="299" VPOS="3059"><String ID="p746_w538" CONTENT="cheilOy" HPOS="299" VPOS="3059" WIDTH="117" HEIGHT="75" STYLEREFS="font0"/><SP WIDTH="23" VPOS="3059" HPOS="416"/><String ID="p746_w539" CONTENT="an" HPOS="439" VPOS="3059" WIDTH="40" HEIGHT="75" STYLEREFS="font0"/><SP WIDTH="19" VPOS="3059" HPOS="479"/><String ID="p746_w540" CONTENT="Italian" HPOS="498" VPOS="3059" WIDTH="116" HEIGHT="75" STYLEREFS="font0"/><SP WIDTH="26" VPOS="3059" HPOS="614"/><String ID="p746_w541" CONTENT="word," HPOS="640" VPOS="3059" WIDTH="101" HEIGHT="75" STYLEREFS="font0"/><SP WIDTH="25" VPOS="3059" HPOS="741"/><String ID="p746_w542" CONTENT="which" HPOS="766" VPOS="3059" WIDTH="107" HEIGHT="75" STYLEREFS="font0"/><SP WIDTH="16" VPOS="3059" HPOS="873"/><String ID="p746_w543" CONTENT="fignifies" HPOS="889" VPOS="3059" WIDTH="133" HEIGHT="75" STYLEREFS="font0"/><SP WIDTH="15" VPOS="3059" HPOS="1022"/><String ID="p746_w544" CONTENT="a" HPOS="1037" VPOS="3059" WIDTH="21" HEIGHT="75" STYLEREFS="font0"/><SP WIDTH="15" VPOS="3059" HPOS="1058"/><String ID="p746_w545" CONTENT="little" HPOS="1073" VPOS="3059" WIDTH="85" HEIGHT="75" STYLEREFS="font0"/><SP WIDTH="16" VPOS="3059" HPOS="1158"/><String ID="p746_w546" CONTENT="wood." HPOS="1174" VPOS="3059" WIDTH="109" HEIGHT="75" STYLEREFS="font0"/></TextLine><TextLine WIDTH="993" HEIGHT="75" ID="p746_t66" HPOS="1361" VPOS="259"><String ID="p746_w547" CONTENT="They" HPOS="1361" VPOS="259" WIDTH="99" HEIGHT="75" STYLEREFS="font0"/><SP WIDTH="12" VPOS="259" HPOS="1460"/><String ID="p746_w548" CONTENT="are" HPOS="1472" VPOS="259" WIDTH="53" HEIGHT="75" STYLEREFS="font0"/><SP WIDTH="13" VPOS="259" HPOS="1525"/><String ID="p746_w549" CONTENT="compartments" HPOS="1538" VPOS="259" WIDTH="249" HEIGHT="75" STYLEREFS="font0"/><SP WIDTH="12" VPOS="259" HPOS="1787"/><String ID="p746_w550" CONTENT="in" HPOS="1799" VPOS="259" WIDTH="33" HEIGHT="75" STYLEREFS="font0"/><SP WIDTH="13" VPOS="259" HPOS="1832"/><String ID="p746_w551" CONTENT="gardens," HPOS="1845" VPOS="259" WIDTH="147" HEIGHT="75" STYLEREFS="font0"/><SP WIDTH="15" VPOS="259" HPOS="1992"/><String ID="p746_w552" CONTENT="formed" HPOS="2007" VPOS="259" WIDTH="126" HEIGHT="75" STYLEREFS="font0"/><SP WIDTH="12" VPOS="259" HPOS="2133"/><String ID="p746_w553" CONTENT="by" HPOS="2145" VPOS="259" WIDTH="44" HEIGHT="75" STYLEREFS="font0"/><SP WIDTH="10" VPOS="259" HPOS="2189"/><String ID="p746_w554" CONTENT="branches" HPOS="2199" VPOS="259" WIDTH="155" HEIGHT="75" STYLEREFS="font0"/></TextLine><TextLine WIDTH="995" HEIGHT="75" ID="p746_t67" HPOS="1360" VPOS="306"><String ID="p746_w555" CONTENT="of" HPOS="1360" VPOS="306" WIDTH="39" HEIGHT="75" STYLEREFS="font0"/><SP WIDTH="19" VPOS="306" HPOS="1399"/><String ID="p746_w556" CONTENT="trees," HPOS="1418" VPOS="306" WIDTH="98" HEIGHT="75" STYLEREFS="font0"/><SP WIDTH="26" VPOS="306" HPOS="1516"/><String ID="p746_w557" CONTENT="difpofed" HPOS="1542" VPOS="306" WIDTH="147" HEIGHT="75" STYLEREFS="font0"/><SP WIDTH="27" VPOS="306" HPOS="1689"/><String ID="p746_w558" CONTENT="either" HPOS="1716" VPOS="306" WIDTH="105" HEIGHT="75" STYLEREFS="font0"/><SP WIDTH="17" VPOS="306" HPOS="1821"/><String ID="p746_w559" CONTENT="regularly" HPOS="1838" VPOS="306" WIDTH="162" HEIGHT="75" STYLEREFS="font0"/><SP WIDTH="17" VPOS="306" HPOS="2000"/><String ID="p746_w560" CONTENT="in" HPOS="2017" VPOS="306" WIDTH="33" HEIGHT="75" STYLEREFS="font0"/><SP WIDTH="16" VPOS="306" HPOS="2050"/><String ID="p746_w561" CONTENT="rows;" HPOS="2066" VPOS="306" WIDTH="97" HEIGHT="75" STYLEREFS="font0"/><SP WIDTH="26" VPOS="306" HPOS="2163"/><String ID="p746_w562" CONTENT="or" HPOS="2189" VPOS="306" WIDTH="37" HEIGHT="75" STYLEREFS="font0"/><SP WIDTH="17" VPOS="306" HPOS="2226"/><String ID="p746_w563" CONTENT="wildly" HPOS="2243" VPOS="306" WIDTH="112" HEIGHT="75" STYLEREFS="font0"/></TextLine><TextLine WIDTH="989" HEIGHT="75" ID="p746_t68" HPOS="1367" VPOS="352"><String ID="p746_w564" CONTENT="and" HPOS="1367" VPOS="352" WIDTH="60" HEIGHT="75" STYLEREFS="font0"/><SP WIDTH="17" VPOS="352" HPOS="1427"/><String ID="p746_w565" CONTENT="irregularly," HPOS="1444" VPOS="352" WIDTH="202" HEIGHT="75" STYLEREFS="font0"/><SP WIDTH="27" VPOS="352" HPOS="1646"/><String ID="p746_w566" CONTENT="according" HPOS="1673" VPOS="352" WIDTH="171" HEIGHT="75" STYLEREFS="font0"/><SP WIDTH="16" VPOS="352" HPOS="1844"/><String ID="p746_w567" CONTENT="to" HPOS="1860" VPOS="352" WIDTH="36" HEIGHT="75" STYLEREFS="font0"/><SP WIDTH="15" VPOS="352" HPOS="1896"/><String ID="p746_w568" CONTENT="the" HPOS="1911" VPOS="352" WIDTH="56" HEIGHT="75" STYLEREFS="font0"/><SP WIDTH="17" VPOS="352" HPOS="1967"/><String ID="p746_w569" CONTENT="fancy" HPOS="1984" VPOS="352" WIDTH="95" HEIGHT="75" STYLEREFS="font0"/><SP WIDTH="24" VPOS="352" HPOS="2079"/><String ID="p746_w570" CONTENT="of" HPOS="2103" VPOS="352" WIDTH="39" HEIGHT="75" STYLEREFS="font0"/><SP WIDTH="21" VPOS="352" HPOS="2142"/><String ID="p746_w571" CONTENT="the" HPOS="2163" VPOS="352" WIDTH="54" HEIGHT="75" STYLEREFS="font0"/><SP WIDTH="17" VPOS="352" HPOS="2217"/><String ID="p746_w572" CONTENT="owner." HPOS="2234" VPOS="352" WIDTH="122" HEIGHT="75" STYLEREFS="font0"/></TextLine><TextLine WIDTH="992" HEIGHT="75" ID="p746_t69" HPOS="1365" VPOS="400"><String ID="p746_w573" CONTENT="A" HPOS="1365" VPOS="400" WIDTH="33" HEIGHT="75" STYLEREFS="font0"/><SP WIDTH="15" VPOS="400" HPOS="1398"/><String ID="p746_w574" CONTENT="bofquet" HPOS="1413" VPOS="400" WIDTH="137" HEIGHT="75" STYLEREFS="font0"/><SP WIDTH="16" VPOS="400" HPOS="1550"/><String ID="p746_w575" CONTENT="is" HPOS="1566" VPOS="400" WIDTH="27" HEIGHT="75" STYLEREFS="font0"/><SP WIDTH="18" VPOS="400" HPOS="1593"/><String ID="p746_w576" CONTENT="either" HPOS="1611" VPOS="400" WIDTH="104" HEIGHT="75" STYLEREFS="font0"/><SP WIDTH="17" VPOS="400" HPOS="1715"/><String ID="p746_w577" CONTENT="a" HPOS="1732" VPOS="400" WIDTH="18" HEIGHT="75" STYLEREFS="font0"/><SP WIDTH="18" VPOS="400" HPOS="1750"/><String ID="p746_w578" CONTENT="plot" HPOS="1768" VPOS="400" WIDTH="67" HEIGHT="75" STYLEREFS="font0"/><SP WIDTH="21" VPOS="400" HPOS="1835"/><String ID="p746_w579" CONTENT="of" HPOS="1856" VPOS="400" WIDTH="39" HEIGHT="75" STYLEREFS="font0"/><SP WIDTH="13" VPOS="400" HPOS="1895"/><String ID="p746_w580" CONTENT="ground" HPOS="1908" VPOS="400" WIDTH="124" HEIGHT="75" STYLEREFS="font0"/><SP WIDTH="16" VPOS="400" HPOS="2032"/><String ID="p746_w581" CONTENT="inclofed" HPOS="2048" VPOS="400" WIDTH="141" HEIGHT="75" STYLEREFS="font0"/><SP WIDTH="17" VPOS="400" HPOS="2189"/><String ID="p746_w582" CONTENT="with" HPOS="2206" VPOS="400" WIDTH="77" HEIGHT="75" STYLEREFS="font0"/><SP WIDTH="19" VPOS="400" HPOS="2283"/><String ID="p746_w583" CONTENT="pa-" HPOS="2302" VPOS="400" WIDTH="55" HEIGHT="75" STYLEREFS="font0"/></TextLine><TextLine WIDTH="992" HEIGHT="75" ID="p746_t70" HPOS="1363" VPOS="446"><String ID="p746_w584" CONTENT="lifadoes" HPOS="1363" VPOS="446" WIDTH="133" HEIGHT="75" STYLEREFS="font0"/><SP WIDTH="13" VPOS="446" HPOS="1496"/><String ID="p746_w585" CONTENT="of" HPOS="1509" VPOS="446" WIDTH="38" HEIGHT="75" STYLEREFS="font0"/><SP WIDTH="12" VPOS="446" HPOS="1547"/><String ID="p746_w586" CONTENT="horn-beam," HPOS="1559" VPOS="446" WIDTH="204" HEIGHT="75" STYLEREFS="font0"/><SP WIDTH="18" VPOS="446" HPOS="1763"/><String ID="p746_w587" CONTENT="the" HPOS="1781" VPOS="446" WIDTH="56" HEIGHT="75" STYLEREFS="font0"/><SP WIDTH="13" VPOS="446" HPOS="1837"/><String ID="p746_w588" CONTENT="middle" HPOS="1850" VPOS="446" WIDTH="118" HEIGHT="75" STYLEREFS="font0"/><SP WIDTH="18" VPOS="446" HPOS="1968"/><String ID="p746_w589" CONTENT="of" HPOS="1986" VPOS="446" WIDTH="40" HEIGHT="75" STYLEREFS="font0"/><SP WIDTH="7" VPOS="446" HPOS="2026"/><String ID="p746_w590" CONTENT="it" HPOS="2033" VPOS="446" WIDTH="26" HEIGHT="75" STYLEREFS="font0"/><SP WIDTH="13" VPOS="446" HPOS="2059"/><String ID="p746_w591" CONTENT="being" HPOS="2072" VPOS="446" WIDTH="94" HEIGHT="75" STYLEREFS="font0"/><SP WIDTH="12" VPOS="446" HPOS="2166"/><String ID="p746_w592" CONTENT="filled" HPOS="2178" VPOS="446" WIDTH="88" HEIGHT="75" STYLEREFS="font0"/><SP WIDTH="13" VPOS="446" HPOS="2266"/><String ID="p746_w593" CONTENT="with" HPOS="2279" VPOS="446" WIDTH="76" HEIGHT="75" STYLEREFS="font0"/></TextLine><TextLine WIDTH="992" HEIGHT="75" ID="p746_t71" HPOS="1366" VPOS="492"><String ID="p746_w594" CONTENT="fall" HPOS="1366" VPOS="492" WIDTH="57" HEIGHT="75" STYLEREFS="font0"/><SP WIDTH="24" VPOS="492" HPOS="1423"/><String ID="p746_w595" CONTENT="trees," HPOS="1447" VPOS="492" WIDTH="97" HEIGHT="75" STYLEREFS="font0"/><SP WIDTH="26" VPOS="492" HPOS="1544"/><String ID="p746_w596" CONTENT="as" HPOS="1570" VPOS="492" WIDTH="33" HEIGHT="75" STYLEREFS="font0"/><SP WIDTH="18" VPOS="492" HPOS="1603"/><String ID="p746_w597" CONTENT="elm" HPOS="1621" VPOS="492" WIDTH="62" HEIGHT="75" STYLEREFS="font0"/><SP WIDTH="19" VPOS="492" HPOS="1683"/><String ID="p746_w598" CONTENT="or" HPOS="1702" VPOS="492" WIDTH="37" HEIGHT="75" STYLEREFS="font0"/><SP WIDTH="11" VPOS="492" HPOS="1739"/><String ID="p746_w599" CONTENT="the" HPOS="1750" VPOS="492" WIDTH="55" HEIGHT="75" STYLEREFS="font0"/><SP WIDTH="17" VPOS="492" HPOS="1805"/><String ID="p746_w600" CONTENT="like," HPOS="1822" VPOS="492" WIDTH="76" HEIGHT="75" STYLEREFS="font0"/><SP WIDTH="26" VPOS="492" HPOS="1898"/><String ID="p746_w601" CONTENT="the" HPOS="1924" VPOS="492" WIDTH="56" HEIGHT="75" STYLEREFS="font0"/><SP WIDTH="17" VPOS="492" HPOS="1980"/><String ID="p746_w602" CONTENT="tops" HPOS="1997" VPOS="492" WIDTH="71" HEIGHT="75" STYLEREFS="font0"/><SP WIDTH="17" VPOS="492" HPOS="2068"/><String ID="p746_w603" CONTENT="of" HPOS="2085" VPOS="492" WIDTH="40" HEIGHT="75" STYLEREFS="font0"/><SP WIDTH="11" VPOS="492" HPOS="2125"/><String ID="p746_w604" CONTENT="which" HPOS="2136" VPOS="492" WIDTH="104" HEIGHT="75" STYLEREFS="font0"/><SP WIDTH="26" VPOS="492" HPOS="2240"/><String ID="p746_w605" CONTENT="make" HPOS="2266" VPOS="492" WIDTH="92" HEIGHT="75" STYLEREFS="font0"/></TextLine><TextLine WIDTH="990" HEIGHT="75" ID="p746_t72" HPOS="1367" VPOS="539"><String ID="p746_w606" CONTENT="a" HPOS="1367" VPOS="539" WIDTH="17" HEIGHT="75" STYLEREFS="font0"/><SP WIDTH="17" VPOS="539" HPOS="1384"/><String ID="p746_w607" CONTENT="tuft" HPOS="1401" VPOS="539" WIDTH="66" HEIGHT="75" STYLEREFS="font0"/><SP WIDTH="17" VPOS="539" HPOS="1467"/><String ID="p746_w608" CONTENT="or" HPOS="1484" VPOS="539" WIDTH="37" HEIGHT="75" STYLEREFS="font0"/><SP WIDTH="16" VPOS="539" HPOS="1521"/><String ID="p746_w609" CONTENT="plume" HPOS="1537" VPOS="539" WIDTH="106" HEIGHT="75" STYLEREFS="font0"/><SP WIDTH="15" VPOS="539" HPOS="1643"/><String ID="p746_w610" CONTENT=";" HPOS="1658" VPOS="539" WIDTH="10" HEIGHT="75" STYLEREFS="font0"/><SP WIDTH="27" VPOS="539" HPOS="1668"/><String ID="p746_w611" CONTENT="or" HPOS="1695" VPOS="539" WIDTH="36" HEIGHT="75" STYLEREFS="font0"/><SP WIDTH="18" VPOS="539" HPOS="1731"/><String ID="p746_w612" CONTENT="it" HPOS="1749" VPOS="539" WIDTH="26" HEIGHT="75" STYLEREFS="font0"/><SP WIDTH="17" VPOS="539" HPOS="1775"/><String ID="p746_w613" CONTENT="confids" HPOS="1792" VPOS="539" WIDTH="124" HEIGHT="75" STYLEREFS="font0"/><SP WIDTH="29" VPOS="539" HPOS="1916"/><String ID="p746_w614" CONTENT="of" HPOS="1945" VPOS="539" WIDTH="41" HEIGHT="75" STYLEREFS="font0"/><SP WIDTH="21" VPOS="539" HPOS="1986"/><String ID="p746_w615" CONTENT="only" HPOS="2007" VPOS="539" WIDTH="78" HEIGHT="75" STYLEREFS="font0"/><SP WIDTH="23" VPOS="539" HPOS="2085"/><String ID="p746_w616" CONTENT="high" HPOS="2108" VPOS="539" WIDTH="76" HEIGHT="75" STYLEREFS="font0"/><SP WIDTH="17" VPOS="539" HPOS="2184"/><String ID="p746_w617" CONTENT="trees," HPOS="2201" VPOS="539" WIDTH="96" HEIGHT="75" STYLEREFS="font0"/><SP WIDTH="26" VPOS="539" HPOS="2297"/><String ID="p746_w618" CONTENT="as" HPOS="2323" VPOS="539" WIDTH="34" HEIGHT="75" STYLEREFS="font0"/></TextLine><TextLine WIDTH="989" HEIGHT="75" ID="p746_t73" HPOS="1366" VPOS="586"><String ID="p746_w619" CONTENT="horfe-chefnut," HPOS="1366" VPOS="586" WIDTH="254" HEIGHT="75" STYLEREFS="font0"/><SP WIDTH="26" VPOS="586" HPOS="1620"/><String ID="p746_w620" CONTENT="elm," HPOS="1646" VPOS="586" WIDTH="76" HEIGHT="75" STYLEREFS="font0"/><SP WIDTH="28" VPOS="586" HPOS="1722"/><String ID="p746_w621" CONTENT="Qc." HPOS="1750" VPOS="586" WIDTH="64" HEIGHT="75" STYLEREFS="font0"/><SP WIDTH="49" VPOS="586" HPOS="1814"/><String ID="p746_w622" CONTENT="The" HPOS="1863" VPOS="586" WIDTH="78" HEIGHT="75" STYLEREFS="font0"/><SP WIDTH="16" VPOS="586" HPOS="1941"/><String ID="p746_w623" CONTENT="ground" HPOS="1957" VPOS="586" WIDTH="124" HEIGHT="75" STYLEREFS="font0"/><SP WIDTH="17" VPOS="586" HPOS="2081"/><String ID="p746_w624" CONTENT="fliould" HPOS="2098" VPOS="586" WIDTH="111" HEIGHT="75" STYLEREFS="font0"/><SP WIDTH="12" VPOS="586" HPOS="2209"/><String ID="p746_w625" CONTENT="be" HPOS="2221" VPOS="586" WIDTH="39" HEIGHT="75" STYLEREFS="font0"/><SP WIDTH="16" VPOS="586" HPOS="2260"/><String ID="p746_w626" CONTENT="kept" HPOS="2276" VPOS="586" WIDTH="79" HEIGHT="75" STYLEREFS="font0"/></TextLine><TextLine WIDTH="988" HEIGHT="75" ID="p746_t74" HPOS="1365" VPOS="633"><String ID="p746_w627" CONTENT="very" HPOS="1365" VPOS="633" WIDTH="78" HEIGHT="75" STYLEREFS="font0"/><SP WIDTH="16" VPOS="633" HPOS="1443"/><String ID="p746_w628" CONTENT="fmooth" HPOS="1459" VPOS="633" WIDTH="126" HEIGHT="75" STYLEREFS="font0"/><SP WIDTH="18" VPOS="633" HPOS="1585"/><String ID="p746_w629" CONTENT="and" HPOS="1603" VPOS="633" WIDTH="62" HEIGHT="75" STYLEREFS="font0"/><SP WIDTH="17" VPOS="633" HPOS="1665"/><String ID="p746_w630" CONTENT="rolled," HPOS="1682" VPOS="633" WIDTH="117" HEIGHT="75" STYLEREFS="font0"/><SP WIDTH="25" VPOS="633" HPOS="1799"/><String ID="p746_w631" CONTENT="or" HPOS="1824" VPOS="633" WIDTH="38" HEIGHT="75" STYLEREFS="font0"/><SP WIDTH="28" VPOS="633" HPOS="1862"/><String ID="p746_w632" CONTENT="elfe" HPOS="1890" VPOS="633" WIDTH="64" HEIGHT="75" STYLEREFS="font0"/><SP WIDTH="29" VPOS="633" HPOS="1954"/><String ID="p746_w633" CONTENT="covered" HPOS="1983" VPOS="633" WIDTH="136" HEIGHT="75" STYLEREFS="font0"/><SP WIDTH="28" VPOS="633" HPOS="2119"/><String ID="p746_w634" CONTENT="with" HPOS="2147" VPOS="633" WIDTH="76" HEIGHT="75" STYLEREFS="font0"/><SP WIDTH="31" VPOS="633" HPOS="2223"/><String ID="p746_w635" CONTENT="grafs," HPOS="2254" VPOS="633" WIDTH="99" HEIGHT="75" STYLEREFS="font0"/></TextLine><TextLine WIDTH="986" HEIGHT="75" ID="p746_t75" HPOS="1367" VPOS="679"><String ID="p746_w636" CONTENT="after" HPOS="1367" VPOS="679" WIDTH="83" HEIGHT="75" STYLEREFS="font0"/><SP WIDTH="16" VPOS="679" HPOS="1450"/><String ID="p746_w637" CONTENT="the" HPOS="1466" VPOS="679" WIDTH="55" HEIGHT="75" STYLEREFS="font0"/><SP WIDTH="14" VPOS="679" HPOS="1521"/><String ID="p746_w638" CONTENT="manner" HPOS="1535" VPOS="679" WIDTH="130" HEIGHT="75" STYLEREFS="font0"/><SP WIDTH="17" VPOS="679" HPOS="1665"/><String ID="p746_w639" CONTENT="of" HPOS="1682" VPOS="679" WIDTH="39" HEIGHT="75" STYLEREFS="font0"/><SP WIDTH="12" VPOS="679" HPOS="1721"/><String ID="p746_w640" CONTENT="green-plots." HPOS="1733" VPOS="679" WIDTH="214" HEIGHT="75" STYLEREFS="font0"/><SP WIDTH="34" VPOS="679" HPOS="1947"/><String ID="p746_w641" CONTENT="In" HPOS="1981" VPOS="679" WIDTH="38" HEIGHT="75" STYLEREFS="font0"/><SP WIDTH="13" VPOS="679" HPOS="2019"/><String ID="p746_w642" CONTENT="planting" HPOS="2032" VPOS="679" WIDTH="143" HEIGHT="75" STYLEREFS="font0"/><SP WIDTH="13" VPOS="679" HPOS="2175"/><String ID="p746_w643" CONTENT="bofquets," HPOS="2188" VPOS="679" WIDTH="165" HEIGHT="75" STYLEREFS="font0"/></TextLine><TextLine WIDTH="991" HEIGHT="75" ID="p746_t76" HPOS="1366" VPOS="726"><String ID="p746_w644" CONTENT="care" HPOS="1366" VPOS="726" WIDTH="71" HEIGHT="75" STYLEREFS="font0"/><SP WIDTH="17" VPOS="726" HPOS="1437"/><String ID="p746_w645" CONTENT="(hould" HPOS="1454" VPOS="726" WIDTH="113" HEIGHT="75" STYLEREFS="font0"/><SP WIDTH="17" VPOS="726" HPOS="1567"/><String ID="p746_w646" CONTENT="be" HPOS="1584" VPOS="726" WIDTH="39" HEIGHT="75" STYLEREFS="font0"/><SP WIDTH="17" VPOS="726" HPOS="1623"/><String ID="p746_w647" CONTENT="taken" HPOS="1640" VPOS="726" WIDTH="95" HEIGHT="75" STYLEREFS="font0"/><SP WIDTH="17" VPOS="726" HPOS="1735"/><String ID="p746_w648" CONTENT="to" HPOS="1752" VPOS="726" WIDTH="35" HEIGHT="75" STYLEREFS="font0"/><SP WIDTH="19" VPOS="726" HPOS="1787"/><String ID="p746_w649" CONTENT="mix" HPOS="1806" VPOS="726" WIDTH="68" HEIGHT="75" STYLEREFS="font0"/><SP WIDTH="25" VPOS="726" HPOS="1874"/><String ID="p746_w650" CONTENT="the" HPOS="1899" VPOS="726" WIDTH="55" HEIGHT="75" STYLEREFS="font0"/><SP WIDTH="24" VPOS="726" HPOS="1954"/><String ID="p746_w651" CONTENT="trees" HPOS="1978" VPOS="726" WIDTH="84" HEIGHT="75" STYLEREFS="font0"/><SP WIDTH="29" VPOS="726" HPOS="2062"/><String ID="p746_w652" CONTENT="which" HPOS="2091" VPOS="726" WIDTH="106" HEIGHT="75" STYLEREFS="font0"/><SP WIDTH="20" VPOS="726" HPOS="2197"/><String ID="p746_w653" CONTENT="produce" HPOS="2217" VPOS="726" WIDTH="140" HEIGHT="75" STYLEREFS="font0"/></TextLine><TextLine WIDTH="997" HEIGHT="75" ID="p746_t77" HPOS="1366" VPOS="772"><String ID="p746_w654" CONTENT="their" HPOS="1366" VPOS="772" WIDTH="84" HEIGHT="75" STYLEREFS="font0"/><SP WIDTH="17" VPOS="772" HPOS="1450"/><String ID="p746_w655" CONTENT="leaves" HPOS="1467" VPOS="772" WIDTH="103" HEIGHT="75" STYLEREFS="font0"/><SP WIDTH="18" VPOS="772" HPOS="1570"/><String ID="p746_w656" CONTENT="of" HPOS="1588" VPOS="772" WIDTH="41" HEIGHT="75" STYLEREFS="font0"/><SP WIDTH="9" VPOS="772" HPOS="1629"/><String ID="p746_w657" CONTENT="different" HPOS="1638" VPOS="772" WIDTH="153" HEIGHT="75" STYLEREFS="font0"/><SP WIDTH="24" VPOS="772" HPOS="1791"/><String ID="p746_w658" CONTENT="fliapes," HPOS="1815" VPOS="772" WIDTH="120" HEIGHT="75" STYLEREFS="font0"/><SP WIDTH="26" VPOS="772" HPOS="1935"/><String ID="p746_w659" CONTENT="and" HPOS="1961" VPOS="772" WIDTH="63" HEIGHT="75" STYLEREFS="font0"/><SP WIDTH="26" VPOS="772" HPOS="2024"/><String ID="p746_w660" CONTENT="various" HPOS="2050" VPOS="772" WIDTH="127" HEIGHT="75" STYLEREFS="font0"/><SP WIDTH="17" VPOS="772" HPOS="2177"/><String ID="p746_w661" CONTENT="fhades" HPOS="2194" VPOS="772" WIDTH="109" HEIGHT="75" STYLEREFS="font0"/><SP WIDTH="18" VPOS="772" HPOS="2303"/><String ID="p746_w662" CONTENT="of" HPOS="2321" VPOS="772" WIDTH="42" HEIGHT="75" STYLEREFS="font0"/></TextLine><TextLine WIDTH="989" HEIGHT="75" ID="p746_t78" HPOS="1367" VPOS="819"><String ID="p746_w663" CONTENT="green," HPOS="1367" VPOS="819" WIDTH="107" HEIGHT="75" STYLEREFS="font0"/><SP WIDTH="27" VPOS="819" HPOS="1474"/><String ID="p746_w664" CONTENT="and" HPOS="1501" VPOS="819" WIDTH="61" HEIGHT="75" STYLEREFS="font0"/><SP WIDTH="18" VPOS="819" HPOS="1562"/><String ID="p746_w665" CONTENT="hoary" HPOS="1580" VPOS="819" WIDTH="100" HEIGHT="75" STYLEREFS="font0"/><SP WIDTH="17" VPOS="819" HPOS="1680"/><String ID="p746_w666" CONTENT="or" HPOS="1697" VPOS="819" WIDTH="38" HEIGHT="75" STYLEREFS="font0"/><SP WIDTH="15" VPOS="819" HPOS="1735"/><String ID="p746_w667" CONTENT="meally" HPOS="1750" VPOS="819" WIDTH="117" HEIGHT="75" STYLEREFS="font0"/><SP WIDTH="17" VPOS="819" HPOS="1867"/><String ID="p746_w668" CONTENT="leaves," HPOS="1884" VPOS="819" WIDTH="117" HEIGHT="75" STYLEREFS="font0"/><SP WIDTH="26" VPOS="819" HPOS="2001"/><String ID="p746_w669" CONTENT="fo" HPOS="2027" VPOS="819" WIDTH="34" HEIGHT="75" STYLEREFS="font0"/><SP WIDTH="17" VPOS="819" HPOS="2061"/><String ID="p746_w670" CONTENT="as" HPOS="2078" VPOS="819" WIDTH="33" HEIGHT="75" STYLEREFS="font0"/><SP WIDTH="23" VPOS="819" HPOS="2111"/><String ID="p746_w671" CONTENT="to" HPOS="2134" VPOS="819" WIDTH="37" HEIGHT="75" STYLEREFS="font0"/><SP WIDTH="24" VPOS="819" HPOS="2171"/><String ID="p746_w672" CONTENT="afford" HPOS="2195" VPOS="819" WIDTH="105" HEIGHT="75" STYLEREFS="font0"/><SP WIDTH="17" VPOS="819" HPOS="2300"/><String ID="p746_w673" CONTENT="an" HPOS="2317" VPOS="819" WIDTH="39" HEIGHT="75" STYLEREFS="font0"/></TextLine><TextLine WIDTH="988" HEIGHT="75" ID="p746_t79" HPOS="1367" VPOS="866"><String ID="p746_w674" CONTENT="agreeable" HPOS="1367" VPOS="866" WIDTH="164" HEIGHT="75" STYLEREFS="font0"/><SP WIDTH="16" VPOS="866" HPOS="1531"/><String ID="p746_w675" CONTENT="profped." HPOS="1547" VPOS="866" WIDTH="156" HEIGHT="75" STYLEREFS="font0"/><SP WIDTH="50" VPOS="866" HPOS="1703"/><String ID="p746_w676" CONTENT="Bofquets" HPOS="1753" VPOS="866" WIDTH="159" HEIGHT="75" STYLEREFS="font0"/><SP WIDTH="17" VPOS="866" HPOS="1912"/><String ID="p746_w677" CONTENT="are" HPOS="1929" VPOS="866" WIDTH="54" HEIGHT="75" STYLEREFS="font0"/><SP WIDTH="12" VPOS="866" HPOS="1983"/><String ID="p746_w678" CONTENT="only" HPOS="1995" VPOS="866" WIDTH="76" HEIGHT="75" STYLEREFS="font0"/><SP WIDTH="17" VPOS="866" HPOS="2071"/><String ID="p746_w679" CONTENT="proper" HPOS="2088" VPOS="866" WIDTH="114" HEIGHT="75" STYLEREFS="font0"/><SP WIDTH="18" VPOS="866" HPOS="2202"/><String ID="p746_w680" CONTENT="for" HPOS="2220" VPOS="866" WIDTH="50" HEIGHT="75" STYLEREFS="font0"/><SP WIDTH="17" VPOS="866" HPOS="2270"/><String ID="p746_w681" CONTENT="fpa-" HPOS="2287" VPOS="866" WIDTH="68" HEIGHT="75" STYLEREFS="font0"/></TextLine><TextLine WIDTH="994" HEIGHT="75" ID="p746_t80" HPOS="1364" VPOS="913"><String ID="p746_w682" CONTENT="cious" HPOS="1364" VPOS="913" WIDTH="86" HEIGHT="75" STYLEREFS="font0"/><SP WIDTH="29" VPOS="913" HPOS="1450"/><String ID="p746_w683" CONTENT="gardens," HPOS="1479" VPOS="913" WIDTH="147" HEIGHT="75" STYLEREFS="font0"/><SP WIDTH="26" VPOS="913" HPOS="1626"/><String ID="p746_w684" CONTENT="and" HPOS="1652" VPOS="913" WIDTH="64" HEIGHT="75" STYLEREFS="font0"/><SP WIDTH="25" VPOS="913" HPOS="1716"/><String ID="p746_w685" CONTENT="require" HPOS="1741" VPOS="913" WIDTH="127" HEIGHT="75" STYLEREFS="font0"/><SP WIDTH="27" VPOS="913" HPOS="1868"/><String ID="p746_w686" CONTENT="a" HPOS="1895" VPOS="913" WIDTH="18" HEIGHT="75" STYLEREFS="font0"/><SP WIDTH="17" VPOS="913" HPOS="1913"/><String ID="p746_w687" CONTENT="great" HPOS="1930" VPOS="913" WIDTH="91" HEIGHT="75" STYLEREFS="font0"/><SP WIDTH="24" VPOS="913" HPOS="2021"/><String ID="p746_w688" CONTENT="expence" HPOS="2045" VPOS="913" WIDTH="141" HEIGHT="75" STYLEREFS="font0"/><SP WIDTH="28" VPOS="913" HPOS="2186"/><String ID="p746_w689" CONTENT="to" HPOS="2214" VPOS="913" WIDTH="34" HEIGHT="75" STYLEREFS="font0"/><SP WIDTH="27" VPOS="913" HPOS="2248"/><String ID="p746_w690" CONTENT="keep" HPOS="2275" VPOS="913" WIDTH="83" HEIGHT="75" STYLEREFS="font0"/></TextLine><TextLine WIDTH="160" HEIGHT="75" ID="p746_t81" HPOS="1366" VPOS="959"><String ID="p746_w691" CONTENT="them" HPOS="1366" VPOS="959" WIDTH="89" HEIGHT="75" STYLEREFS="font0"/><SP WIDTH="16" VPOS="959" HPOS="1455"/><String ID="p746_w692" CONTENT="up." HPOS="1471" VPOS="959" WIDTH="55" HEIGHT="75" STYLEREFS="font0"/></TextLine><TextLine WIDTH="914" HEIGHT="75" ID="p746_t82" HPOS="1323" VPOS="1006"><String ID="p746_w693" CONTENT="BOSS," HPOS="1323" VPOS="1006" WIDTH="128" HEIGHT="75" STYLEREFS="font0"/><SP WIDTH="26" VPOS="1006" HPOS="1451"/><String ID="p746_w694" CONTENT="or" HPOS="1477" VPOS="1006" WIDTH="37" HEIGHT="75" STYLEREFS="font0"/><SP WIDTH="17" VPOS="1006" HPOS="1514"/><String ID="p746_w695" CONTENT="Bosse," HPOS="1531" VPOS="1006" WIDTH="135" HEIGHT="75" STYLEREFS="font0"/><SP WIDTH="26" VPOS="1006" HPOS="1666"/><String ID="p746_w696" CONTENT="in" HPOS="1692" VPOS="1006" WIDTH="32" HEIGHT="75" STYLEREFS="font0"/><SP WIDTH="17" VPOS="1006" HPOS="1724"/><String ID="p746_w697" CONTENT="fculpture." HPOS="1741" VPOS="1006" WIDTH="173" HEIGHT="75" STYLEREFS="font0"/><SP WIDTH="52" VPOS="1006" HPOS="1914"/><String ID="p746_w698" CONTENT="See" HPOS="1966" VPOS="1006" WIDTH="62" HEIGHT="75" STYLEREFS="font0"/><SP WIDTH="17" VPOS="1006" HPOS="2028"/><String ID="p746_w699" CONTENT="Relievo." HPOS="2045" VPOS="1006" WIDTH="192" HEIGHT="75" STYLEREFS="font0"/></TextLine><TextLine WIDTH="1035" HEIGHT="75" ID="p746_t83" HPOS="1321" VPOS="1053"><String ID="p746_w700" CONTENT="BOSSAGE," HPOS="1321" VPOS="1053" WIDTH="234" HEIGHT="75" STYLEREFS="font0"/><SP WIDTH="25" VPOS="1053" HPOS="1555"/><String ID="p746_w701" CONTENT="in" HPOS="1580" VPOS="1053" WIDTH="30" HEIGHT="75" STYLEREFS="font0"/><SP WIDTH="19" VPOS="1053" HPOS="1610"/><String ID="p746_w702" CONTENT="architefture," HPOS="1629" VPOS="1053" WIDTH="221" HEIGHT="75" STYLEREFS="font0"/><SP WIDTH="27" VPOS="1053" HPOS="1850"/><String ID="p746_w703" CONTENT="a" HPOS="1877" VPOS="1053" WIDTH="17" HEIGHT="75" STYLEREFS="font0"/><SP WIDTH="23" VPOS="1053" HPOS="1894"/><String ID="p746_w704" CONTENT="term" HPOS="1917" VPOS="1053" WIDTH="81" HEIGHT="75" STYLEREFS="font0"/><SP WIDTH="25" VPOS="1053" HPOS="1998"/><String ID="p746_w705" CONTENT="ufed" HPOS="2023" VPOS="1053" WIDTH="76" HEIGHT="75" STYLEREFS="font0"/><SP WIDTH="25" VPOS="1053" HPOS="2099"/><String ID="p746_w706" CONTENT="for" HPOS="2124" VPOS="1053" WIDTH="51" HEIGHT="75" STYLEREFS="font0"/><SP WIDTH="17" VPOS="1053" HPOS="2175"/><String ID="p746_w707" CONTENT="any" HPOS="2192" VPOS="1053" WIDTH="60" HEIGHT="75" STYLEREFS="font0"/><SP WIDTH="15" VPOS="1053" HPOS="2252"/><String ID="p746_w708" CONTENT="done" HPOS="2267" VPOS="1053" WIDTH="89" HEIGHT="75" STYLEREFS="font0"/></TextLine><TextLine WIDTH="985" HEIGHT="75" ID="p746_t84" HPOS="1370" VPOS="1099"><String ID="p746_w709" CONTENT="that" HPOS="1370" VPOS="1099" WIDTH="69" HEIGHT="75" STYLEREFS="font0"/><SP WIDTH="17" VPOS="1099" HPOS="1439"/><String ID="p746_w710" CONTENT="has" HPOS="1456" VPOS="1099" WIDTH="56" HEIGHT="75" STYLEREFS="font0"/><SP WIDTH="19" VPOS="1099" HPOS="1512"/><String ID="p746_w711" CONTENT="a" HPOS="1531" VPOS="1099" WIDTH="18" HEIGHT="75" STYLEREFS="font0"/><SP WIDTH="18" VPOS="1099" HPOS="1549"/><String ID="p746_w712" CONTENT="projedture," HPOS="1567" VPOS="1099" WIDTH="190" HEIGHT="75" STYLEREFS="font0"/><SP WIDTH="26" VPOS="1099" HPOS="1757"/><String ID="p746_w713" CONTENT="and" HPOS="1783" VPOS="1099" WIDTH="61" HEIGHT="75" STYLEREFS="font0"/><SP WIDTH="18" VPOS="1099" HPOS="1844"/><String ID="p746_w714" CONTENT="is" HPOS="1862" VPOS="1099" WIDTH="26" HEIGHT="75" STYLEREFS="font0"/><SP WIDTH="18" VPOS="1099" HPOS="1888"/><String ID="p746_w715" CONTENT="laid" HPOS="1906" VPOS="1099" WIDTH="65" HEIGHT="75" STYLEREFS="font0"/><SP WIDTH="26" VPOS="1099" HPOS="1971"/><String ID="p746_w716" CONTENT="rough" HPOS="1997" VPOS="1099" WIDTH="102" HEIGHT="75" STYLEREFS="font0"/><SP WIDTH="17" VPOS="1099" HPOS="2099"/><String ID="p746_w717" CONTENT="in" HPOS="2116" VPOS="1099" WIDTH="32" HEIGHT="75" STYLEREFS="font0"/><SP WIDTH="16" VPOS="1099" HPOS="2148"/><String ID="p746_w718" CONTENT="a" HPOS="2164" VPOS="1099" WIDTH="18" HEIGHT="75" STYLEREFS="font0"/><SP WIDTH="16" VPOS="1099" HPOS="2182"/><String ID="p746_w719" CONTENT="building," HPOS="2198" VPOS="1099" WIDTH="157" HEIGHT="75" STYLEREFS="font0"/></TextLine><TextLine WIDTH="987" HEIGHT="75" ID="p746_t85" HPOS="1369" VPOS="1146"><String ID="p746_w720" CONTENT="to" HPOS="1369" VPOS="1146" WIDTH="35" HEIGHT="75" STYLEREFS="font0"/><SP WIDTH="15" VPOS="1146" HPOS="1404"/><String ID="p746_w721" CONTENT="be" HPOS="1419" VPOS="1146" WIDTH="40" HEIGHT="75" STYLEREFS="font0"/><SP WIDTH="17" VPOS="1146" HPOS="1459"/><String ID="p746_w722" CONTENT="afterwards" HPOS="1476" VPOS="1146" WIDTH="188" HEIGHT="75" STYLEREFS="font0"/><SP WIDTH="18" VPOS="1146" HPOS="1664"/><String ID="p746_w723" CONTENT="carved" HPOS="1682" VPOS="1146" WIDTH="115" HEIGHT="75" STYLEREFS="font0"/><SP WIDTH="15" VPOS="1146" HPOS="1797"/><String ID="p746_w724" CONTENT="into" HPOS="1812" VPOS="1146" WIDTH="69" HEIGHT="75" STYLEREFS="font0"/><SP WIDTH="16" VPOS="1146" HPOS="1881"/><String ID="p746_w725" CONTENT="mouldings," HPOS="1897" VPOS="1146" WIDTH="194" HEIGHT="75" STYLEREFS="font0"/><SP WIDTH="14" VPOS="1146" HPOS="2091"/><String ID="p746_w726" CONTENT="capitals," HPOS="2105" VPOS="1146" WIDTH="145" HEIGHT="75" STYLEREFS="font0"/><SP WIDTH="18" VPOS="1146" HPOS="2250"/><String ID="p746_w727" CONTENT="coats" HPOS="2268" VPOS="1146" WIDTH="88" HEIGHT="75" STYLEREFS="font0"/></TextLine><TextLine WIDTH="238" HEIGHT="75" ID="p746_t86" HPOS="1368" VPOS="1192"><String ID="p746_w728" CONTENT="of" HPOS="1368" VPOS="1192" WIDTH="40" HEIGHT="75" STYLEREFS="font0"/><SP WIDTH="10" VPOS="1192" HPOS="1408"/><String ID="p746_w729" CONTENT="arms," HPOS="1418" VPOS="1192" WIDTH="97" HEIGHT="75" STYLEREFS="font0"/><SP WIDTH="27" VPOS="1192" HPOS="1515"/><String ID="p746_w730" CONTENT="&lt;bc." HPOS="1542" VPOS="1192" WIDTH="64" HEIGHT="75" STYLEREFS="font0"/></TextLine><TextLine WIDTH="940" HEIGHT="75" ID="p746_t87" HPOS="1416" VPOS="1237"><String ID="p746_w731" CONTENT="Boffage" HPOS="1416" VPOS="1237" WIDTH="135" HEIGHT="75" STYLEREFS="font0"/><SP WIDTH="15" VPOS="1237" HPOS="1551"/><String ID="p746_w732" CONTENT="is" HPOS="1566" VPOS="1237" WIDTH="27" HEIGHT="75" STYLEREFS="font0"/><SP WIDTH="17" VPOS="1237" HPOS="1593"/><String ID="p746_w733" CONTENT="alfo" HPOS="1610" VPOS="1237" WIDTH="64" HEIGHT="75" STYLEREFS="font0"/><SP WIDTH="18" VPOS="1237" HPOS="1674"/><String ID="p746_w734" CONTENT="that" HPOS="1692" VPOS="1237" WIDTH="70" HEIGHT="75" STYLEREFS="font0"/><SP WIDTH="16" VPOS="1237" HPOS="1762"/><String ID="p746_w735" CONTENT="which" HPOS="1778" VPOS="1237" WIDTH="105" HEIGHT="75" STYLEREFS="font0"/><SP WIDTH="22" VPOS="1237" HPOS="1883"/><String ID="p746_w736" CONTENT="is" HPOS="1905" VPOS="1237" WIDTH="27" HEIGHT="75" STYLEREFS="font0"/><SP WIDTH="17" VPOS="1237" HPOS="1932"/><String ID="p746_w737" CONTENT="otherwife" HPOS="1949" VPOS="1237" WIDTH="168" HEIGHT="75" STYLEREFS="font0"/><SP WIDTH="18" VPOS="1237" HPOS="2117"/><String ID="p746_w738" CONTENT="called" HPOS="2135" VPOS="1237" WIDTH="101" HEIGHT="75" STYLEREFS="font0"/><SP WIDTH="26" VPOS="1237" HPOS="2236"/><String ID="p746_w739" CONTENT="rudic" HPOS="2262" VPOS="1237" WIDTH="94" HEIGHT="75" STYLEREFS="font0"/></TextLine><TextLine WIDTH="988" HEIGHT="75" ID="p746_t88" HPOS="1368" VPOS="1284"><String ID="p746_w740" CONTENT="work," HPOS="1368" VPOS="1284" WIDTH="102" HEIGHT="75" STYLEREFS="font0"/><SP WIDTH="19" VPOS="1284" HPOS="1470"/><String ID="p746_w741" CONTENT="and" HPOS="1489" VPOS="1284" WIDTH="62" HEIGHT="75" STYLEREFS="font0"/><SP WIDTH="16" VPOS="1284" HPOS="1551"/><String ID="p746_w742" CONTENT="confids" HPOS="1567" VPOS="1284" WIDTH="123" HEIGHT="75" STYLEREFS="font0"/><SP WIDTH="18" VPOS="1284" HPOS="1690"/><String ID="p746_w743" CONTENT="of" HPOS="1708" VPOS="1284" WIDTH="39" HEIGHT="75" STYLEREFS="font0"/><SP WIDTH="15" VPOS="1284" HPOS="1747"/><String ID="p746_w744" CONTENT="dones" HPOS="1762" VPOS="1284" WIDTH="101" HEIGHT="75" STYLEREFS="font0"/><SP WIDTH="20" VPOS="1284" HPOS="1863"/><String ID="p746_w745" CONTENT="which" HPOS="1883" VPOS="1284" WIDTH="102" HEIGHT="75" STYLEREFS="font0"/><SP WIDTH="19" VPOS="1284" HPOS="1985"/><String ID="p746_w746" CONTENT="advance" HPOS="2004" VPOS="1284" WIDTH="139" HEIGHT="75" STYLEREFS="font0"/><SP WIDTH="16" VPOS="1284" HPOS="2143"/><String ID="p746_w747" CONTENT="beyond" HPOS="2159" VPOS="1284" WIDTH="127" HEIGHT="75" STYLEREFS="font0"/><SP WIDTH="14" VPOS="1284" HPOS="2286"/><String ID="p746_w748" CONTENT="the" HPOS="2300" VPOS="1284" WIDTH="56" HEIGHT="75" STYLEREFS="font0"/></TextLine><TextLine WIDTH="983" HEIGHT="75" ID="p746_t89" HPOS="1370" VPOS="1330"><String ID="p746_w749" CONTENT="naked," HPOS="1370" VPOS="1330" WIDTH="116" HEIGHT="75" STYLEREFS="font0"/><SP WIDTH="26" VPOS="1330" HPOS="1486"/><String ID="p746_w750" CONTENT="or" HPOS="1512" VPOS="1330" WIDTH="37" HEIGHT="75" STYLEREFS="font0"/><SP WIDTH="15" VPOS="1330" HPOS="1549"/><String ID="p746_w751" CONTENT="level," HPOS="1564" VPOS="1330" WIDTH="95" HEIGHT="75" STYLEREFS="font0"/><SP WIDTH="26" VPOS="1330" HPOS="1659"/><String ID="p746_w752" CONTENT="of" HPOS="1685" VPOS="1330" WIDTH="41" HEIGHT="75" STYLEREFS="font0"/><SP WIDTH="19" VPOS="1330" HPOS="1726"/><String ID="p746_w753" CONTENT="the" HPOS="1745" VPOS="1330" WIDTH="55" HEIGHT="75" STYLEREFS="font0"/><SP WIDTH="24" VPOS="1330" HPOS="1800"/><String ID="p746_w754" CONTENT="building," HPOS="1824" VPOS="1330" WIDTH="157" HEIGHT="75" STYLEREFS="font0"/><SP WIDTH="25" VPOS="1330" HPOS="1981"/><String ID="p746_w755" CONTENT="by" HPOS="2006" VPOS="1330" WIDTH="43" HEIGHT="75" STYLEREFS="font0"/><SP WIDTH="17" VPOS="1330" HPOS="2049"/><String ID="p746_w756" CONTENT="reafon" HPOS="2066" VPOS="1330" WIDTH="108" HEIGHT="75" STYLEREFS="font0"/><SP WIDTH="18" VPOS="1330" HPOS="2174"/><String ID="p746_w757" CONTENT="of" HPOS="2192" VPOS="1330" WIDTH="40" HEIGHT="75" STYLEREFS="font0"/><SP WIDTH="10" VPOS="1330" HPOS="2232"/><String ID="p746_w758" CONTENT="inden-" HPOS="2242" VPOS="1330" WIDTH="111" HEIGHT="75" STYLEREFS="font0"/></TextLine><TextLine WIDTH="985" HEIGHT="75" ID="p746_t90" HPOS="1369" VPOS="1376"><String ID="p746_w759" CONTENT="tures" HPOS="1369" VPOS="1376" WIDTH="86" HEIGHT="75" STYLEREFS="font0"/><SP WIDTH="30" VPOS="1376" HPOS="1455"/><String ID="p746_w760" CONTENT="or" HPOS="1485" VPOS="1376" WIDTH="37" HEIGHT="75" STYLEREFS="font0"/><SP WIDTH="25" VPOS="1376" HPOS="1522"/><String ID="p746_w761" CONTENT="channels" HPOS="1547" VPOS="1376" WIDTH="149" HEIGHT="75" STYLEREFS="font0"/><SP WIDTH="28" VPOS="1376" HPOS="1696"/><String ID="p746_w762" CONTENT="left" HPOS="1724" VPOS="1376" WIDTH="60" HEIGHT="75" STYLEREFS="font0"/><SP WIDTH="27" VPOS="1376" HPOS="1784"/><String ID="p746_w763" CONTENT="in" HPOS="1811" VPOS="1376" WIDTH="32" HEIGHT="75" STYLEREFS="font0"/><SP WIDTH="30" VPOS="1376" HPOS="1843"/><String ID="p746_w764" CONTENT="the" HPOS="1873" VPOS="1376" WIDTH="53" HEIGHT="75" STYLEREFS="font0"/><SP WIDTH="26" VPOS="1376" HPOS="1926"/><String ID="p746_w765" CONTENT="joinings." HPOS="1952" VPOS="1376" WIDTH="152" HEIGHT="75" STYLEREFS="font0"/><SP WIDTH="59" VPOS="1376" HPOS="2104"/><String ID="p746_w766" CONTENT="Thefe" HPOS="2163" VPOS="1376" WIDTH="109" HEIGHT="75" STYLEREFS="font0"/><SP WIDTH="28" VPOS="1376" HPOS="2272"/><String ID="p746_w767" CONTENT="are" HPOS="2300" VPOS="1376" WIDTH="54" HEIGHT="75" STYLEREFS="font0"/></TextLine><TextLine WIDTH="986" HEIGHT="75" ID="p746_t91" HPOS="1369" VPOS="1422"><String ID="p746_w768" CONTENT="chiefly" HPOS="1369" VPOS="1422" WIDTH="115" HEIGHT="75" STYLEREFS="font0"/><SP WIDTH="16" VPOS="1422" HPOS="1484"/><String ID="p746_w769" CONTENT="ufed" HPOS="1500" VPOS="1422" WIDTH="76" HEIGHT="75" STYLEREFS="font0"/><SP WIDTH="16" VPOS="1422" HPOS="1576"/><String ID="p746_w770" CONTENT="in" HPOS="1592" VPOS="1422" WIDTH="32" HEIGHT="75" STYLEREFS="font0"/><SP WIDTH="18" VPOS="1422" HPOS="1624"/><String ID="p746_w771" CONTENT="the" HPOS="1642" VPOS="1422" WIDTH="56" HEIGHT="75" STYLEREFS="font0"/><SP WIDTH="17" VPOS="1422" HPOS="1698"/><String ID="p746_w772" CONTENT="corners" HPOS="1715" VPOS="1422" WIDTH="129" HEIGHT="75" STYLEREFS="font0"/><SP WIDTH="17" VPOS="1422" HPOS="1844"/><String ID="p746_w773" CONTENT="of" HPOS="1861" VPOS="1422" WIDTH="40" HEIGHT="75" STYLEREFS="font0"/><SP WIDTH="14" VPOS="1422" HPOS="1901"/><String ID="p746_w774" CONTENT="edifices," HPOS="1915" VPOS="1422" WIDTH="139" HEIGHT="75" STYLEREFS="font0"/><SP WIDTH="19" VPOS="1422" HPOS="2054"/><String ID="p746_w775" CONTENT="and" HPOS="2073" VPOS="1422" WIDTH="61" HEIGHT="75" STYLEREFS="font0"/><SP WIDTH="13" VPOS="1422" HPOS="2134"/><String ID="p746_w776" CONTENT="thence" HPOS="2147" VPOS="1422" WIDTH="114" HEIGHT="75" STYLEREFS="font0"/><SP WIDTH="16" VPOS="1422" HPOS="2261"/><String ID="p746_w777" CONTENT="call-" HPOS="2277" VPOS="1422" WIDTH="78" HEIGHT="75" STYLEREFS="font0"/></TextLine><TextLine WIDTH="986" HEIGHT="75" ID="p746_t92" HPOS="1371" VPOS="1468"><String ID="p746_w778" CONTENT="ed" HPOS="1371" VPOS="1468" WIDTH="41" HEIGHT="75" STYLEREFS="font0"/><SP WIDTH="28" VPOS="1468" HPOS="1412"/><String ID="p746_w779" CONTENT="ruflic" HPOS="1440" VPOS="1468" WIDTH="103" HEIGHT="75" STYLEREFS="font0"/><SP WIDTH="27" VPOS="1468" HPOS="1543"/><String ID="p746_w780" CONTENT="quoins." HPOS="1570" VPOS="1468" WIDTH="122" HEIGHT="75" STYLEREFS="font0"/><SP WIDTH="71" VPOS="1468" HPOS="1692"/><String ID="p746_w781" CONTENT="The" HPOS="1763" VPOS="1468" WIDTH="76" HEIGHT="75" STYLEREFS="font0"/><SP WIDTH="28" VPOS="1468" HPOS="1839"/><String ID="p746_w782" CONTENT="cavities" HPOS="1867" VPOS="1468" WIDTH="130" HEIGHT="75" STYLEREFS="font0"/><SP WIDTH="30" VPOS="1468" HPOS="1997"/><String ID="p746_w783" CONTENT="or" HPOS="2027" VPOS="1468" WIDTH="38" HEIGHT="75" STYLEREFS="font0"/><SP WIDTH="27" VPOS="1468" HPOS="2065"/><String ID="p746_w784" CONTENT="indentures" HPOS="2092" VPOS="1468" WIDTH="182" HEIGHT="75" STYLEREFS="font0"/><SP WIDTH="29" VPOS="1468" HPOS="2274"/><String ID="p746_w785" CONTENT="are" HPOS="2303" VPOS="1468" WIDTH="54" HEIGHT="75" STYLEREFS="font0"/></TextLine><TextLine WIDTH="987" HEIGHT="75" ID="p746_t93" HPOS="1368" VPOS="1516"><String ID="p746_w786" CONTENT="fometimes" HPOS="1368" VPOS="1516" WIDTH="180" HEIGHT="75" STYLEREFS="font0"/><SP WIDTH="17" VPOS="1516" HPOS="1548"/><String ID="p746_w787" CONTENT="round," HPOS="1565" VPOS="1516" WIDTH="115" HEIGHT="75" STYLEREFS="font0"/><SP WIDTH="33" VPOS="1516" HPOS="1680"/><String ID="p746_w788" CONTENT="fometimes" HPOS="1713" VPOS="1516" WIDTH="180" HEIGHT="75" STYLEREFS="font0"/><SP WIDTH="19" VPOS="1516" HPOS="1893"/><String ID="p746_w789" CONTENT="chain-framed," HPOS="1912" VPOS="1516" WIDTH="247" HEIGHT="75" STYLEREFS="font0"/><SP WIDTH="35" VPOS="1516" HPOS="2159"/><String ID="p746_w790" CONTENT="or" HPOS="2194" VPOS="1516" WIDTH="36" HEIGHT="75" STYLEREFS="font0"/><SP WIDTH="16" VPOS="1516" HPOS="2230"/><String ID="p746_w791" CONTENT="bevel-" HPOS="2246" VPOS="1516" WIDTH="109" HEIGHT="75" STYLEREFS="font0"/></TextLine><TextLine WIDTH="984" HEIGHT="75" ID="p746_t94" HPOS="1371" VPOS="1562"><String ID="p746_w792" CONTENT="led," HPOS="1371" VPOS="1562" WIDTH="64" HEIGHT="75" STYLEREFS="font0"/><SP WIDTH="27" VPOS="1562" HPOS="1435"/><String ID="p746_w793" CONTENT="fometimes" HPOS="1462" VPOS="1562" WIDTH="179" HEIGHT="75" STYLEREFS="font0"/><SP WIDTH="17" VPOS="1562" HPOS="1641"/><String ID="p746_w794" CONTENT="in" HPOS="1658" VPOS="1562" WIDTH="31" HEIGHT="75" STYLEREFS="font0"/><SP WIDTH="14" VPOS="1562" HPOS="1689"/><String ID="p746_w795" CONTENT="a" HPOS="1703" VPOS="1562" WIDTH="18" HEIGHT="75" STYLEREFS="font0"/><SP WIDTH="12" VPOS="1562" HPOS="1721"/><String ID="p746_w796" CONTENT="diamond" HPOS="1733" VPOS="1562" WIDTH="153" HEIGHT="75" STYLEREFS="font0"/><SP WIDTH="16" VPOS="1562" HPOS="1886"/><String ID="p746_w797" CONTENT="form," HPOS="1902" VPOS="1562" WIDTH="96" HEIGHT="75" STYLEREFS="font0"/><SP WIDTH="20" VPOS="1562" HPOS="1998"/><String ID="p746_w798" CONTENT="and" HPOS="2018" VPOS="1562" WIDTH="61" HEIGHT="75" STYLEREFS="font0"/><SP WIDTH="26" VPOS="1562" HPOS="2079"/><String ID="p746_w799" CONTENT="fometimes" HPOS="2105" VPOS="1562" WIDTH="179" HEIGHT="75" STYLEREFS="font0"/><SP WIDTH="24" VPOS="1562" HPOS="2284"/><String ID="p746_w800" CONTENT="in-" HPOS="2308" VPOS="1562" WIDTH="47" HEIGHT="75" STYLEREFS="font0"/></TextLine><TextLine WIDTH="918" HEIGHT="75" ID="p746_t95" HPOS="1368" VPOS="1608"><String ID="p746_w801" CONTENT="clofed" HPOS="1368" VPOS="1608" WIDTH="103" HEIGHT="75" STYLEREFS="font0"/><SP WIDTH="24" VPOS="1608" HPOS="1471"/><String ID="p746_w802" CONTENT="with" HPOS="1495" VPOS="1608" WIDTH="79" HEIGHT="75" STYLEREFS="font0"/><SP WIDTH="17" VPOS="1608" HPOS="1574"/><String ID="p746_w803" CONTENT="a" HPOS="1591" VPOS="1608" WIDTH="19" HEIGHT="75" STYLEREFS="font0"/><SP WIDTH="16" VPOS="1608" HPOS="1610"/><String ID="p746_w804" CONTENT="cavetto," HPOS="1626" VPOS="1608" WIDTH="139" HEIGHT="75" STYLEREFS="font0"/><SP WIDTH="25" VPOS="1608" HPOS="1765"/><String ID="p746_w805" CONTENT="and" HPOS="1790" VPOS="1608" WIDTH="63" HEIGHT="75" STYLEREFS="font0"/><SP WIDTH="11" VPOS="1608" HPOS="1853"/><String ID="p746_w806" CONTENT="fometimes" HPOS="1864" VPOS="1608" WIDTH="180" HEIGHT="75" STYLEREFS="font0"/><SP WIDTH="17" VPOS="1608" HPOS="2044"/><String ID="p746_w807" CONTENT="with" HPOS="2061" VPOS="1608" WIDTH="77" HEIGHT="75" STYLEREFS="font0"/><SP WIDTH="19" VPOS="1608" HPOS="2138"/><String ID="p746_w808" CONTENT="a" HPOS="2157" VPOS="1608" WIDTH="17" HEIGHT="75" STYLEREFS="font0"/><SP WIDTH="18" VPOS="1608" HPOS="2174"/><String ID="p746_w809" CONTENT="liflel." HPOS="2192" VPOS="1608" WIDTH="94" HEIGHT="75" STYLEREFS="font0"/></TextLine><TextLine WIDTH="1033" HEIGHT="75" ID="p746_t96" HPOS="1323" VPOS="1655"><String ID="p746_w810" CONTENT="BOSSINEY," HPOS="1323" VPOS="1655" WIDTH="249" HEIGHT="75" STYLEREFS="font0"/><SP WIDTH="25" VPOS="1655" HPOS="1572"/><String ID="p746_w811" CONTENT="a" HPOS="1597" VPOS="1655" WIDTH="19" HEIGHT="75" STYLEREFS="font0"/><SP WIDTH="23" VPOS="1655" HPOS="1616"/><String ID="p746_w812" CONTENT="borough-town" HPOS="1639" VPOS="1655" WIDTH="250" HEIGHT="75" STYLEREFS="font0"/><SP WIDTH="26" VPOS="1655" HPOS="1889"/><String ID="p746_w813" CONTENT="of" HPOS="1915" VPOS="1655" WIDTH="39" HEIGHT="75" STYLEREFS="font0"/><SP WIDTH="20" VPOS="1655" HPOS="1954"/><String ID="p746_w814" CONTENT="Cornwal," HPOS="1974" VPOS="1655" WIDTH="164" HEIGHT="75" STYLEREFS="font0"/><SP WIDTH="26" VPOS="1655" HPOS="2138"/><String ID="p746_w815" CONTENT="fituated" HPOS="2164" VPOS="1655" WIDTH="133" HEIGHT="75" STYLEREFS="font0"/><SP WIDTH="17" VPOS="1655" HPOS="2297"/><String ID="p746_w816" CONTENT="on" HPOS="2314" VPOS="1655" WIDTH="42" HEIGHT="75" STYLEREFS="font0"/></TextLine><TextLine WIDTH="992" HEIGHT="75" ID="p746_t97" HPOS="1370" VPOS="1701"><String ID="p746_w817" CONTENT="the" HPOS="1370" VPOS="1701" WIDTH="55" HEIGHT="75" STYLEREFS="font0"/><SP WIDTH="23" VPOS="1701" HPOS="1425"/><String ID="p746_w818" CONTENT="Irifli" HPOS="1448" VPOS="1701" WIDTH="79" HEIGHT="75" STYLEREFS="font0"/><SP WIDTH="27" VPOS="1701" HPOS="1527"/><String ID="p746_w819" CONTENT="channel," HPOS="1554" VPOS="1701" WIDTH="147" HEIGHT="75" STYLEREFS="font0"/><SP WIDTH="25" VPOS="1701" HPOS="1701"/><String ID="p746_w820" CONTENT="about" HPOS="1726" VPOS="1701" WIDTH="99" HEIGHT="75" STYLEREFS="font0"/><SP WIDTH="28" VPOS="1701" HPOS="1825"/><String ID="p746_w821" CONTENT="fifteen" HPOS="1853" VPOS="1701" WIDTH="109" HEIGHT="75" STYLEREFS="font0"/><SP WIDTH="25" VPOS="1701" HPOS="1962"/><String ID="p746_w822" CONTENT="miles" HPOS="1987" VPOS="1701" WIDTH="90" HEIGHT="75" STYLEREFS="font0"/><SP WIDTH="29" VPOS="1701" HPOS="2077"/><String ID="p746_w823" CONTENT="north-wed" HPOS="2106" VPOS="1701" WIDTH="188" HEIGHT="75" STYLEREFS="font0"/><SP WIDTH="27" VPOS="1701" HPOS="2294"/><String ID="p746_w824" CONTENT="of" HPOS="2321" VPOS="1701" WIDTH="41" HEIGHT="75" STYLEREFS="font0"/></TextLine><TextLine WIDTH="904" HEIGHT="75" ID="p746_t98" HPOS="1372" VPOS="1730"><String ID="p746_w825" CONTENT="Launcefton" HPOS="1372" VPOS="1748" WIDTH="201" HEIGHT="75" STYLEREFS="font0"/><SP WIDTH="15" VPOS="1748" HPOS="1573"/><String ID="p746_w826" CONTENT=":" HPOS="1588" VPOS="1748" WIDTH="10" HEIGHT="75" STYLEREFS="font0"/><SP WIDTH="25" VPOS="1748" HPOS="1598"/><String ID="p746_w827" CONTENT="W." HPOS="1623" VPOS="1748" WIDTH="61" HEIGHT="75" STYLEREFS="font0"/><SP WIDTH="18" VPOS="1748" HPOS="1684"/><String ID="p746_w828" CONTENT="long." HPOS="1702" VPOS="1748" WIDTH="89" HEIGHT="75" STYLEREFS="font0"/><SP WIDTH="21" VPOS="1748" HPOS="1791"/><String ID="p746_w829" CONTENT="5" HPOS="1812" VPOS="1748" WIDTH="17" HEIGHT="75" STYLEREFS="font0"/><String ID="p746_w830" CONTENT="0" HPOS="1829" VPOS="1730" WIDTH="24" HEIGHT="49" STYLEREFS="font1"/><String ID="p746_w831" CONTENT="," HPOS="1853" VPOS="1748" WIDTH="17" HEIGHT="75" STYLEREFS="font0"/><SP WIDTH="25" VPOS="1748" HPOS="1870"/><String ID="p746_w832" CONTENT="and" HPOS="1895" VPOS="1748" WIDTH="62" HEIGHT="75" STYLEREFS="font0"/><SP WIDTH="17" VPOS="1748" HPOS="1957"/><String ID="p746_w833" CONTENT="N." HPOS="1974" VPOS="1748" WIDTH="46" HEIGHT="75" STYLEREFS="font0"/><SP WIDTH="19" VPOS="1748" HPOS="2020"/><String ID="p746_w834" CONTENT="lat." HPOS="2039" VPOS="1748" WIDTH="58" HEIGHT="75" STYLEREFS="font0"/><SP WIDTH="31" VPOS="1748" HPOS="2097"/><String ID="p746_w835" CONTENT="50°" HPOS="2128" VPOS="1748" WIDTH="60" HEIGHT="75" STYLEREFS="font0"/><SP WIDTH="19" VPOS="1748" HPOS="2188"/><String ID="p746_w836" CONTENT="40'." HPOS="2207" VPOS="1748" WIDTH="69" HEIGHT="75" STYLEREFS="font0"/></TextLine><TextLine WIDTH="668" HEIGHT="75" ID="p746_t99" HPOS="1416" VPOS="1794"><String ID="p746_w837" CONTENT="It" HPOS="1416" VPOS="1794" WIDTH="31" HEIGHT="75" STYLEREFS="font0"/><SP WIDTH="18" VPOS="1794" HPOS="1447"/><String ID="p746_w838" CONTENT="fends" HPOS="1465" VPOS="1794" WIDTH="92" HEIGHT="75" STYLEREFS="font0"/><SP WIDTH="17" VPOS="1794" HPOS="1557"/><String ID="p746_w839" CONTENT="two" HPOS="1574" VPOS="1794" WIDTH="66" HEIGHT="75" STYLEREFS="font0"/><SP WIDTH="18" VPOS="1794" HPOS="1640"/><String ID="p746_w840" CONTENT="members" HPOS="1658" VPOS="1794" WIDTH="155" HEIGHT="75" STYLEREFS="font0"/><SP WIDTH="18" VPOS="1794" HPOS="1813"/><String ID="p746_w841" CONTENT="to" HPOS="1831" VPOS="1794" WIDTH="34" HEIGHT="75" STYLEREFS="font0"/><SP WIDTH="20" VPOS="1794" HPOS="1865"/><String ID="p746_w842" CONTENT="parliament." HPOS="1885" VPOS="1794" WIDTH="199" HEIGHT="75" STYLEREFS="font0"/></TextLine><TextLine WIDTH="1035" HEIGHT="75" ID="p746_t100" HPOS="1321" VPOS="1841"><String ID="p746_w843" CONTENT="BOSSORA," HPOS="1321" VPOS="1841" WIDTH="233" HEIGHT="75" STYLEREFS="font0"/><SP WIDTH="26" VPOS="1841" HPOS="1554"/><String ID="p746_w844" CONTENT="orBASSQRA," HPOS="1580" VPOS="1841" WIDTH="246" HEIGHT="75" STYLEREFS="font0"/><SP WIDTH="26" VPOS="1841" HPOS="1826"/><String ID="p746_w845" CONTENT="a" HPOS="1852" VPOS="1841" WIDTH="18" HEIGHT="75" STYLEREFS="font0"/><SP WIDTH="25" VPOS="1841" HPOS="1870"/><String ID="p746_w846" CONTENT="large" HPOS="1895" VPOS="1841" WIDTH="86" HEIGHT="75" STYLEREFS="font0"/><SP WIDTH="17" VPOS="1841" HPOS="1981"/><String ID="p746_w847" CONTENT="port-town" HPOS="1998" VPOS="1841" WIDTH="178" HEIGHT="75" STYLEREFS="font0"/><SP WIDTH="27" VPOS="1841" HPOS="2176"/><String ID="p746_w848" CONTENT="of" HPOS="2203" VPOS="1841" WIDTH="39" HEIGHT="75" STYLEREFS="font0"/><SP WIDTH="23" VPOS="1841" HPOS="2242"/><String ID="p746_w849" CONTENT="Afia-" HPOS="2265" VPOS="1841" WIDTH="91" HEIGHT="75" STYLEREFS="font0"/></TextLine><TextLine WIDTH="986" HEIGHT="75" ID="p746_t101" HPOS="1371" VPOS="1887"><String ID="p746_w850" CONTENT="tic" HPOS="1371" VPOS="1887" WIDTH="44" HEIGHT="75" STYLEREFS="font0"/><SP WIDTH="14" VPOS="1887" HPOS="1415"/><String ID="p746_w851" CONTENT="Turky," HPOS="1429" VPOS="1887" WIDTH="132" HEIGHT="75" STYLEREFS="font0"/><SP WIDTH="25" VPOS="1887" HPOS="1561"/><String ID="p746_w852" CONTENT="in" HPOS="1586" VPOS="1887" WIDTH="32" HEIGHT="75" STYLEREFS="font0"/><SP WIDTH="24" VPOS="1887" HPOS="1618"/><String ID="p746_w853" CONTENT="the" HPOS="1642" VPOS="1887" WIDTH="57" HEIGHT="75" STYLEREFS="font0"/><SP WIDTH="16" VPOS="1887" HPOS="1699"/><String ID="p746_w854" CONTENT="province" HPOS="1715" VPOS="1887" WIDTH="147" HEIGHT="75" STYLEREFS="font0"/><SP WIDTH="17" VPOS="1887" HPOS="1862"/><String ID="p746_w855" CONTENT="of" HPOS="1879" VPOS="1887" WIDTH="40" HEIGHT="75" STYLEREFS="font0"/><SP WIDTH="11" VPOS="1887" HPOS="1919"/><String ID="p746_w856" CONTENT="Eyrac" HPOS="1930" VPOS="1887" WIDTH="108" HEIGHT="75" STYLEREFS="font0"/><SP WIDTH="17" VPOS="1887" HPOS="2038"/><String ID="p746_w857" CONTENT="Arabic;" HPOS="2055" VPOS="1887" WIDTH="142" HEIGHT="75" STYLEREFS="font0"/><SP WIDTH="26" VPOS="1887" HPOS="2197"/><String ID="p746_w858" CONTENT="fituated" HPOS="2223" VPOS="1887" WIDTH="134" HEIGHT="75" STYLEREFS="font0"/></TextLine><TextLine WIDTH="986" HEIGHT="75" ID="p746_t102" HPOS="1371" VPOS="1932"><String ID="p746_w859" CONTENT="on" HPOS="1371" VPOS="1932" WIDTH="40" HEIGHT="75" STYLEREFS="font0"/><SP WIDTH="17" VPOS="1932" HPOS="1411"/><String ID="p746_w860" CONTENT="the" HPOS="1428" VPOS="1932" WIDTH="56" HEIGHT="75" STYLEREFS="font0"/><SP WIDTH="17" VPOS="1932" HPOS="1484"/><String ID="p746_w861" CONTENT="wedern" HPOS="1501" VPOS="1932" WIDTH="130" HEIGHT="75" STYLEREFS="font0"/><SP WIDTH="17" VPOS="1932" HPOS="1631"/><String ID="p746_w862" CONTENT="fhore" HPOS="1648" VPOS="1932" WIDTH="89" HEIGHT="75" STYLEREFS="font0"/><SP WIDTH="12" VPOS="1932" HPOS="1737"/><String ID="p746_w863" CONTENT="of" HPOS="1749" VPOS="1932" WIDTH="40" HEIGHT="75" STYLEREFS="font0"/><SP WIDTH="5" VPOS="1932" HPOS="1789"/><String ID="p746_w864" CONTENT="the" HPOS="1794" VPOS="1932" WIDTH="57" HEIGHT="75" STYLEREFS="font0"/><SP WIDTH="16" VPOS="1932" HPOS="1851"/><String ID="p746_w865" CONTENT="river" HPOS="1867" VPOS="1932" WIDTH="84" HEIGHT="75" STYLEREFS="font0"/><SP WIDTH="16" VPOS="1932" HPOS="1951"/><String ID="p746_w866" CONTENT="Euphrates," HPOS="1967" VPOS="1932" WIDTH="196" HEIGHT="75" STYLEREFS="font0"/><SP WIDTH="18" VPOS="1932" HPOS="2163"/><String ID="p746_w867" CONTENT="about" HPOS="2181" VPOS="1932" WIDTH="96" HEIGHT="75" STYLEREFS="font0"/><SP WIDTH="13" VPOS="1932" HPOS="2277"/><String ID="p746_w868" CONTENT="for-" HPOS="2290" VPOS="1932" WIDTH="67" HEIGHT="75" STYLEREFS="font0"/></TextLine><TextLine WIDTH="993" HEIGHT="75" ID="p746_t103" HPOS="1369" VPOS="1979"><String ID="p746_w869" CONTENT="ty" HPOS="1369" VPOS="1979" WIDTH="37" HEIGHT="75" STYLEREFS="font0"/><SP WIDTH="11" VPOS="1979" HPOS="1406"/><String ID="p746_w870" CONTENT="miles" HPOS="1417" VPOS="1979" WIDTH="91" HEIGHT="75" STYLEREFS="font0"/><SP WIDTH="16" VPOS="1979" HPOS="1508"/><String ID="p746_w871" CONTENT="north-wed" HPOS="1524" VPOS="1979" WIDTH="188" HEIGHT="75" STYLEREFS="font0"/><SP WIDTH="16" VPOS="1979" HPOS="1712"/><String ID="p746_w872" CONTENT="of" HPOS="1728" VPOS="1979" WIDTH="40" HEIGHT="75" STYLEREFS="font0"/><SP WIDTH="12" VPOS="1979" HPOS="1768"/><String ID="p746_w873" CONTENT="the" HPOS="1780" VPOS="1979" WIDTH="55" HEIGHT="75" STYLEREFS="font0"/><SP WIDTH="16" VPOS="1979" HPOS="1835"/><String ID="p746_w874" CONTENT="gulph" HPOS="1851" VPOS="1979" WIDTH="97" HEIGHT="75" STYLEREFS="font0"/><SP WIDTH="19" VPOS="1979" HPOS="1948"/><String ID="p746_w875" CONTENT="of" HPOS="1967" VPOS="1979" WIDTH="39" HEIGHT="75" STYLEREFS="font0"/><SP WIDTH="11" VPOS="1979" HPOS="2006"/><String ID="p746_w876" CONTENT="Perfia," HPOS="2017" VPOS="1979" WIDTH="117" HEIGHT="75" STYLEREFS="font0"/><SP WIDTH="25" VPOS="1979" HPOS="2134"/><String ID="p746_w877" CONTENT="or" HPOS="2159" VPOS="1979" WIDTH="38" HEIGHT="75" STYLEREFS="font0"/><SP WIDTH="12" VPOS="1979" HPOS="2197"/><String ID="p746_w878" CONTENT="Boffora,'" HPOS="2209" VPOS="1979" WIDTH="153" HEIGHT="75" STYLEREFS="font0"/></TextLine><TextLine WIDTH="632" HEIGHT="75" ID="p746_t104" HPOS="1369" VPOS="2025"><String ID="p746_w879" CONTENT="in" HPOS="1369" VPOS="2025" WIDTH="31" HEIGHT="75" STYLEREFS="font0"/><SP WIDTH="21" VPOS="2025" HPOS="1400"/><String ID="p746_w880" CONTENT="E." HPOS="1421" VPOS="2025" WIDTH="41" HEIGHT="75" STYLEREFS="font0"/><SP WIDTH="19" VPOS="2025" HPOS="1462"/><String ID="p746_w881" CONTENT="long." HPOS="1481" VPOS="2025" WIDTH="85" HEIGHT="75" STYLEREFS="font0"/><SP WIDTH="22" VPOS="2025" HPOS="1566"/><String ID="p746_w882" CONTENT="47°," HPOS="1588" VPOS="2025" WIDTH="77" HEIGHT="75" STYLEREFS="font0"/><SP WIDTH="27" VPOS="2025" HPOS="1665"/><String ID="p746_w883" CONTENT="and" HPOS="1692" VPOS="2025" WIDTH="61" HEIGHT="75" STYLEREFS="font0"/><SP WIDTH="17" VPOS="2025" HPOS="1753"/><String ID="p746_w884" CONTENT="N." HPOS="1770" VPOS="2025" WIDTH="47" HEIGHT="75" STYLEREFS="font0"/><SP WIDTH="25" VPOS="2025" HPOS="1817"/><String ID="p746_w885" CONTENT="lat." HPOS="1842" VPOS="2025" WIDTH="58" HEIGHT="75" STYLEREFS="font0"/><SP WIDTH="21" VPOS="2025" HPOS="1900"/><String ID="p746_w886" CONTENT="30°." HPOS="1921" VPOS="2025" WIDTH="80" HEIGHT="75" STYLEREFS="font0"/></TextLine><TextLine WIDTH="1033" HEIGHT="75" ID="p746_t105" HPOS="1322" VPOS="2071"><String ID="p746_w887" CONTENT="BOSSUPT," HPOS="1322" VPOS="2071" WIDTH="231" HEIGHT="75" STYLEREFS="font0"/><SP WIDTH="27" VPOS="2071" HPOS="1553"/><String ID="p746_w888" CONTENT="a" HPOS="1580" VPOS="2071" WIDTH="18" HEIGHT="75" STYLEREFS="font0"/><SP WIDTH="28" VPOS="2071" HPOS="1598"/><String ID="p746_w889" CONTENT="town" HPOS="1626" VPOS="2071" WIDTH="85" HEIGHT="75" STYLEREFS="font0"/><SP WIDTH="29" VPOS="2071" HPOS="1711"/><String ID="p746_w890" CONTENT="of" HPOS="1740" VPOS="2071" WIDTH="40" HEIGHT="75" STYLEREFS="font0"/><SP WIDTH="23" VPOS="2071" HPOS="1780"/><String ID="p746_w891" CONTENT="Brabant," HPOS="1803" VPOS="2071" WIDTH="155" HEIGHT="75" STYLEREFS="font0"/><SP WIDTH="26" VPOS="2071" HPOS="1958"/><String ID="p746_w892" CONTENT="in" HPOS="1984" VPOS="2071" WIDTH="31" HEIGHT="75" STYLEREFS="font0"/><SP WIDTH="32" VPOS="2071" HPOS="2015"/><String ID="p746_w893" CONTENT="the" HPOS="2047" VPOS="2071" WIDTH="55" HEIGHT="75" STYLEREFS="font0"/><SP WIDTH="19" VPOS="2071" HPOS="2102"/><String ID="p746_w894" CONTENT="Audrian" HPOS="2121" VPOS="2071" WIDTH="147" HEIGHT="75" STYLEREFS="font0"/><SP WIDTH="18" VPOS="2071" HPOS="2268"/><String ID="p746_w895" CONTENT="Ne-" HPOS="2286" VPOS="2071" WIDTH="69" HEIGHT="75" STYLEREFS="font0"/></TextLine><TextLine WIDTH="986" HEIGHT="75" ID="p746_t106" HPOS="1370" VPOS="2118"><String ID="p746_w896" CONTENT="therlands," HPOS="1370" VPOS="2118" WIDTH="175" HEIGHT="75" STYLEREFS="font0"/><SP WIDTH="18" VPOS="2118" HPOS="1545"/><String ID="p746_w897" CONTENT="about" HPOS="1563" VPOS="2118" WIDTH="97" HEIGHT="75" STYLEREFS="font0"/><SP WIDTH="17" VPOS="2118" HPOS="1660"/><String ID="p746_w898" CONTENT="eight" HPOS="1677" VPOS="2118" WIDTH="90" HEIGHT="75" STYLEREFS="font0"/><SP WIDTH="12" VPOS="2118" HPOS="1767"/><String ID="p746_w899" CONTENT="miles" HPOS="1779" VPOS="2118" WIDTH="91" HEIGHT="75" STYLEREFS="font0"/><SP WIDTH="17" VPOS="2118" HPOS="1870"/><String ID="p746_w900" CONTENT="fouth" HPOS="1887" VPOS="2118" WIDTH="92" HEIGHT="75" STYLEREFS="font0"/><SP WIDTH="13" VPOS="2118" HPOS="1979"/><String ID="p746_w901" CONTENT="of" HPOS="1992" VPOS="2118" WIDTH="39" HEIGHT="75" STYLEREFS="font0"/><SP WIDTH="12" VPOS="2118" HPOS="2031"/><String ID="p746_w902" CONTENT="Louvain:" HPOS="2043" VPOS="2118" WIDTH="169" HEIGHT="75" STYLEREFS="font0"/><SP WIDTH="19" VPOS="2118" HPOS="2212"/><String ID="p746_w903" CONTENT="E." HPOS="2231" VPOS="2118" WIDTH="43" HEIGHT="75" STYLEREFS="font0"/><SP WIDTH="14" VPOS="2118" HPOS="2274"/><String ID="p746_w904" CONTENT="Ion." HPOS="2288" VPOS="2118" WIDTH="68" HEIGHT="75" STYLEREFS="font0"/></TextLine><TextLine WIDTH="529" HEIGHT="75" ID="p746_t107" HPOS="1370" VPOS="2146"><String ID="p746_w905" CONTENT="4" HPOS="1370" VPOS="2164" WIDTH="20" HEIGHT="75" STYLEREFS="font0"/><String ID="p746_w906" CONTENT="0" HPOS="1390" VPOS="2146" WIDTH="19" HEIGHT="49" STYLEREFS="font1"/><SP WIDTH="21" VPOS="2146" HPOS="1409"/><String ID="p746_w907" CONTENT="30'" HPOS="1430" VPOS="2164" WIDTH="54" HEIGHT="75" STYLEREFS="font0"/><String ID="p746_w908" CONTENT="," HPOS="1484" VPOS="2164" WIDTH="12" HEIGHT="75" STYLEREFS="font0"/><SP WIDTH="25" VPOS="2164" HPOS="1496"/><String ID="p746_w909" CONTENT="and" HPOS="1521" VPOS="2164" WIDTH="62" HEIGHT="75" STYLEREFS="font0"/><SP WIDTH="23" VPOS="2164" HPOS="1583"/><String ID="p746_w910" CONTENT="N." HPOS="1606" VPOS="2164" WIDTH="47" HEIGHT="75" STYLEREFS="font0"/><SP WIDTH="20" VPOS="2164" HPOS="1653"/><String ID="p746_w911" CONTENT="lat." HPOS="1673" VPOS="2164" WIDTH="57" HEIGHT="75" STYLEREFS="font0"/><SP WIDTH="22" VPOS="2164" HPOS="1730"/><String ID="p746_w912" CONTENT="50°" HPOS="1752" VPOS="2164" WIDTH="60" HEIGHT="75" STYLEREFS="font0"/><SP WIDTH="20" VPOS="2164" HPOS="1812"/><String ID="p746_w913" CONTENT="52'." HPOS="1832" VPOS="2164" WIDTH="67" HEIGHT="75" STYLEREFS="font0"/></TextLine><TextLine WIDTH="1035" HEIGHT="75" ID="p746_t108" HPOS="1322" VPOS="2211"><String ID="p746_w914" CONTENT="BOSTANGIS," HPOS="1322" VPOS="2211" WIDTH="291" HEIGHT="75" STYLEREFS="font0"/><SP WIDTH="25" VPOS="2211" HPOS="1613"/><String ID="p746_w915" CONTENT="in" HPOS="1638" VPOS="2211" WIDTH="32" HEIGHT="75" STYLEREFS="font0"/><SP WIDTH="25" VPOS="2211" HPOS="1670"/><String ID="p746_w916" CONTENT="the" HPOS="1695" VPOS="2211" WIDTH="55" HEIGHT="75" STYLEREFS="font0"/><SP WIDTH="15" VPOS="2211" HPOS="1750"/><String ID="p746_w917" CONTENT="Turkifh" HPOS="1765" VPOS="2211" WIDTH="141" HEIGHT="75" STYLEREFS="font0"/><SP WIDTH="19" VPOS="2211" HPOS="1906"/><String ID="p746_w918" CONTENT="affairs," HPOS="1925" VPOS="2211" WIDTH="120" HEIGHT="75" STYLEREFS="font0"/><SP WIDTH="24" VPOS="2211" HPOS="2045"/><String ID="p746_w919" CONTENT="perfons" HPOS="2069" VPOS="2211" WIDTH="128" HEIGHT="75" STYLEREFS="font0"/><SP WIDTH="17" VPOS="2211" HPOS="2197"/><String ID="p746_w920" CONTENT="employ-" HPOS="2214" VPOS="2211" WIDTH="143" HEIGHT="75" STYLEREFS="font0"/></TextLine><TextLine WIDTH="989" HEIGHT="75" ID="p746_t109" HPOS="1369" VPOS="2257"><String ID="p746_w921" CONTENT="ed" HPOS="1369" VPOS="2257" WIDTH="40" HEIGHT="75" STYLEREFS="font0"/><SP WIDTH="16" VPOS="2257" HPOS="1409"/><String ID="p746_w922" CONTENT="in" HPOS="1425" VPOS="2257" WIDTH="32" HEIGHT="75" STYLEREFS="font0"/><SP WIDTH="18" VPOS="2257" HPOS="1457"/><String ID="p746_w923" CONTENT="the" HPOS="1475" VPOS="2257" WIDTH="54" HEIGHT="75" STYLEREFS="font0"/><SP WIDTH="19" VPOS="2257" HPOS="1529"/><String ID="p746_w924" CONTENT="garden" HPOS="1548" VPOS="2257" WIDTH="117" HEIGHT="75" STYLEREFS="font0"/><SP WIDTH="19" VPOS="2257" HPOS="1665"/><String ID="p746_w925" CONTENT="of" HPOS="1684" VPOS="2257" WIDTH="39" HEIGHT="75" STYLEREFS="font0"/><SP WIDTH="11" VPOS="2257" HPOS="1723"/><String ID="p746_w926" CONTENT="the" HPOS="1734" VPOS="2257" WIDTH="57" HEIGHT="75" STYLEREFS="font0"/><SP WIDTH="16" VPOS="2257" HPOS="1791"/><String ID="p746_w927" CONTENT="feraglio," HPOS="1807" VPOS="2257" WIDTH="148" HEIGHT="75" STYLEREFS="font0"/><SP WIDTH="22" VPOS="2257" HPOS="1955"/><String ID="p746_w928" CONTENT="out" HPOS="1977" VPOS="2257" WIDTH="57" HEIGHT="75" STYLEREFS="font0"/><SP WIDTH="18" VPOS="2257" HPOS="2034"/><String ID="p746_w929" CONTENT="of" HPOS="2052" VPOS="2257" WIDTH="38" HEIGHT="75" STYLEREFS="font0"/><SP WIDTH="12" VPOS="2257" HPOS="2090"/><String ID="p746_w930" CONTENT="whofe" HPOS="2102" VPOS="2257" WIDTH="106" HEIGHT="75" STYLEREFS="font0"/><SP WIDTH="17" VPOS="2257" HPOS="2208"/><String ID="p746_w931" CONTENT="number" HPOS="2225" VPOS="2257" WIDTH="133" HEIGHT="75" STYLEREFS="font0"/></TextLine><TextLine WIDTH="988" HEIGHT="75" ID="p746_t110" HPOS="1369" VPOS="2304"><String ID="p746_w932" CONTENT="are" HPOS="1369" VPOS="2304" WIDTH="53" HEIGHT="75" STYLEREFS="font0"/><SP WIDTH="9" VPOS="2304" HPOS="1422"/><String ID="p746_w933" CONTENT="colleded" HPOS="1431" VPOS="2304" WIDTH="155" HEIGHT="75" STYLEREFS="font0"/><SP WIDTH="13" VPOS="2304" HPOS="1586"/><String ID="p746_w934" CONTENT="thofe" HPOS="1599" VPOS="2304" WIDTH="88" HEIGHT="75" STYLEREFS="font0"/><SP WIDTH="13" VPOS="2304" HPOS="1687"/><String ID="p746_w935" CONTENT="who" HPOS="1700" VPOS="2304" WIDTH="73" HEIGHT="75" STYLEREFS="font0"/><SP WIDTH="12" VPOS="2304" HPOS="1773"/><String ID="p746_w936" CONTENT="are" HPOS="1785" VPOS="2304" WIDTH="53" HEIGHT="75" STYLEREFS="font0"/><SP WIDTH="11" VPOS="2304" HPOS="1838"/><String ID="p746_w937" CONTENT="to" HPOS="1849" VPOS="2304" WIDTH="36" HEIGHT="75" STYLEREFS="font0"/><SP WIDTH="9" VPOS="2304" HPOS="1885"/><String ID="p746_w938" CONTENT="row" HPOS="1894" VPOS="2304" WIDTH="67" HEIGHT="75" STYLEREFS="font0"/><SP WIDTH="10" VPOS="2304" HPOS="1961"/><String ID="p746_w939" CONTENT="in" HPOS="1971" VPOS="2304" WIDTH="31" HEIGHT="75" STYLEREFS="font0"/><SP WIDTH="10" VPOS="2304" HPOS="2002"/><String ID="p746_w940" CONTENT="the" HPOS="2012" VPOS="2304" WIDTH="55" HEIGHT="75" STYLEREFS="font0"/><SP WIDTH="9" VPOS="2304" HPOS="2067"/><String ID="p746_w941" CONTENT="Grand" HPOS="2076" VPOS="2304" WIDTH="116" HEIGHT="75" STYLEREFS="font0"/><SP WIDTH="9" VPOS="2304" HPOS="2192"/><String ID="p746_w942" CONTENT="Signior’s" HPOS="2201" VPOS="2304" WIDTH="156" HEIGHT="75" STYLEREFS="font0"/></TextLine><TextLine WIDTH="987" HEIGHT="75" ID="p746_t111" HPOS="1371" VPOS="2350"><String ID="p746_w943" CONTENT="brigantines," HPOS="1371" VPOS="2350" WIDTH="207" HEIGHT="75" STYLEREFS="font0"/><SP WIDTH="18" VPOS="2350" HPOS="1578"/><String ID="p746_w944" CONTENT="when" HPOS="1596" VPOS="2350" WIDTH="93" HEIGHT="75" STYLEREFS="font0"/><SP WIDTH="17" VPOS="2350" HPOS="1689"/><String ID="p746_w945" CONTENT="he" HPOS="1706" VPOS="2350" WIDTH="41" HEIGHT="75" STYLEREFS="font0"/><SP WIDTH="17" VPOS="2350" HPOS="1747"/><String ID="p746_w946" CONTENT="has" HPOS="1764" VPOS="2350" WIDTH="56" HEIGHT="75" STYLEREFS="font0"/><SP WIDTH="13" VPOS="2350" HPOS="1820"/><String ID="p746_w947" CONTENT="a" HPOS="1833" VPOS="2350" WIDTH="19" HEIGHT="75" STYLEREFS="font0"/><SP WIDTH="11" VPOS="2350" HPOS="1852"/><String ID="p746_w948" CONTENT="mind" HPOS="1863" VPOS="2350" WIDTH="88" HEIGHT="75" STYLEREFS="font0"/><SP WIDTH="18" VPOS="2350" HPOS="1951"/><String ID="p746_w949" CONTENT="to" HPOS="1969" VPOS="2350" WIDTH="34" HEIGHT="75" STYLEREFS="font0"/><SP WIDTH="17" VPOS="2350" HPOS="2003"/><String ID="p746_w950" CONTENT="divert" HPOS="2020" VPOS="2350" WIDTH="104" HEIGHT="75" STYLEREFS="font0"/><SP WIDTH="16" VPOS="2350" HPOS="2124"/><String ID="p746_w951" CONTENT="himfelf" HPOS="2140" VPOS="2350" WIDTH="130" HEIGHT="75" STYLEREFS="font0"/><SP WIDTH="9" VPOS="2350" HPOS="2270"/><String ID="p746_w952" CONTENT="with" HPOS="2279" VPOS="2350" WIDTH="79" HEIGHT="75" STYLEREFS="font0"/></TextLine><TextLine WIDTH="986" HEIGHT="75" ID="p746_t112" HPOS="1372" VPOS="2397"><String ID="p746_w953" CONTENT="fifuing," HPOS="1372" VPOS="2397" WIDTH="120" HEIGHT="75" STYLEREFS="font0"/><SP WIDTH="15" VPOS="2397" HPOS="1492"/><String ID="p746_w954" CONTENT="or" HPOS="1507" VPOS="2397" WIDTH="36" HEIGHT="75" STYLEREFS="font0"/><SP WIDTH="16" VPOS="2397" HPOS="1543"/><String ID="p746_w955" CONTENT="take" HPOS="1559" VPOS="2397" WIDTH="75" HEIGHT="75" STYLEREFS="font0"/><SP WIDTH="16" VPOS="2397" HPOS="1634"/><String ID="p746_w956" CONTENT="the" HPOS="1650" VPOS="2397" WIDTH="56" HEIGHT="75" STYLEREFS="font0"/><SP WIDTH="18" VPOS="2397" HPOS="1706"/><String ID="p746_w957" CONTENT="air" HPOS="1724" VPOS="2397" WIDTH="45" HEIGHT="75" STYLEREFS="font0"/><SP WIDTH="13" VPOS="2397" HPOS="1769"/><String ID="p746_w958" CONTENT="upon" HPOS="1782" VPOS="2397" WIDTH="85" HEIGHT="75" STYLEREFS="font0"/><SP WIDTH="12" VPOS="2397" HPOS="1867"/><String ID="p746_w959" CONTENT="the" HPOS="1879" VPOS="2397" WIDTH="56" HEIGHT="75" STYLEREFS="font0"/><SP WIDTH="17" VPOS="2397" HPOS="1935"/><String ID="p746_w960" CONTENT="canal." HPOS="1952" VPOS="2397" WIDTH="101" HEIGHT="75" STYLEREFS="font0"/><SP WIDTH="34" VPOS="2397" HPOS="2053"/><String ID="p746_w961" CONTENT="They" HPOS="2087" VPOS="2397" WIDTH="99" HEIGHT="75" STYLEREFS="font0"/><SP WIDTH="17" VPOS="2397" HPOS="2186"/><String ID="p746_w962" CONTENT="who" HPOS="2203" VPOS="2397" WIDTH="74" HEIGHT="75" STYLEREFS="font0"/><SP WIDTH="13" VPOS="2397" HPOS="2277"/><String ID="p746_w963" CONTENT="row" HPOS="2290" VPOS="2397" WIDTH="68" HEIGHT="75" STYLEREFS="font0"/></TextLine><TextLine WIDTH="997" HEIGHT="75" ID="p746_t113" HPOS="1371" VPOS="2444"><String ID="p746_w964" CONTENT="on" HPOS="1371" VPOS="2444" WIDTH="41" HEIGHT="75" STYLEREFS="font0"/><SP WIDTH="17" VPOS="2444" HPOS="1412"/><String ID="p746_w965" CONTENT="the" HPOS="1429" VPOS="2444" WIDTH="55" HEIGHT="75" STYLEREFS="font0"/><SP WIDTH="16" VPOS="2444" HPOS="1484"/><String ID="p746_w966" CONTENT="left" HPOS="1500" VPOS="2444" WIDTH="60" HEIGHT="75" STYLEREFS="font0"/><SP WIDTH="17" VPOS="2444" HPOS="1560"/><String ID="p746_w967" CONTENT="hand" HPOS="1577" VPOS="2444" WIDTH="85" HEIGHT="75" STYLEREFS="font0"/><SP WIDTH="13" VPOS="2444" HPOS="1662"/><String ID="p746_w968" CONTENT="are" HPOS="1675" VPOS="2444" WIDTH="53" HEIGHT="75" STYLEREFS="font0"/><SP WIDTH="12" VPOS="2444" HPOS="1728"/><String ID="p746_w969" CONTENT="only" HPOS="1740" VPOS="2444" WIDTH="77" HEIGHT="75" STYLEREFS="font0"/><SP WIDTH="12" VPOS="2444" HPOS="1817"/><String ID="p746_w970" CONTENT="capable" HPOS="1829" VPOS="2444" WIDTH="130" HEIGHT="75" STYLEREFS="font0"/><SP WIDTH="12" VPOS="2444" HPOS="1959"/><String ID="p746_w971" CONTENT="of" HPOS="1971" VPOS="2444" WIDTH="40" HEIGHT="75" STYLEREFS="font0"/><SP WIDTH="12" VPOS="2444" HPOS="2011"/><String ID="p746_w972" CONTENT="mean" HPOS="2023" VPOS="2444" WIDTH="89" HEIGHT="75" STYLEREFS="font0"/><SP WIDTH="14" VPOS="2444" HPOS="2112"/><String ID="p746_w973" CONTENT="employments*" HPOS="2126" VPOS="2444" WIDTH="242" HEIGHT="75" STYLEREFS="font0"/></TextLine><TextLine WIDTH="987" HEIGHT="75" ID="p746_t114" HPOS="1372" VPOS="2490"><String ID="p746_w974" CONTENT="in" HPOS="1372" VPOS="2490" WIDTH="31" HEIGHT="75" STYLEREFS="font0"/><SP WIDTH="17" VPOS="2490" HPOS="1403"/><String ID="p746_w975" CONTENT="the" HPOS="1420" VPOS="2490" WIDTH="56" HEIGHT="75" STYLEREFS="font0"/><SP WIDTH="17" VPOS="2490" HPOS="1476"/><String ID="p746_w976" CONTENT="gardens" HPOS="1493" VPOS="2490" WIDTH="134" HEIGHT="75" STYLEREFS="font0"/><SP WIDTH="15" VPOS="2490" HPOS="1627"/><String ID="p746_w977" CONTENT=";" HPOS="1642" VPOS="2490" WIDTH="11" HEIGHT="75" STYLEREFS="font0"/><SP WIDTH="26" VPOS="2490" HPOS="1653"/><String ID="p746_w978" CONTENT="but" HPOS="1679" VPOS="2490" WIDTH="59" HEIGHT="75" STYLEREFS="font0"/><SP WIDTH="17" VPOS="2490" HPOS="1738"/><String ID="p746_w979" CONTENT="they" HPOS="1755" VPOS="2490" WIDTH="78" HEIGHT="75" STYLEREFS="font0"/><SP WIDTH="17" VPOS="2490" HPOS="1833"/><String ID="p746_w980" CONTENT="who" HPOS="1850" VPOS="2490" WIDTH="74" HEIGHT="75" STYLEREFS="font0"/><SP WIDTH="18" VPOS="2490" HPOS="1924"/><String ID="p746_w981" CONTENT="row" HPOS="1942" VPOS="2490" WIDTH="66" HEIGHT="75" STYLEREFS="font0"/><SP WIDTH="24" VPOS="2490" HPOS="2008"/><String ID="p746_w982" CONTENT="on" HPOS="2032" VPOS="2490" WIDTH="41" HEIGHT="75" STYLEREFS="font0"/><SP WIDTH="24" VPOS="2490" HPOS="2073"/><String ID="p746_w983" CONTENT="the" HPOS="2097" VPOS="2490" WIDTH="55" HEIGHT="75" STYLEREFS="font0"/><SP WIDTH="19" VPOS="2490" HPOS="2152"/><String ID="p746_w984" CONTENT="right" HPOS="2171" VPOS="2490" WIDTH="84" HEIGHT="75" STYLEREFS="font0"/><SP WIDTH="17" VPOS="2490" HPOS="2255"/><String ID="p746_w985" CONTENT="hand" HPOS="2272" VPOS="2490" WIDTH="87" HEIGHT="75" STYLEREFS="font0"/></TextLine><TextLine WIDTH="995" HEIGHT="75" ID="p746_t115" HPOS="1372" VPOS="2537"><String ID="p746_w986" CONTENT="may" HPOS="1372" VPOS="2537" WIDTH="72" HEIGHT="75" STYLEREFS="font0"/><SP WIDTH="17" VPOS="2537" HPOS="1444"/><String ID="p746_w987" CONTENT="be" HPOS="1461" VPOS="2537" WIDTH="39" HEIGHT="75" STYLEREFS="font0"/><SP WIDTH="17" VPOS="2537" HPOS="1500"/><String ID="p746_w988" CONTENT="promoted" HPOS="1517" VPOS="2537" WIDTH="167" HEIGHT="75" STYLEREFS="font0"/><SP WIDTH="18" VPOS="2537" HPOS="1684"/><String ID="p746_w989" CONTENT="to" HPOS="1702" VPOS="2537" WIDTH="34" HEIGHT="75" STYLEREFS="font0"/><SP WIDTH="16" VPOS="2537" HPOS="1736"/><String ID="p746_w990" CONTENT="the" HPOS="1752" VPOS="2537" WIDTH="55" HEIGHT="75" STYLEREFS="font0"/><SP WIDTH="18" VPOS="2537" HPOS="1807"/><String ID="p746_w991" CONTENT="charge" HPOS="1825" VPOS="2537" WIDTH="116" HEIGHT="75" STYLEREFS="font0"/><SP WIDTH="13" VPOS="2537" HPOS="1941"/><String ID="p746_w992" CONTENT="of" HPOS="1954" VPOS="2537" WIDTH="39" HEIGHT="75" STYLEREFS="font0"/><SP WIDTH="9" VPOS="2537" HPOS="1993"/><String ID="p746_w993" CONTENT="bodangi-bachi," HPOS="2002" VPOS="2537" WIDTH="264" HEIGHT="75" STYLEREFS="font0"/><SP WIDTH="18" VPOS="2537" HPOS="2266"/><String ID="p746_w994" CONTENT="who*" HPOS="2284" VPOS="2537" WIDTH="83" HEIGHT="75" STYLEREFS="font0"/></TextLine><TextLine WIDTH="999" HEIGHT="75" ID="p746_t116" HPOS="1371" VPOS="2582"><String ID="p746_w995" CONTENT="has" HPOS="1371" VPOS="2582" WIDTH="56" HEIGHT="75" STYLEREFS="font0"/><SP WIDTH="17" VPOS="2582" HPOS="1427"/><String ID="p746_w996" CONTENT="the" HPOS="1444" VPOS="2582" WIDTH="56" HEIGHT="75" STYLEREFS="font0"/><SP WIDTH="16" VPOS="2582" HPOS="1500"/><String ID="p746_w997" CONTENT="general" HPOS="1516" VPOS="2582" WIDTH="127" HEIGHT="75" STYLEREFS="font0"/><SP WIDTH="16" VPOS="2582" HPOS="1643"/><String ID="p746_w998" CONTENT="intendency" HPOS="1659" VPOS="2582" WIDTH="191" HEIGHT="75" STYLEREFS="font0"/><SP WIDTH="22" VPOS="2582" HPOS="1850"/><String ID="p746_w999" CONTENT="of" HPOS="1872" VPOS="2582" WIDTH="40" HEIGHT="75" STYLEREFS="font0"/><SP WIDTH="23" VPOS="2582" HPOS="1912"/><String ID="p746_w1000" CONTENT="all" HPOS="1935" VPOS="2582" WIDTH="42" HEIGHT="75" STYLEREFS="font0"/><SP WIDTH="15" VPOS="2582" HPOS="1977"/><String ID="p746_w1001" CONTENT="the" HPOS="1992" VPOS="2582" WIDTH="57" HEIGHT="75" STYLEREFS="font0"/><SP WIDTH="18" VPOS="2582" HPOS="2049"/><String ID="p746_w1002" CONTENT="Grand" HPOS="2067" VPOS="2582" WIDTH="115" HEIGHT="75" STYLEREFS="font0"/><SP WIDTH="20" VPOS="2582" HPOS="2182"/><String ID="p746_w1003" CONTENT="Signior’s-" HPOS="2202" VPOS="2582" WIDTH="168" HEIGHT="75" STYLEREFS="font0"/></TextLine><TextLine WIDTH="983" HEIGHT="75" ID="p746_t117" HPOS="1374" VPOS="2628"><String ID="p746_w1004" CONTENT="gardens," HPOS="1374" VPOS="2628" WIDTH="146" HEIGHT="75" STYLEREFS="font0"/><SP WIDTH="26" VPOS="2628" HPOS="1520"/><String ID="p746_w1005" CONTENT="and" HPOS="1546" VPOS="2628" WIDTH="60" HEIGHT="75" STYLEREFS="font0"/><SP WIDTH="18" VPOS="2628" HPOS="1606"/><String ID="p746_w1006" CONTENT="commands" HPOS="1624" VPOS="2628" WIDTH="184" HEIGHT="75" STYLEREFS="font0"/><SP WIDTH="17" VPOS="2628" HPOS="1808"/><String ID="p746_w1007" CONTENT="above" HPOS="1825" VPOS="2628" WIDTH="101" HEIGHT="75" STYLEREFS="font0"/><SP WIDTH="17" VPOS="2628" HPOS="1926"/><String ID="p746_w1008" CONTENT="ten" HPOS="1943" VPOS="2628" WIDTH="52" HEIGHT="75" STYLEREFS="font0"/><SP WIDTH="18" VPOS="2628" HPOS="1995"/><String ID="p746_w1009" CONTENT="thoufand" HPOS="2013" VPOS="2628" WIDTH="157" HEIGHT="75" STYLEREFS="font0"/><SP WIDTH="16" VPOS="2628" HPOS="2170"/><String ID="p746_w1010" CONTENT="bodangis." HPOS="2186" VPOS="2628" WIDTH="171" HEIGHT="75" STYLEREFS="font0"/></TextLine><TextLine WIDTH="1047" HEIGHT="75" ID="p746_t118" HPOS="1324" VPOS="2676"><String ID="p746_w1011" CONTENT="BOSTON," HPOS="1324" VPOS="2676" WIDTH="210" HEIGHT="75" STYLEREFS="font0"/><SP WIDTH="26" VPOS="2676" HPOS="1534"/><String ID="p746_w1012" CONTENT="a" HPOS="1560" VPOS="2676" WIDTH="18" HEIGHT="75" STYLEREFS="font0"/><SP WIDTH="28" VPOS="2676" HPOS="1578"/><String ID="p746_w1013" CONTENT="port-town" HPOS="1606" VPOS="2676" WIDTH="179" HEIGHT="75" STYLEREFS="font0"/><SP WIDTH="24" VPOS="2676" HPOS="1785"/><String ID="p746_w1014" CONTENT="of" HPOS="1809" VPOS="2676" WIDTH="40" HEIGHT="75" STYLEREFS="font0"/><SP WIDTH="16" VPOS="2676" HPOS="1849"/><String ID="p746_w1015" CONTENT="Lincolnfliire-," HPOS="1865" VPOS="2676" WIDTH="232" HEIGHT="75" STYLEREFS="font0"/><SP WIDTH="23" VPOS="2676" HPOS="2097"/><String ID="p746_w1016" CONTENT="fituated" HPOS="2120" VPOS="2676" WIDTH="137" HEIGHT="75" STYLEREFS="font0"/><SP WIDTH="25" VPOS="2676" HPOS="2257"/><String ID="p746_w1017" CONTENT="near-" HPOS="2282" VPOS="2676" WIDTH="89" HEIGHT="75" STYLEREFS="font0"/></TextLine><TextLine WIDTH="999" HEIGHT="75" ID="p746_t119" HPOS="1372" VPOS="2721"><String ID="p746_w1018" CONTENT="the" HPOS="1372" VPOS="2721" WIDTH="56" HEIGHT="75" STYLEREFS="font0"/><SP WIDTH="11" VPOS="2721" HPOS="1428"/><String ID="p746_w1019" CONTENT="mouth" HPOS="1439" VPOS="2721" WIDTH="113" HEIGHT="75" STYLEREFS="font0"/><SP WIDTH="12" VPOS="2721" HPOS="1552"/><String ID="p746_w1020" CONTENT="of" HPOS="1564" VPOS="2721" WIDTH="41" HEIGHT="75" STYLEREFS="font0"/><SP WIDTH="11" VPOS="2721" HPOS="1605"/><String ID="p746_w1021" CONTENT="the" HPOS="1616" VPOS="2721" WIDTH="54" HEIGHT="75" STYLEREFS="font0"/><SP WIDTH="15" VPOS="2721" HPOS="1670"/><String ID="p746_w1022" CONTENT="river" HPOS="1685" VPOS="2721" WIDTH="84" HEIGHT="75" STYLEREFS="font0"/><SP WIDTH="10" VPOS="2721" HPOS="1769"/><String ID="p746_w1023" CONTENT="Witham," HPOS="1779" VPOS="2721" WIDTH="164" HEIGHT="75" STYLEREFS="font0"/><SP WIDTH="18" VPOS="2721" HPOS="1943"/><String ID="p746_w1024" CONTENT="about" HPOS="1961" VPOS="2721" WIDTH="102" HEIGHT="75" STYLEREFS="font0"/><SP WIDTH="8" VPOS="2721" HPOS="2063"/><String ID="p746_w1025" CONTENT="twenty-fix" HPOS="2071" VPOS="2721" WIDTH="186" HEIGHT="75" STYLEREFS="font0"/><SP WIDTH="10" VPOS="2721" HPOS="2257"/><String ID="p746_w1026" CONTENT="miles*" HPOS="2267" VPOS="2721" WIDTH="104" HEIGHT="75" STYLEREFS="font0"/></TextLine><TextLine WIDTH="985" HEIGHT="75" ID="p746_t120" HPOS="1373" VPOS="2749"><String ID="p746_w1027" CONTENT="fouth-eaff" HPOS="1373" VPOS="2767" WIDTH="177" HEIGHT="75" STYLEREFS="font0"/><SP WIDTH="11" VPOS="2767" HPOS="1550"/><String ID="p746_w1028" CONTENT="of" HPOS="1561" VPOS="2767" WIDTH="39" HEIGHT="75" STYLEREFS="font0"/><SP WIDTH="12" VPOS="2767" HPOS="1600"/><String ID="p746_w1029" CONTENT="Lincoln" HPOS="1612" VPOS="2767" WIDTH="136" HEIGHT="75" STYLEREFS="font0"/><SP WIDTH="13" VPOS="2767" HPOS="1748"/><String ID="p746_w1030" CONTENT=":" HPOS="1761" VPOS="2767" WIDTH="8" HEIGHT="75" STYLEREFS="font0"/><SP WIDTH="27" VPOS="2767" HPOS="1769"/><String ID="p746_w1031" CONTENT="E." HPOS="1796" VPOS="2767" WIDTH="45" HEIGHT="75" STYLEREFS="font0"/><SP WIDTH="13" VPOS="2767" HPOS="1841"/><String ID="p746_w1032" CONTENT="long," HPOS="1854" VPOS="2767" WIDTH="87" HEIGHT="75" STYLEREFS="font0"/><SP WIDTH="25" VPOS="2767" HPOS="1941"/><String ID="p746_w1033" CONTENT="if," HPOS="1966" VPOS="2767" WIDTH="64" HEIGHT="75" STYLEREFS="font0"/><SP WIDTH="26" VPOS="2767" HPOS="2030"/><String ID="p746_w1034" CONTENT="and" HPOS="2056" VPOS="2767" WIDTH="59" HEIGHT="75" STYLEREFS="font0"/><SP WIDTH="18" VPOS="2767" HPOS="2115"/><String ID="p746_w1035" CONTENT="N." HPOS="2133" VPOS="2767" WIDTH="48" HEIGHT="75" STYLEREFS="font0"/><SP WIDTH="19" VPOS="2767" HPOS="2181"/><String ID="p746_w1036" CONTENT="lat." HPOS="2200" VPOS="2767" WIDTH="57" HEIGHT="75" STYLEREFS="font0"/><SP WIDTH="21" VPOS="2767" HPOS="2257"/><String ID="p746_w1037" CONTENT="53" HPOS="2278" VPOS="2767" WIDTH="39" HEIGHT="75" STYLEREFS="font0"/><String ID="p746_w1038" CONTENT="0" HPOS="2317" VPOS="2749" WIDTH="25" HEIGHT="49" STYLEREFS="font1"/><String ID="p746_w1039" CONTENT="." HPOS="2342" VPOS="2767" WIDTH="16" HEIGHT="75" STYLEREFS="font0"/></TextLine><TextLine WIDTH="1040" HEIGHT="75" ID="p746_t121" HPOS="1326" VPOS="2815"><String ID="p746_w1040" CONTENT="Boston," HPOS="1326" VPOS="2815" WIDTH="170" HEIGHT="75" STYLEREFS="font0"/><SP WIDTH="17" VPOS="2815" HPOS="1496"/><String ID="p746_w1041" CONTENT="is" HPOS="1513" VPOS="2815" WIDTH="27" HEIGHT="75" STYLEREFS="font0"/><SP WIDTH="14" VPOS="2815" HPOS="1540"/><String ID="p746_w1042" CONTENT="alfo" HPOS="1554" VPOS="2815" WIDTH="64" HEIGHT="75" STYLEREFS="font0"/><SP WIDTH="12" VPOS="2815" HPOS="1618"/><String ID="p746_w1043" CONTENT="the" HPOS="1630" VPOS="2815" WIDTH="56" HEIGHT="75" STYLEREFS="font0"/><SP WIDTH="12" VPOS="2815" HPOS="1686"/><String ID="p746_w1044" CONTENT="name" HPOS="1698" VPOS="2815" WIDTH="91" HEIGHT="75" STYLEREFS="font0"/><SP WIDTH="11" VPOS="2815" HPOS="1789"/><String ID="p746_w1045" CONTENT="of" HPOS="1800" VPOS="2815" WIDTH="41" HEIGHT="75" STYLEREFS="font0"/><SP WIDTH="11" VPOS="2815" HPOS="1841"/><String ID="p746_w1046" CONTENT="the" HPOS="1852" VPOS="2815" WIDTH="56" HEIGHT="75" STYLEREFS="font0"/><SP WIDTH="12" VPOS="2815" HPOS="1908"/><String ID="p746_w1047" CONTENT="capital" HPOS="1920" VPOS="2815" WIDTH="116" HEIGHT="75" STYLEREFS="font0"/><SP WIDTH="10" VPOS="2815" HPOS="2036"/><String ID="p746_w1048" CONTENT="of" HPOS="2046" VPOS="2815" WIDTH="38" HEIGHT="75" STYLEREFS="font0"/><SP WIDTH="8" VPOS="2815" HPOS="2084"/><String ID="p746_w1049" CONTENT="New-Englandy" HPOS="2092" VPOS="2815" WIDTH="274" HEIGHT="75" STYLEREFS="font0"/></TextLine><TextLine WIDTH="984" HEIGHT="75" ID="p746_t122" HPOS="1373" VPOS="2860"><String ID="p746_w1050" CONTENT="fituated" HPOS="1373" VPOS="2860" WIDTH="133" HEIGHT="75" STYLEREFS="font0"/><SP WIDTH="18" VPOS="2860" HPOS="1506"/><String ID="p746_w1051" CONTENT="on" HPOS="1524" VPOS="2860" WIDTH="40" HEIGHT="75" STYLEREFS="font0"/><SP WIDTH="18" VPOS="2860" HPOS="1564"/><String ID="p746_w1052" CONTENT="a" HPOS="1582" VPOS="2860" WIDTH="19" HEIGHT="75" STYLEREFS="font0"/><SP WIDTH="15" VPOS="2860" HPOS="1601"/><String ID="p746_w1053" CONTENT="peninfula," HPOS="1616" VPOS="2860" WIDTH="173" HEIGHT="75" STYLEREFS="font0"/><SP WIDTH="26" VPOS="2860" HPOS="1789"/><String ID="p746_w1054" CONTENT="at" HPOS="1815" VPOS="2860" WIDTH="33" HEIGHT="75" STYLEREFS="font0"/><SP WIDTH="28" VPOS="2860" HPOS="1848"/><String ID="p746_w1055" CONTENT="the" HPOS="1876" VPOS="2860" WIDTH="55" HEIGHT="75" STYLEREFS="font0"/><SP WIDTH="23" VPOS="2860" HPOS="1931"/><String ID="p746_w1056" CONTENT="bottcim" HPOS="1954" VPOS="2860" WIDTH="126" HEIGHT="75" STYLEREFS="font0"/><SP WIDTH="27" VPOS="2860" HPOS="2080"/><String ID="p746_w1057" CONTENT="of" HPOS="2107" VPOS="2860" WIDTH="40" HEIGHT="75" STYLEREFS="font0"/><SP WIDTH="21" VPOS="2860" HPOS="2147"/><String ID="p746_w1058" CONTENT="a" HPOS="2168" VPOS="2860" WIDTH="19" HEIGHT="75" STYLEREFS="font0"/><SP WIDTH="15" VPOS="2860" HPOS="2187"/><String ID="p746_w1059" CONTENT="fine" HPOS="2202" VPOS="2860" WIDTH="61" HEIGHT="75" STYLEREFS="font0"/><SP WIDTH="18" VPOS="2860" HPOS="2263"/><String ID="p746_w1060" CONTENT="bay," HPOS="2281" VPOS="2860" WIDTH="76" HEIGHT="75" STYLEREFS="font0"/></TextLine><TextLine WIDTH="996" HEIGHT="75" ID="p746_t123" HPOS="1375" VPOS="2909"><String ID="p746_w1061" CONTENT="covered" HPOS="1375" VPOS="2909" WIDTH="136" HEIGHT="75" STYLEREFS="font0"/><SP WIDTH="16" VPOS="2909" HPOS="1511"/><String ID="p746_w1062" CONTENT="with" HPOS="1527" VPOS="2909" WIDTH="77" HEIGHT="75" STYLEREFS="font0"/><SP WIDTH="18" VPOS="2909" HPOS="1604"/><String ID="p746_w1063" CONTENT="fmall" HPOS="1622" VPOS="2909" WIDTH="87" HEIGHT="75" STYLEREFS="font0"/><SP WIDTH="18" VPOS="2909" HPOS="1709"/><String ID="p746_w1064" CONTENT="iflands" HPOS="1727" VPOS="2909" WIDTH="114" HEIGHT="75" STYLEREFS="font0"/><SP WIDTH="24" VPOS="2909" HPOS="1841"/><String ID="p746_w1065" CONTENT="and" HPOS="1865" VPOS="2909" WIDTH="62" HEIGHT="75" STYLEREFS="font0"/><SP WIDTH="16" VPOS="2909" HPOS="1927"/><String ID="p746_w1066" CONTENT="rocks," HPOS="1943" VPOS="2909" WIDTH="106" HEIGHT="75" STYLEREFS="font0"/><SP WIDTH="19" VPOS="2909" HPOS="2049"/><String ID="p746_w1067" CONTENT="and" HPOS="2068" VPOS="2909" WIDTH="60" HEIGHT="75" STYLEREFS="font0"/><SP WIDTH="13" VPOS="2909" HPOS="2128"/><String ID="p746_w1068" CONTENT="defended" HPOS="2141" VPOS="2909" WIDTH="158" HEIGHT="75" STYLEREFS="font0"/><SP WIDTH="17" VPOS="2909" HPOS="2299"/><String ID="p746_w1069" CONTENT="by" HPOS="2316" VPOS="2909" WIDTH="55" HEIGHT="75" STYLEREFS="font0"/></TextLine><TextLine WIDTH="984" HEIGHT="75" ID="p746_t124" HPOS="1376" VPOS="2938"><String ID="p746_w1070" CONTENT="a" HPOS="1376" VPOS="2956" WIDTH="17" HEIGHT="75" STYLEREFS="font0"/><SP WIDTH="25" VPOS="2956" HPOS="1393"/><String ID="p746_w1071" CONTENT="cadle" HPOS="1418" VPOS="2956" WIDTH="93" HEIGHT="75" STYLEREFS="font0"/><SP WIDTH="28" VPOS="2956" HPOS="1511"/><String ID="p746_w1072" CONTENT="and" HPOS="1539" VPOS="2956" WIDTH="63" HEIGHT="75" STYLEREFS="font0"/><SP WIDTH="23" VPOS="2956" HPOS="1602"/><String ID="p746_w1073" CONTENT="platform" HPOS="1625" VPOS="2956" WIDTH="152" HEIGHT="75" STYLEREFS="font0"/><SP WIDTH="28" VPOS="2956" HPOS="1777"/><String ID="p746_w1074" CONTENT="of" HPOS="1805" VPOS="2956" WIDTH="40" HEIGHT="75" STYLEREFS="font0"/><SP WIDTH="23" VPOS="2956" HPOS="1845"/><String ID="p746_w1075" CONTENT="guns:" HPOS="1868" VPOS="2956" WIDTH="100" HEIGHT="75" STYLEREFS="font0"/><SP WIDTH="27" VPOS="2956" HPOS="1968"/><String ID="p746_w1076" CONTENT="W." HPOS="1995" VPOS="2956" WIDTH="61" HEIGHT="75" STYLEREFS="font0"/><SP WIDTH="17" VPOS="2956" HPOS="2056"/><String ID="p746_w1077" CONTENT="long." HPOS="2073" VPOS="2956" WIDTH="88" HEIGHT="75" STYLEREFS="font0"/><SP WIDTH="29" VPOS="2956" HPOS="2161"/><String ID="p746_w1078" CONTENT="71" HPOS="2190" VPOS="2956" WIDTH="38" HEIGHT="75" STYLEREFS="font0"/><String ID="p746_w1079" CONTENT="0" HPOS="2228" VPOS="2938" WIDTH="26" HEIGHT="49" STYLEREFS="font1"/><String ID="p746_w1080" CONTENT="," HPOS="2254" VPOS="2956" WIDTH="16" HEIGHT="75" STYLEREFS="font0"/><SP WIDTH="27" VPOS="2956" HPOS="2270"/><String ID="p746_w1081" CONTENT="and" HPOS="2297" VPOS="2956" WIDTH="63" HEIGHT="75" STYLEREFS="font0"/></TextLine><TextLine WIDTH="337" HEIGHT="75" ID="p746_t125" HPOS="1337" VPOS="2983"><String ID="p746_w1082" CONTENT="^" HPOS="1337" VPOS="3001" WIDTH="18" HEIGHT="75" STYLEREFS="font0"/><SP WIDTH="20" VPOS="3001" HPOS="1355"/><String ID="p746_w1083" CONTENT="N." HPOS="1375" VPOS="3001" WIDTH="47" HEIGHT="75" STYLEREFS="font0"/><SP WIDTH="19" VPOS="3001" HPOS="1422"/><String ID="p746_w1084" CONTENT="lat." HPOS="1441" VPOS="3001" WIDTH="57" HEIGHT="75" STYLEREFS="font0"/><SP WIDTH="28" VPOS="3001" HPOS="1498"/><String ID="p746_w1085" CONTENT="42" HPOS="1526" VPOS="3001" WIDTH="41" HEIGHT="75" STYLEREFS="font0"/><String ID="p746_w1086" CONTENT="0" HPOS="1567" VPOS="2983" WIDTH="20" HEIGHT="49" STYLEREFS="font1"/><String ID="p746_w1087" CONTENT="'24'." HPOS="1587" VPOS="3001" WIDTH="87" HEIGHT="75" STYLEREFS="font0"/></TextLine><TextLine WIDTH="937" HEIGHT="114" ID="p746_t126" HPOS="1422" VPOS="3049"><String ID="p746_w1088" CONTENT="It" HPOS="1422" VPOS="3049" WIDTH="34" HEIGHT="75" STYLEREFS="font0"/><SP WIDTH="25" VPOS="3049" HPOS="1456"/><String ID="p746_w1089" CONTENT="is" HPOS="1481" VPOS="3049" WIDTH="27" HEIGHT="75" STYLEREFS="font0"/><SP WIDTH="26" VPOS="3049" HPOS="1508"/><String ID="p746_w1090" CONTENT="a" HPOS="1534" VPOS="3049" WIDTH="19" HEIGHT="75" STYLEREFS="font0"/><SP WIDTH="14" VPOS="3049" HPOS="1553"/><String ID="p746_w1091" CONTENT="flourifliirig" HPOS="1567" VPOS="3049" WIDTH="183" HEIGHT="75" STYLEREFS="font0"/><SP WIDTH="16" VPOS="3049" HPOS="1750"/><String ID="p746_w1092" CONTENT="town," HPOS="1766" VPOS="3049" WIDTH="100" HEIGHT="75" STYLEREFS="font0"/><SP WIDTH="25" VPOS="3049" HPOS="1866"/><String ID="p746_w1093" CONTENT="wherein," HPOS="1891" VPOS="3049" WIDTH="148" HEIGHT="75" STYLEREFS="font0"/><SP WIDTH="10" VPOS="3049" HPOS="2039"/><String ID="p746_w1094" CONTENT="are" HPOS="2049" VPOS="3049" WIDTH="53" HEIGHT="75" STYLEREFS="font0"/><SP WIDTH="17" VPOS="3049" HPOS="2102"/><String ID="p746_w1095" CONTENT="ten" HPOS="2119" VPOS="3049" WIDTH="54" HEIGHT="75" STYLEREFS="font0"/><SP WIDTH="16" VPOS="3049" HPOS="2173"/><String ID="p746_w1096" CONTENT="churcl&gt;es," HPOS="2189" VPOS="3049" WIDTH="169" HEIGHT="75" STYLEREFS="font0"/><SP WIDTH="4294967251" VPOS="3049" HPOS="2358"/><String ID="p746_w1097" CONTENT="fix" HPOS="2313" VPOS="3088" WIDTH="46" HEIGHT="75" STYLEREFS="font0"/></TextLine></PrintSpace></Page></Layout></alto>