2517 3387
717 136 266 75 BOO

103 342 93 75 Days

616 253 112 75 769.-

1058 135 37 75 K
1126 135 16 75 -
1178 135 36 75 K

1084 204 24 75 /.
1141 204 27 75 /.
1198 204 34 75 d.

468 343 167 75 January,
662 343 32 75 to
703 343 76 75 pay.

1069 1387 23 75 1.

1060 1456 34 75 13
1100 1456 38 75 (S'
1138 1456 36 75 oo

178 436 16 75 3
205 436 57 75 To
285 436 113 75 Simon
426 436 120 75 Smith,
575 436 90 75 qooo
683 436 136 75 crowns,
847 436 32 75 at
905 436 128 75 56^.?

254 483 57 75 hill
337 483 39 75 of
396 483 44 75 G.
467 483 39 75 F.

652 483 13 75 *

808 483 13 75 -
920 483 14 75 -
1011 483 23 75 5
1053 483 5 75 |
1084 465 43 49 70

157 529 106 75 ll'To
282 529 116 75 Janies
415 529 136 75 Jeffery,
579 529 51 75 for
646 529 119 75 fundry
782 529 115 75 goods,

1051 529 6 75 j
1082 529 44 75 68

154 575 18 75 2
179 575 85 75 5[To
284 575 114 75 James
414 575 138 75 Martin
570 575 62 75 and
649 575 169 75 company,

1050 575 75 75 S125

155 624 110 75 gojTo
284 624 116 75 James
418 624 131 75 Halley,
574 624 51 75 for
642 624 57 75 oil,

846 624 12 75 *
955 624 14 75 -
1049 624 8 75 I
1084 624 153 75 ']6pJ\.0

154 716 48 75 N.
224 716 43 75 B.
316 716 100 75 Upon
434 716 54 75 the
505 716 148 75 payment
681 716 41 75 of
743 716 62 75 any
829 716 80 75 fum,
936 716 181 75 merchants
1135 716 104 75 either

106 764 106 75 cancel
231 764 53 75 the
301 764 76 75 line,
403 764 48 75 or,
480 764 104 75 which
602 764 25 75 is
644 764 119 75 better,
790 764 77 75 they
885 764 91 75 write
993 764 56 75 the
1067 764 91 75 word
1176 764 62 75 Re-

105 811 111 75 ceived
230 811 37 75 or
284 811 92 75 Paid
401 811 85 75 upon
515 811 54 75 the
598 811 135 75 margin,
759 811 36 75 or
825 811 52 75 ufe
894 811 85 75 fome
996 811 90 75 mark
1102 811 42 75 of
1155 811 83 75 their

105 856 84 75 own,
215 856 35 75 to
268 856 112 75 (ignify
397 856 71 75 that
485 856 55 75 the
556 856 67 75 fum
641 856 35 75 to
693 856 107 75 which
816 856 24 75 it
858 856 25 75 is
901 856 117 75 affixed
1034 856 27 75 is
1078 856 87 75 paid.

448 954 38 75 7.
530 954 77 75 The
626 954 268 75 Keceipt-book.

151 1018 41 75 In
212 1018 64 75 this
293 1018 87 75 book
406 1018 18 75 a
448 1018 164 75 merchant
641 1018 89 75 takes
763 1018 135 75 receipts
923 1018 40 75 of
985 1018 55 75 the
1072 1018 164 75 payments

103 1065 42 75 he
163 1065 119 75 makes.
330 1065 77 75 The
424 1065 120 75 receipt
561 1065 111 75 ffiould
689 1065 127 75 contain
833 1065 56 75 the
906 1065 96 75 date;
1029 1065 55 75 the
1102 1065 67 75 him
1183 1065 49 75 re-

103 1112 122 75 ceived,
251 1112 166 75 expreffed
434 1112 32 75 in
485 1112 105 75 words
608 1112 33 75 at
657 1112 100 75 large,
783 1112 63 75 and
869 1112 64 75 alfo
950 1112 31 75 in
998 1112 116 75 figures
1132 1112 30 75 in
1181 1112 54 75 the

104 1156 277 75 money-colunins
396 1156 10 75 ;
434 1156 55 75 the
507 1156 109 75 reafon
633 1156 74 75 why
760 1156 62 75 and
839 1156 146 75 whether
1012 1156 31 75 in
1072 1156 60 75 full
1150 1156 37 75 or
1203 1156 32 75 in

100 1204 93 75 part;
221 1204 59 75 and
300 1204 79 75 unfit
396 1204 38 75 be
448 1204 109 75 figned
574 1204 43 75 by
634 1204 182 75 the-perfon
835 1204 169 75 receiving.
1055 1204 67 75 But
1145 1204 90 75 there

100 1250 27 75 is
144 1250 42 75 no
202 1250 143 75 occafion
362 1250 35 75 to
414 1250 142 75 mention
573 1250 55 75 the
646 1250 192 75 merchant’s
856 1250 89 75 name
960 1250 10 75 ;
998 1250 50 75 for
1073 1250 55 75 the
1149 1250 85 75 book,

101 1297 96 75 being
213 1297 35 75 hi'
248 1297 14 75 s
281 1297 84 75 own,
391 1297 189 75 fufficiently
597 1297 123 75 implies
737 1297 84 75 that.
869 1297 84 75 This
972 1297 86 75 book
1074 1297 26 75 is
1117 1297 115 75 paged,

102 1346 64 75 and
183 1346 55 75 the
254 1346 86 75 form
356 1346 40 75 of
406 1346 26 75 it
449 1346 27 75 is
493 1346 33 75 as
543 1346 142 75 follows.

1201 1395 27 75 1-

195 1437 176 75 Received,
398 1437 80 75 July
490 1437 36 75 x.
557 1437 102 75 1769,
681 1437 34 75 in
733 1437 72 75 part
821 1437 51 75 for
890 1437 66 75 fug;

148 1486 54 75 the
220 1486 68 75 fum
304 1486 40 75 of
355 1486 61 75 one
432 1486 148 75 hundred
597 1486 103 75 thirty
717 1486 47 75 fix
781 1486 136 75 pounds,

694 1527 55 75 per
766 1527 88 75 John
879 1527 162 75 Stewart.

196 1578 174 75 Received,
388 1578 63 75 this
471 1578 58 75 4th
545 1578 41 75 of
598 1578 81 75 July
704 1578 98 75 1769,
819 1578 32 75 in
869 1578 60 75 full
943 1578 54 75 for
1005 1578 10 75 '

148 1625 122 75 indigo,
307 1625 56 75 the
395 1625 68 75 fum
490 1625 40 75 of
561 1625 89 75 forty
667 1625 88 75 eight
786 1625 125 75 pounds
944 1625 52 75 ten

149 1671 154 75 (hillings,

447 1671 14 75 -

604 1671 14 75 -

763 1671 14 75 -

919 1671 13 75 -

749 1713 56 75 per
821 1713 79 75 Tho.
918 1713 122 75 Green.

195 1763 175 75 Received,
397 1763 79 75 July
494 1763 42 75 6/
560 1763 101 75 1769,
686 1763 31 75 in
743 1763 71 75 part
837 1763 52 75 for
912 1763 82 75 lead,
1010 1763 16 75 7

147 1811 124 75 twenty
290 1811 137 75 pounds,
446 1811 50 75 for
513 1811 55 75 my
577 1811 112 75 mailer
706 1811 119 75 David
835 1811 160 75 Douglas,
1006 1811 19 75 y

745 1853 55 75 per
816 1853 92 75 Sam.
927 1853 114 75 Sprat.

195 1904 175 75 Received,
406 1904 80 75 July
508 1904 53 75 10.
586 1904 100 75 1769,
720 1904 32 75 in
785 1904 60 75 full
874 1904 50 75 for
942 1904 85 75 co-h

146 1951 106 75 peras,
276 1951 104 75 thirty
397 1951 46 75 fix
471 1951 124 75 pounds
624 1951 117 75 twelve
765 1951 153 75 ffiillings,
945 1951 82 75 fork

147 1998 64 75 felf
230 1998 63 75 and
317 1998 170 75 company,
607 1998 13 75 -
745 1998 11 75 ~
878 1998 10 75 ’
1002 1998 28 75 j

725 2038 63 75 Per
807 2038 119 75 David
944 2038 95 75 Diiff.

195 2089 176 75 Received,
391 2089 80 75 July
493 2089 53 75 it.
570 2089 102 75 1769,
690 2089 165 75 forty-five
874 2089 122 75 pounds
1017 2089 19 75 \

148 2138 115 75 twelve
281 2138 139 75 (hillings
437 2138 62 75 and
516 2138 72 75 nine
604 2138 111 75 pence,
741 2138 32 75 in
801 2138 59 75 full
879 2138 51 75 for
946 2138 35 75 to
1002 2138 26 75 T

148 2185 99 75 bacco
271 2185 70 75 fold
366 2185 55 75 the
442 2185 79 75 10th
551 2185 39 75 of
614 2185 142 75 January
772 2185 69 75 lafl,
868 2185 51 75 for
937 2185 97 75 felf^

150 2232 62 75 and
229 2232 140 75 partner,

514 2232 13 75 -

672 2232 12 75 -

1005 2232 34 75 J

707 2271 62 75 Per
786 2271 111 75 Simon
915 2271 129 75 Trujfy.

198 2323 176 75 Received,
402 2323 80 75 July
505 2323 54 75 12.
591 2323 101 75 1769,
717 2323 56 75 the
790 2323 67 75 fum
874 2323 40 75 of
926 2323 72 75 fifty
1013 2323 17 75 7

150 2372 138 75 pounds,
325 2372 44 75 by
397 2372 107 75 order,
544 2372 62 75 and
638 2372 52 75 for
718 2372 54 75 the
801 2372 136 75 account
964 2372 66 75 ofk

151 2419 122 75 George
289 2419 124 75 Grant,

557 2419 14 75 -

716 2419 12 75 -

1003 2419 30 75 J

719 2458 64 75 Per
799 2458 109 75 Nath.
925 2458 118 75 Smith.

352 2559 33 75 8.
432 2559 78 75 The
529 2559 207 75 Copy-Boob
754 2559 51 75 of
815 2559 159 75 Letters.

151 2635 43 75 It
213 2635 27 75 is
257 2635 77 75 very
350 2635 183 75 imprudent
549 2635 33 75 in
600 2635 61 75 any
678 2635 111 75 perfon
806 2635 34 75 to
856 2635 76 75 fend
949 2635 90 75 away
1055 2635 18 75 a
1090 2635 95 75 letter
1198 2635 40 75 of

104 2683 147 75 bufinefs,
269 2683 137 75 without
422 2683 135 75 keeping
574 2683 18 75 a
604 2683 117 75 double
737 2683 40 75 of
788 2683 26 75 it
826 2683 36 75 to
874 2683 153 75 himfelf;
1047 2683 62 75 and
1126 2683 106 75 there-

1287 130 33 75 E
1389 130 35 75 E
1497 130 34 75 P
1604 130 18 75 I
1696 130 44 75 N
1813 130 50 75 G.

1285 201 82 75 fore,
1392 201 35 75 to
1447 201 132 75 prevent
1595 201 56 75 the
1667 201 62 75 bad
1746 201 232 75 cbnfequences
1995 201 41 75 of
2047 201 75 75 fueh
2143 201 18 75 a
2180 201 131 75 carelefs
2328 201 92 75 prac-

1286 247 74 75 tice,
1386 247 181 75 merchants
1591 247 53 75 are
1661 247 154 75 provided
1832 247 78 75 with
1928 247 18 75 a
1962 247 88 75 large
2067 247 97 75 book,
2191 247 31 75 in
2229 247 100 75 folio,
2354 247 68 75 into

1286 293 104 75 which
1409 293 25 75 is
1454 293 112 75 copied
1584 293 159 75 verbatim
1761 293 96 75 every
1874 293 96 75 letter
1986 293 40 75 of
2044 293 135 75 bufinefs
2197 293 111 75 before
2333 293 26 75 it
2382 293 40 75 be

1287 340 67 75 fent
1371 340 58 75 off.
1481 340 46 75 So
1543 340 71 75 that
1642 340 64 75 this
1720 340 114 75 ^book,
1860 340 150 75 together
2026 340 79 75 with
2124 340 54 75 the
2194 340 111 75 letters
2324 340 97 75 recei-

1287 385 200 75 ved-(which
1516 385 79 75 muft
1621 385 65 75 alfo
1711 385 39 75 be
1781 385 156 75 carefully
1964 385 132 75 kept,in
2125 385 69 75 files
2222 385 38 75 or
2288 385 131 75 boxes,)

1287 432 107 75 makes
1412 432 18 75 a
1447 432 156 75 complete
1621 432 121 75 hiltory
1758 432 40 75 of
1821 432 40 75 all
1881 432 55 75 the
1953 432 143 75 dealings
2114 432 70 75 that
2202 432 65 75 pafs
2285 432 136 75 betwixt

1288 480 18 75 a
1322 480 164 75 merchant
1504 480 61 75 and
1583 480 49 75 his
1649 480 284 75 correfpondents;
1951 480 107 75 which
2076 480 74 75 may
2168 480 39 75 be
2224 480 78 75 very
2318 480 102 75 ufeful

1288 527 63 75 and
1373 527 160 75 neceffary
1553 527 41 75 on
1612 527 94 75 many
1723 527 173 75 occafions.

1616 622 36 75 9.
1691 622 77 75 The
1787 622 245 75 Pocket-book.

1334 691 102 75 This
1456 691 27 75 is
1502 691 17 75 a
1535 691 90 75 fmall
1639 691 98 75 book,
1755 691 41 75 of
1808 691 17 75 a
1843 691 146 75 portable
2004 691 74 75 fize,
2096 691 105 75 which
2220 691 18 75 a
2254 691 164 75 merchant

1288 738 116 75 carries
1420 738 31 75 in
1469 738 49 75 his
1535 738 117 75 pocket
1670 738 91 75 when
1779 738 133 75 bufinefs
1942 738 75 75 calls
2046 738 65 75 him
2140 738 118 75 abroad
2284 738 35 75 to
2335 738 18 75 a
2370 738 49 75 ta-

1288 784 89 75 vern,
1407 784 18 75 a
1442 784 73 75 fair,
1542 784 54 75 the
1613 784 148 75 country,
1788 784 38 75 or
1841 784 95 75 other
1952 784 116 75 places.
2121 784 36 75 In
2191 784 64 75 this
2287 784 41 75 he
2356 784 61 75 fets

1288 830 94 75 down
1401 830 54 75 the
1473 830 145 75 bargains
1636 830 40 75 he
1694 830 120 75 makes,
1841 830 55 75 the
1913 830 156 75 expences
2087 830 41 75 he
2144 830 27 75 is
2189 830 45 75 at,
2253 830 55 75 the
2324 830 94 75 debts

1287 878 41 75 he
1346 878 88 75 pays,
1460 878 37 75 or
1512 878 83 75 fums
1623 878 41 75 he
1692 878 151 75 receives,
1876 878 77 75 with
1971 878 95 75 every
2088 878 93 75 other
2199 878 70 75 part
2287 878 38 75 of
2337 878 80 75 bufi-

1288 924 67 75 nefs
1373 924 40 75 he
1431 924 148 75 tranfafts
1598 924 95 75 while
1709 924 140 75 abroad;
1869 924 34 75 as
1921 924 63 75 alfo
2002 924 61 75 any
2080 924 189 75 occurrence
2282 924 37 75 or
2330 924 88 75 piece

1286 971 41 75 of
1337 971 86 75 news
1440 971 41 75 he
1498 971 107 75 thinks
1621 971 106 75 worth
1744 971 94 75 while
1854 971 35 75 to
1902 971 124 75 record.
2062 971 76 75 And
2152 971 92 75 when
2257 971 40 75 he
2310 971 107 75 comes

1285 1018 96 75 home
1398 1018 35 75 to
1450 1018 49 75 his
1516 1018 276 75 compting-houfe
1809 1018 37 75 or
1860 1018 89 75 (hop,
1976 1018 41 75 he
2046 1018 152 75 transfers
2215 1018 64 75 .the
2307 1018 108 75 things

1286 1064 169 75 contained
1481 1064 31 75 in
1542 1064 63 75 this
1630 1064 97 75 book,
1753 1064 79 75 each
1861 1064 34 75 to
1924 1064 85 75 their
2031 1064 114 75 proper
2170 1064 104 75 places
2299 1064 32 75 in
2359 1064 56 75 the

1285 1110 227 75 Wafte-book,
1542 1110 37 75 or
1595 1110 110 75 Books
1724 1110 195 75 Subfidiary.

1333 1158 129 75 Faffors
1492 1158 41 75 of
1561 1158 91 75 great
1680 1158 134 75 bufinefs
1848 1158 177 75 fometimes
2054 1158 81 75 keep
2163 1158 134 75 another
2325 1158 91 75 fmall

1284 1204 97 75 book,
1401 1204 101 75 called
1521 1204 54 75 the
1594 1204 251 75 Memorandum
1863 1204 83 75 hook.
1997 1204 74 75 Into
2096 1204 63 75 this
2188 1204 85 75 book
2302 1204 26 75 is
2358 1204 54 75 co-

1283 1251 85 75 pied,
1393 1251 84 75 from
1495 1251 109 75 letters
1622 1251 33 75 as
1673 1251 78 75 they
1767 1251 90 75 come
1874 1251 34 75 to
1924 1251 98 75 hand,
2055 1251 86 75 ffiort
2169 1251 91 75 notes
2291 1251 40 75 of
2358 1251 55 75 the

1281 1297 119 75 feveral
1419 1297 206 75 commiffions
1644 1297 50 75 for
1712 1297 120 75 buying
1848 1297 100 75 goods
1965 1297 170 75 contained
2158 1297 32 75 in
2207 1297 89 75 them
2311 1297 9 75 ;
2349 1297 62 75 and

1282 1343 33 75 as
1332 1343 55 75 the
1405 1343 206 75 commiffions
1628 1343 53 75 are
1698 1343 147 75 effected,
1868 1343 56 75 the
1940 1343 90 75 notes
2048 1343 53 75 are
2118 1343 133 75 croffed,
2277 1343 38 75 or
2330 1343 80 75 have

1281 1389 86 75 fome
1382 1389 89 75 mark
1490 1389 118 75 affixed
1625 1389 34 75 to
1676 1389 100 75 them.
1809 1389 86 75 This
1911 1389 26 75 is
1955 1389 88 75 more
2060 1389 187 75 convenient
2263 1389 32 75 in
2312 1389 100 75 doing

1282 1436 146 75 bufinefs,
1447 1436 75 75 than
1540 1436 35 75 to
1593 1436 38 75 be
1645 1436 202 75 continually
1866 1436 135 75 running
2028 1436 35 75 to
2086 1436 55 75 the
2166 1436 113 75 letters
2307 1436 103 75 them-

1281 1482 111 75 felves.
1444 1482 140 75 Suppofe
1601 1482 18 75 a
1635 1482 166 75 merchant
1817 1482 40 75 of
1880 1482 132 75 Lifbon,
2038 1482 41 75 by
2098 1482 49 75 his
2165 1482 107 75 letter,
2298 1482 71 75 give
2393 1482 19 75 a

1282 1526 189 75 commiffion
1491 1526 49 75 for
1562 1526 120 75 buying
1698 1526 114 75 goods,
1838 1526 19 75 a
1873 1526 75 75 note
1965 1526 40 75 of
2026 1526 26 75 it
2079 1526 32 75 in
2139 1526 56 75 the
2222 1526 188 75 Memoran-

1282 1577 75 75 dum
1376 1577 87 75 book
1482 1577 65 75 will
1564 1577 89 75 (land
1669 1577 88 75 thus.

1910 1619 125 75 Lijbon,
2057 1619 78 75 i$l\\
2154 1619 84 75 June
2260 1619 101 75 1769.

1424 1668 69 75 Out
1510 1668 40 75 of
1561 1668 114 75 Carlos
1692 1668 138 75 Popham'
1830 1668 33 75 %
1880 1668 95 75 letter
1992 1668 39 75 an
2049 1668 95 75 order
2160 1668 52 75 for

1376 1716 91 75 4000
1484 1716 95 75 yards
1596 1716 39 75 of
1651 1716 115 75 ferges,
1793 1716 33 75 at
1843 1716 19 75 8
1874 1716 33 75 d.
1936 1716 38 75 or
1992 1716 83 75 8-^a.
2097 1716 62 75 per
2175 1716 92 75 yard,

1375 1762 44 75 20
1435 1762 104 75 dozen
1556 1762 170 75 (lockings,
1754 1762 56 75 not
1827 1762 99 75 above
1946 1762 80 75 36/.
2046 1762 62 75 per
2124 1762 118 75 dozen,
2273 1762 65 75 &c.

1421 1808 57 75 All
1495 1808 105 75 which
1618 1808 35 75 to
1669 1808 38 75 be
1724 1808 122 75 packed
1863 1808 62 75 and
1940 1808 130 75 (hipped
2094 1808 52 75 for
2171 1808 133 75 Lilbon,
2333 1808 75 75 con-

1373 1854 107 75 (igned
1496 1854 34 75 to
1546 1854 139 75 himfelf,
1711 1854 63 75 and
1789 1854 133 75 marked
1937 1854 36 75 C.
1993 1854 45 75 P.

1326 1924 37 75 In
1381 1924 64 75 like
1463 1924 130 75 manner
1608 1924 117 75 fa&ors
1743 1924 85 75 may,
1854 1924 62 75 and
1933 1924 89 75 thofe
2046 1924 95 75 much
2168 1924 169 75 employed
2354 1924 54 75 ge-

1278 1972 122 75 nerally
1415 1972 56 75 do,
1497 1972 73 75 take
1587 1972 19 75 a
1621 1972 87 75 note,
1727 1972 83 75 from
1828 1972 55 75 the
1900 1972 110 75 letters
2033 1972 41 75 of
2093 1972 122 75 advice,
2242 1972 40 75 of
2293 1972 42 75 all
2353 1972 55 75 the

1279 2017 100 75 goods
1407 2017 167 75 configned
1589 2017 35 75 to
1641 2017 100 75 them,
1767 2017 103 75 either
1897 2017 32 75 in
1954 2017 19 75 a
1998 2017 142 75 feparate
2168 2017 89 75 place
2282 2017 40 75 of
2345 2017 62 75 this

1278 2067 98 75 book,
1402 2067 38 75 or
1455 2067 31 75 in
1503 2067 134 75 another
1654 2067 85 75 book
1756 2067 40 75 of
1807 2067 55 75 the
1878 2067 83 75 fame
1979 2067 124 75 nature^
2151 2067 52 75 By
2219 2067 63 75 this
2299 2067 107 75 means

1279 2112 17 75 a
1322 2112 101 75 fadtor
1440 2112 56 75 has
1514 2112 87 75 daily
1619 2112 98 75 under
1734 2112 49 75 his
1800 2112 71 75 eye,
1896 2112 79 75 both
2003 2112 56 75 the
2086 2112 77 75 time
2190 2112 91 75 when
2296 2112 76 75 fuch
2388 2112 20 75 a

1278 2153 65 75 (hip
1360 2153 72 75 may
1450 2153 38 75 be
1506 2153 166 75 expedted,
1691 2153 62 75 and
1770 2153 54 75 the
1841 2153 101 75 goods
1959 2153 50 75 (lie
2026 2153 127 75 brings:
2190 2153 75 75 And
2282 2153 33 75 fo
2331 2153 27 75 is
2374 2153 34 75 in

1280 2204 17 75 a
1315 2204 121 75 readier
1453 2204 71 75 way
1541 2204 40 75 of
1591 2204 144 75 minding
1751 2204 35 75 to
1802 2204 78 75 look
1896 2204 57 75 out
1969 2204 52 75 for
2038 2204 18 75 a
2072 2204 163 75 merchant
2252 2204 51 75 for
2321 2204 88 75 them

1280 2249 109 75 before
1408 2249 97 75 hand,
1524 2249 76 75 than
1617 2249 29 75 if
1658 2249 41 75 he
1715 2249 65 75 had
1796 2249 76 75 only
1890 2249 55 75 the
1961 2249 96 75 letter
2073 2249 33 75 as
2123 2249 50 75 his
2193 2249 216 75 remembran-

1280 2298 65 75 cer.
1394 2298 55 75 An
1467 2298 145 75 example
1629 2298 140 75 follows.

1895 2339 138 75 Nctples,
2057 2339 79 75 18th
2154 2339 84 75 June
2259 2339 102 75 1769.

1374 2390 39 75 In
1446 2390 55 75 the
1534 2390 198 75 Profperity,
1776 2390 119 75 Robert
1916 2390 114 75 Wilfon
2049 2390 123 75 mailer,
2198 2390 74 75 filks
2289 2390 50 75 for
2356 2390 52 75 ac-

1421 2436 97 75 count
1530 2436 39 75 of
1576 2436 147 75 Anthony
1737 2436 129 75 Carew,
1879 2436 133 75 marked
2080 2436 37 75 C.
2133 2436 52 75 N°
2202 2436 62 75 122
2278 2436 36 75 to
2329 2436 78 75 140.

1329 2530 85 75 The
1434 2530 99 75 above
1549 2530 54 75 are
1620 2530 55 75 the
1691 2530 170 75 fubfidiary
1885 2530 101 75 books
2011 2530 79 75 mod
2118 2530 32 75 in
2177 2530 74 75 ufe:
2292 2530 67 75 But
2390 2530 20 75 a

1282 2575 162 75 merchant
1460 2575 26 75 is
1503 2575 56 75 not
1575 2575 66 75 tied
1657 2575 94 75 down
1768 2575 38 75 or
1822 2575 159 75 rdlridled
1998 2575 34 75 to
2049 2575 109 75 them;
2188 2575 41 75 he
2245 2575 72 75 may
2328 2575 81 75 keep

1282 2625 96 75 fome,
1397 2625 62 75 and
1479 2625 121 75 negledt
1616 2625 122 75 others,
1757 2625 38 75 or
1810 2625 108 75 invent
1935 2625 100 75 more,
2061 2625 33 75 as
2111 2625 55 75 the
2180 2625 112 75 nature
2308 2625 40 75 of
2359 2625 50 75 his

1282 2671 134 75 bufinefs
1433 2671 156 75 requires,
1615 2671 62 75 and
1693 2671 41 75 he
1750 2671 80 75 finds
1848 2671 201 75 convenient.

2169 2849 14 75 *
2211 2849 198 75 Addendum
