2428 3377
2106 140 98 75 Part
2220 140 30 75 I-

141 145 13 75 i
165 145 51 75 p2

692 145 41 75 A
849 145 43 75 N
1009 145 41 75 A
1165 145 39 75 T

136 212 98 75 From
259 212 85 75 their
368 212 63 75 fize
452 212 79 75 they
547 212 54 75 are
626 212 126 75 termed
769 212 112 75 great,
906 212 133 75 middle,
1063 212 109 75 [mail,

136 258 86 75 long,
248 258 109 75 broad,
382 258 72 75 thin
471 258 9 75 :
512 258 97 75 From
626 258 85 75 their
735 258 113 75 figure,
875 258 202 75 triangular,
1095 258 76 75 fca-

137 304 131 75 hnous^
279 304 136 75 fquare.
441 304 60 75 See.
551 304 99 75 From
677 304 84 75 their
789 304 165 75 direction,
978 304 117 75 f.rait,
1123 304 49 75 ob-

141 351 99 75 lique,
265 351 182 75 tranfverfe
458 351 9 75 .
502 351 99 75 From
617 351 84 75 their
722 351 23 75 {■
745 351 34 75 W.
779 351 64 75 xxzxi
843 351 26 75 O'
869 351 20 75 a,
904 351 165 75 fliperior,
1095 351 86 75 infe-

144 398 82 75 rior,
251 398 158 75 external.
434 398 61 75 See.

186 444 99 75 With
310 444 120 75 refpedt
457 444 36 75 to
520 444 87 75 their
634 444 163 75 ftrudture,
829 444 136 75 mufcles
991 444 53 75 are
1072 444 105 75 either

140 491 107 75 fimple
270 491 39 75 or
331 491 194 75 compound.
574 491 122 75 Simple
721 491 137 75 mufcles-
879 491 54 75 are
956 491 92 75 thofe
1070 491 106 75 whofe

140 537 99 75 flefhy
252 537 109 75 fibres,
386 537 37 75 or
448 537 108 75 rather
578 537 55 75 the
658 537 96 75 fiefhy
778 537 144 75 portions
948 537 40 75 of
1006 537 85 75 their
1107 537 69 75 mo-

140 583 75 75 ving
230 583 110 75 fibres,
365 583 54 75 are
436 583 40 75 all
501 583 176 75 uniformly
693 583 156 75 difpdfed,
876 583 64 75 arid
960 583 169 75 terminate
1144 583 34 75 in

142 631 136 75 tendons
294 631 88 75 lying
398 631 102 75 either
516 631 33 75 in
567 631 18 75 a
601 631 87 75 (trait
704 631 36 75 or
752 631 131 75 oblique
900 631 76 75 line.

189 676 193 75 Compound
406 676 132 75 mufcles
563 676 54 75 are
640 676 91 75 thofe
756 676 106 75 whofe
887 676 97 75 flefhy
1005 676 95 75 fibres
1124 676 53 75 are

142 722 145 75 difpofed
303 722 165 75 obliquely
489 722 43 75 in'
532 722 125 75 feveral
680 722 172 75 particular
868 722 107 75 ranks,
1002 722 174 75 reprefent-

142 771 55 75 ing
213 771 56 75 the
285 771 84 75 fame
386 771 134 75 number
536 771 39 75 of
586 771 107 75 fimple
710 771 145 75 mufcles,
873 771 79 75 with
969 771 85 75 their
1070 771 108 75 fibres,

142 817 90 75 lying
248 817 33 75 in
297 817 141 75 oppofite
462 817 184 75 directions.
695 817 38 75 In
750 817 186 75 proportion
954 817 35 75 to
1015 817 55 75 the
1086 817 92 75 num-

143 862 58 75 ber
218 862 40 75 of
270 862 88 75 thefe
370 862 95 75 ranks
482 862 37 75 or
535 862 107 75 feries,
662 862 55 75 the
734 862 117 75 mufcle
867 862 27 75 is
910 862 113 75 faidto
1036 862 38 75 be
1091 862 88 75 more

146 910 38 75 or
198 910 60 75 lefs
271 910 236 75 compounded,

191 957 113 75 Whefi
320 957 56 75 the
392 957 181 75 compbund
590 957 117 75 mufcle
723 957 31 75 is,
767 957 93 75 made
874 957 45 75 up
932 957 35 75 of
991 957 67 75 two
1074 957 107 75 fimple

144 1003 134 75 mufcles
290 1003 90 75 only,
404 1003 89 75 thefe
510 1003 53 75 are
580 1003 34 75 fo
629 1003 145 75 difpofed
794 1003 33 75 as
852 1003 35 75 to
904 1003 159 75 reprefent
1080 1003 19 75 a
1115 1003 65 75 fea-

145 1051 86 75 ther,
257 1051 64 75 and
336 1051 57 75 the
410 1051 182 75 compound
612 1051 119 75 mufcle
754 1051 27 75 is
807 1051 89 75 from-
920 1051 114 75 thence
1058 1051 125 75 termed

139 1097 43 75 pe
184 1097 158 75 uniform.

196 1144 96 75 Some
308 1144 54 75 are
378 1144 92 75 made
486 1144 42 75 up
546 1144 39 75 of
604 1144 66 75 two
693 1144 132 75 mufcles
850 1144 90 75 more
964 1144 37 75 or
1017 1144 72 75 lefs,
1115 1144 32 75 in
1164 1144 19 75 a

142 1191 116 75 lateral
274 1191 147 75 fituation
436 1191 80 75 with
534 1191 120 75 refpect
669 1191 36 75 to
721 1191 79 75 each
816 1191 106 75 other,
949 1191 64 75 and
1027 1191 112 75 united
1151 1191 33 75 at

147 1238 61 75 one
221 1238 195 75 extremity:
443 1238 110 75 others
571 1238 52 75 are
640 1238 91 75 made
749 1238 41 75 up
807 1238 40 75 of
857 1238 92 75 three
961 1238 37 75 or
1015 1238 82 75 four'
1097 1238 86 75 muf-

146 1284 79 75 cles,
252 1284 135 75 fituated
403 1284 31 75 in
451 1284 151 75 the’fame
614 1284 130 75 manner
756 1284 10 75 ;
793 1284 61 75 and
872 1284 30 75 if
912 1284 78 75 they
1005 1284 53 75 are
1074 1284 111 75 united

148 1331 35 75 at
198 1331 72 75 that
282 1331 173 75 extremity
464 1331 108 75 which
583 1331 210 75 the,ancients
803 1331 104 75 called
916 1331 54 75 the
979 1331 84 75 head
1075 1331 44 75 of
1129 1331 55 75 the

147 1378 130 75 mufcle,
304 1378 76 75 they
393 1378 54 75 are
463 1378 103 75 called
584 1378 158 75 hicipites,
767 1378 174 75 tricipites,
963 1378 221 75 ^cc.-accord-

148 1424 55 75 ing
220 1424 35 75 to
270 1424 56 75 the
343 1424 132 75 number
488 1424 39 75 of
546 1424 87 75 tfiefe
650 1424 119 75 heads;
795 1424 60 75 but
867 1424 31 75 if
916 1424 77 75 they
1006 1424 53 75 are
1071 1424 113 75 joined

148 1471 33 75 at
193 1471 55 75 the
265 1471 94 75 other
375 1471 187 75 extremity,
587 1471 80 75 they
683 1471 52 75 are
753 1471 124 75 termed
893 1471 154 75 bicornes,
1066 1471 116 75 tricor-

148 1518 69 75 nes,
242 1518 62 75 See.

195 1565 78 75 The
289 1565 133 75 mufcles
436 1565 52 75 are
500 1565 88 75 fixed
604 1565 44 75 by
660 1565 84 75 their
761 1565 200 75 extremities
982 1565 35 75 to
1033 1565 154 75 different

150 1612 100 75 parts,
278 1612 62 75 and
355 1612 32 75 in
405 1612 149 75 different
572 1612 105 75 places
695 1612 39 75 of
753 1612 57 75 the
824 1612 119 75 human
959 1612 101 75 body.
1108 1612 78 75 The

132 1658 3 75 ,
149 1658 136 75 greateft
298 1658 72 75 jfart
384 1658 40 75 of
443 1658 89 75 them
544 1658 54 75 are
613 1658 140 75 inferted
767 1658 31 75 in
816 1658 99 75 bones
933 1658 105 75 alone.
1088 1658 98 75 Some

151 1704 54 75 are
222 1704 87 75 fixed
331 1704 107 75 partly
462 1704 34 75 to
519 1704 112 75 bones,
656 1704 62 75 and
743 1704 108 75 partly
873 1704 45 75 to>
935 1704 191 75 cartilages;
1153 1704 33 75 as

150 1751 92 75 thofe
268 1751 39 75 of
326 1751 56 75 the
406 1751 54 75 ear
485 1751 63 75 and
571 1751 94 75 nofe:
691 1751 86 75 fome
802 1751 107 75 partly
930 1751 36 75 to
987 1751 112 75 bones,
1124 1751 63 75 and

151 1796 109 75 partly
274 1796 36 75 to
322 1796 55 75 the
390 1796 213 75 integuments
615 1796 11 75 ;
654 1796 33 75 as
704 1796 118 75 feveral
834 1796 133 75 mufcles
980 1796 40 75 of
1032 1796 54 75 the
1102 1796 83 75 face.

199 1844 77 75 The
292 1844 107 75 names
420 1844 95 75 taken
541 1844 83 75 from
650 1844 55 75 the
722 1844 203 75 conne&ions
941 1844 63 75 and
1019 1844 167 75 infertions

152 1892 41 75 o^
211 1892 133 75 mufclcs
370 1892 54 75 are
448 1892 162 75 generally
636 1892 39 75 of
699 1892 68 75 two
793 1892 117 75 kinds;
943 1892 60 75 one
1027 1892 158 75 common,

150 1938 66 75 and
233 1938 143 75 referred
392 1938 36 75 to
443 1938 85 75 fome
544 1938 215 75 confiderable
784 1938 71 75 part
879 1938 40 75 of
938 1938 55 75 the
1017 1938 108 75 body;
1153 1938 33 75 as

152 1985 95 75 when
270 1985 49 75 we
342 1985 66 75 fay,
433 1985 57 75 the
514 1985 133 75 mufcles
672 1985 40 75 of
731 1985 56 75 the
802 1985 97 75 head,
923 1985 40 75 of
981 1985 56 75 the
1052 1985 133 75 thorax,

154 2030 169 75 abdomen,
349 2030 65 75 6"c.
430 2030 10 75 ;
467 2030 56 75 the
547 2030 95 75 other
667 2030 127 75 proper,
818 2030 175 75 fpecifying
1009 2030 89 75 more
1114 2030 72 75 par-

154 2077 150 75 ticularly
321 2077 55 75 the
387 2077 166 75 infertions
570 2077 40 75 of
622 2077 77 75 each
712 2077 130 75 mufcle,
868 2077 33 75 as
918 2077 55 75 the
985 2077 201 75 maftoideus,

155 2119 321 75 fternormaftoideue,
503 2119 63 75 &c.

203 2171 77 75 The
297 2171 128 75 general
442 2171 52 75 ufe
506 2171 40 75 of
557 2171 56 75 the
626 2171 133 75 mufcles
775 2171 26 75 is
818 2171 36 75 to
866 2171 92 75 move
976 2171 42 75 all
1035 2171 55 75 the
1102 2171 87 75 parts

157 2219 41 75 of
209 2219 56 75 the
281 2219 100 75 body,
406 2219 148 75 whether
569 2219 94 75 hard,
688 2219 76 75 foft,
790 2219 37 75 or
843 2219 90 75 fluid.
983 2219 89 75 Mod
1084 2219 43 75 of
1135 2219 55 75 the

156 2264 83 75 hjrd
255 2264 64 75 and
330 2264 62 75 foft
409 2264 88 75 parts
514 2264 53 75 are
583 2264 118 75 mdved
716 2264 43 75 by
776 2264 87 75 thefe
879 2264 124 75 powers
1019 2264 94 75 being
1128 2264 62 75 fix-

157 2310 43 75 ed
210 2310 34 75 to
257 2310 101 75 them,
384 2310 62 75 and
462 2310 77 75 they
555 2310 92 75 move
660 2310 55 75 the
736 2310 59 75 reft
811 2310 138 75 without
969 2310 61 75 any
1049 2310 76 75 fuch
1142 2310 48 75 in-

156 2356 133 75 fertion.

184 2403 8 75 '
203 2403 78 75 The
299 2403 101 75 aCtion
416 2403 40 75 of
475 2403 56 75 the
555 2403 133 75 mufcles
713 2403 40 75 in,
769 2403 141 75 general,
937 2403 123 75 confifts
1077 2403 115 75 chiefly

159 2452 34 75 in
209 2452 57 75 the
282 2452 195 75 contraction
494 2452 37 75 or
554 2452 181 75 fhortening
757 2452 39 75 of
817 2452 84 75 their
923 2452 96 75 flelhy
1040 2452 149 75 portion;

157 2500 49 75 .by
222 2500 105 75 which
345 2500 55 75 the
415 2500 197 75 extremities
630 2500 39 75 of
680 2500 55 75 the
749 2500 119 75 .mufcle
885 2500 53 75 are
950 2500 141 75 brought
1101 2500 90 75 near-

161 2542 35 75 er
213 2542 45 75 to,
264 2542 78 75 each
358 2542 107 75 other,
489 2542 64 75 and
567 2542 228 75 confequently
819 2542 55 75 the
898 2542 88 75 parts
1008 2542 52 75 are
1077 2542 116 75 moved

161 2593 37 75 to
213 2593 106 75 which
335 2593 87 75 tKefe
434 2593 198 75 extremities
649 2593 53 75 are
715 2593 99 75 fixed.

215 2637 76 75 The
324 2637 154 75 principal
510 2637 206 75 phenomena
743 2637 39 75 of
814 2637 156 75 mufcular
1001 2637 105 75 aCtion
1140 2637 52 75 are

163 2685 88 75 thefe
297 2685 80 75 The
390 2685 96 75 fiefiry
502 2685 126 75 portion
646 2685 130 75 appears
788 2685 116 75 harder
916 2685 62 75 and
990 2685 89 75 more
1090 2685 102 75 fwell-

162 2731 43 75 ed
220 2731 33 75 in
268 2731 55 75 the
340 2731 78 75 time
434 2731 39 75 of
494 2731 100 75 action
611 2731 79 75 than
705 2731 40 75 of
763 2731 149 75 inaction,
938 2731 33 75 as
987 2731 74 75 may
1073 2731 39 75 be
1124 2731 68 75 rea-

164 2778 66 75 dily
248 2778 168 75 perceived
431 2778 44 75 by
491 2778 152 75 touching
666 2778 26 75 it
714 2778 32 75 in
762 2778 81 75 both
864 2778 114 75 ftates:
1004 2778 78 75 The
1096 2778 97 75 hard-

166 2823 67 75 nefs
250 2823 40 75 of
308 2823 64 75 this
388 2823 141 75 (welling
550 2823 155 75 iucreafes
729 2823 32 75 in
783 2823 188 75 proportion
997 2823 34 75 as
1053 2823 55 75 the
1124 2823 69 75 mo-

165 2870 68 75 tion
258 2870 26 75 is
308 2870 184 75 continued,
517 2870 33 75 as
571 2870 27 75 is
615 2870 139 75 likewife
776 2870 127 75 evident
927 2870 50 75 by
994 2870 56 75 the
1072 2870 120 75 touch;

164 2915 66 75 and
245 2915 26 75 it
287 2915 137 75 likewife
441 2915 153 75 increafes
610 2915 43 75 by
670 2915 121 75 merely
811 2915 117 75 adding
953 2915 35 75 to
1004 2915 56 75 the
1075 2915 121 75 weight

166 2962 39 75 or
216 2962 165 75 refiftance
393 2962 40 75 of
453 2962 55 75 the
524 2962 71 75 part
611 2962 128 75 moved,
764 2962 123 75 though
900 2962 41 75 its
953 2962 150 75 (Ituation
1118 2962 77 75 docs

163 3009 61 75 jiot
240 3009 148 75 continue
405 3009 35 75 to
452 3009 39 75 be
508 3009 155 75 changed.

1323 139 40 75 O
1481 139 49 75 M
1645 139 54 75 Y.

1243 259 152 75 Sect.
1425 259 51 75 II.
1534 259 81 75 The
1635 259 221 75 Muscles
1878 259 47 75 of
1945 259 68 75 the
2032 259 201 75 Abdomen.

1271 355 56 75 By
1347 355 56 75 the
1419 355 135 75 mufcles
1579 355 40 75 of
1637 355 55 75 the
1717 355 170 75 abdomen,
1913 355 37 75 or
1975 355 99 75 lower
2089 355 100 75 belly,
2213 355 50 75 we

1223 401 93 75 mean
1331 401 90 75 thofe
1438 401 106 75 which
1568 401 84 75 form
1669 401 188 75 principally
1867 401 5 75 ,
1880 401 56 75 the
1960 401 77 75 fides
2063 401 38 75 or
2126 401 135 75 circum-

1228 449 126 75 ference
1367 449 39 75 of
1425 449 70 75 that
1508 449 119 75 cavity.
1675 449 102 75 They
1792 449 53 75 are
1863 449 182 75 commonly
2060 449 53 75 ten
2126 449 32 75 in
2171 449 91 75 num-

1230 496 69 75 ber,
1325 496 61 75 five
1399 496 41 75 on
1453 496 78 75 each
1548 496 63 75 fide
1622 496 14 75 £
1659 496 89 75 eight
1767 496 147 75 whereof
1934 496 52 75 are
1998 496 78 75 very
2091 496 100 75 large,
2209 496 57 75 the

1228 542 93 75 other
1340 542 67 75 two
1419 542 78 75 very
1509 542 104 75 fmall.

1377 645 329 75 OBLIQJJUS
1755 645 260 75 EXTERN
2027 645 87 75 US.

1274 729 76 75 The
1367 729 151 75 obliquus
1533 729 154 75 externus
1706 729 27 75 is
1750 729 19 75 a
1792 729 103 75 broad
1918 729 71 75 thin
2013 729 130 75 mufcle,
2169 729 96 75 flefiiy

1228 775 41 75 on
1286 775 41 75 its
1346 775 98 75 upper
1461 775 62 75 and
1539 775 184 75 back-part,
1749 775 63 75 and
1835 775 169 75 tendinous
2029 775 42 75 on
2095 775 56 75 the
2176 775 87 75 ante-

1230 822 64 75 rior
1310 822 62 75 and
1389 822 134 75 greateft
1539 822 127 75 portion
1684 822 40 75 of
1743 822 55 75 the
1823 822 99 75 lower
1945 822 84 75 part.
2078 822 32 75 It
2135 822 129 75 reaches

1229 868 85 75 from
1331 868 72 75 half
1423 868 55 75 the
1496 868 112 75 lateral
1626 868 62 75 and
1704 868 133 75 inferior
1854 868 70 75 part
1946 868 39 75 of
1997 868 56 75 the
2068 868 133 75 thorax,
2229 868 37 75 to

1230 915 110 75 aimoft
1356 915 75 75 half
1442 915 55 75 the
1514 915 112 75 lateral
1639 915 62 75 and
1711 915 141 75 fuperior
1865 915 70 75 part
1946 915 40 75 of
1997 915 55 75 the
2064 915 119 75 pelvis;
2203 915 62 75 and

1230 962 85 75 from
1328 962 54 75 the
1399 962 169 75 back-part
1584 962 34 75 of
1635 962 56 75 the
1703 962 89 75 regio
1804 962 152 75 lumbaris
1970 962 35 75 to
2018 962 55 75 the
2085 962 83 75 linea
2180 962 84 75 alba.

1278 1008 33 75 It
1335 1008 26 75 is
1387 1008 100 75 fixed,
1514 1008 43 75 by
1580 1008 43 75 its
1648 1008 100 75 upper
1772 1008 82 75 part,
1880 1008 36 75 to
1941 1008 54 75 the
2024 1008 86 75 ribs;
2141 1008 45 75 by
2210 1008 56 75 the

1231 1055 112 75 lower,
1369 1055 36 75 to
1416 1055 60 75 the
1483 1055 47 75 .os
1546 1055 103 75 ilium,
1675 1055 207 75 ligamentum
1899 1055 150 75 Fallopii,
2075 1055 62 75 and
2154 1055 35 75 o§
2207 1055 58 75 pu-

1232 1102 47 75 bis
1291 1102 10 75 ;
1329 1102 73 75 and,
1429 1102 43 75 by
1484 1102 56 75 the
1559 1102 181 75 fore-part,'
1756 1102 35 75 to
1814 1102 56 75 the
1888 1102 82 75 linea
1988 1102 83 75 alba.
2119 1102 77 75 The
2208 1102 57 75 po-

1233 1148 110 75 fterior
1359 1148 129 75 portion
1510 1148 79 75 next
1614 1148 55 75 the
1692 1148 154 75 vertebrae
1864 1148 40 75 of
1924 1148 54 75 the
2000 1148 81 75 loins
2103 1148 58 75 has
2178 1148 87 75 com-

1233 1196 110 75 monly
1359 1196 41 75 no
1416 1196 72 75 true
1504 1196 157 75 mufcular
1676 1196 182 75 inlertions.

1386 1297 327 75 OBLIQJJUS
1763 1297 346 75 INTERNUS.

1281 1386 86 75 The
1386 1386 136 75 internal
1540 1386 131 75 oblique
1687 1386 27 75 is
1740 1386 18 75 a
1780 1386 103 75 broad
1905 1386 71 75 thin
1999 1386 117 75 mufcle
2133 1386 63 75 like
2211 1386 56 75 the

1236 1432 130 75 former,
1391 1432 118 75 having
1533 1432 110 75 neatly
1668 1432 55 75 the
1748 1432 83 75 fame
1858 1432 111 75 extent
1993 1432 60 75 and
2078 1432 186 75 infertions;

1236 1479 125 75 that.is,
1386 1479 30 75 in
1434 1479 55 75 the
1513 1479 101 75 lower
1637 1479 64 75 ribs
1727 1479 100 75 above
1838 1479 11 75 ;
1875 1479 31 75 in
1925 1479 54 75 the
1997 1479 91 75 crifta
2104 1479 41 75 of
2156 1479 55 75 the
2227 1479 37 75 os

1236 1526 88 75 ilium
1346 1526 63 75 and
1425 1526 205 75 ligamentum
1649 1526 149 75 Fallopii,
1823 1526 126 75 below;
1975 1526 61 75 and
2064 1526 31 75 in
2113 1526 55 75 the
2185 1526 85 75 linea

1237 1573 84 75 alba,
1338 1573 132 75 before:
1513 1573 56 75 but
1587 1573 26 75 it
1629 1573 110 75 differs
1756 1573 84 75 from
1857 1573 27 75 it
1900 1573 32 75 in
1946 1573 76 75 this,
2041 1573 71 75 that
2128 1573 41 75 its
2186 1573 80 75 low-

1237 1621 34 75 er
1288 1621 71 75 part
1378 1621 26 75 is
1423 1621 87 75 more
1525 1621 98 75 flefny
1639 1621 77 75 than
1732 1621 56 75 the
1804 1621 113 75 upper.

1284 1667 73 75 One
1373 1667 128 75 portion
1517 1667 39 75 of
1574 1667 43 75 its
1642 1667 100 75 lov/er
1757 1667 187 75 extremity,
1968 1667 106 75 which
2090 1667 27 75 is
2133 1667 137 75 entirely

1237 1713 108 75 flefhy,
1370 1713 26 75 is
1421 1713 101 75 fixed,
1547 1713 45 75 by
1613 1713 77 75 very
1715 1713 86 75 (hort
1824 1713 168 75 tendinous
2018 1713 107 75 fibres,
2154 1713 32 75 in
2214 1713 55 75 the

1238 1760 118 75 middle
1373 1760 89 75 fpace
1479 1760 145 75 between
1640 1760 56 75 the
1713 1760 46 75 tw'
1759 1760 20 75 o
1795 1760 84 75 labia
1896 1760 39 75 of
1954 1760 55 75 the
2025 1760 92 75 crifta
2132 1760 68 75 oftis
2216 1760 52 75 ili-

1237 1807 66 75 um,
1329 1807 85 75 from
1431 1807 56 75 the
1504 1807 170 75 back-parr
1692 1807 39 75 of
1749 1807 55 75 the
1821 1807 174 75 tubefofity
2018 1807 30 75 o!
2077 1807 69 75 that
2163 1807 104 75 crifta,

1238 1853 74 75 near
1328 1853 55 75 the
1401 1853 173 75 fymphyfis
1591 1853 41 75 of
1650 1853 54 75 the
1721 1853 36 75 os
1774 1853 134 75 facrum,
1935 1853 109 75 aimoft
2062 1853 42 75 all
2121 1853 56 75 the
2198 1853 71 75 way

1238 1899 35 75 to
1302 1899 55 75 the
1382 1899 143 75 fuperior
1548 1899 64 75 and
1636 1899 140 75 anterior
1797 1899 88 75 fpine
1907 1899 41 75 of
1966 1899 55 75 the
2045 1899 36 75 os
2097 1899 111 75 ilium;
2234 1899 34 75 fo

1235 1944 71 75 that
1321 1944 42 75 its
1381 1944 151 75 infertion
1553 1944 131 75 reaches
1707 1944 126 75 farther
1855 1944 81 75 back
1961 1944 76 75 than
2061 1944 72 75 that
2155 1944 40 75 of
2213 1944 55 75 the

1234 1990 146 75 external
1397 1990 143 75 oblique.

1282 2037 77 75 The
1370 2037 97 75 fleftiy
1478 2037 95 75 fibres
1585 2037 75 75 thus
1672 2037 101 75 fixed,
1791 2037 59 75 run
1862 2037 42 75 up
1917 2037 63 75 firft
1994 2037 17 75 a
2026 2037 84 75 little
2122 2037 146 75 oblique-

1236 2084 35 75 ly
1287 2084 85 75 from
1383 2084 120 75 behind
1519 2084 153 75 forward,
1697 2084 62 75 and
1770 2084 77 75 then
1864 2084 64 75 this
1944 2084 158 75 obliquity
2114 2084 154 75 increafes

1237 2130 263 75 proporticnably
1516 2130 33 75 as
1566 2130 56 75 the
1637 2130 95 75 fibres
1748 2130 41 75 lie
1801 2130 90 75 more
1908 2130 187 75 anterioily,
2119 2130 62 75 and
2192 2130 79 75 they

1239 2177 87 75 crofs
1337 2177 90 75 thofe
1443 2177 40 75 of
1501 2177 56 75 the
1574 2177 95 75 fleftiy
1682 2177 127 75 portion
1825 2177 41 75 of
1884 2177 55 75 the
1955 2177 146 75 external
2124 2177 162 75 oblique,'

1239 2224 96 75 being
1351 2224 187 75 afterwards
1549 2224 139 75 inferted
1703 2224 176 75 exterioiiy
1895 2224 30 75 in
1945 2224 53 75 the
2009 2224 99 75 lower
2124 2224 94 75 edges
2235 2224 41 75 of

1239 2271 56 75 the
1312 2271 168 75 cartilages
1496 2271 41 75 of
1555 2271 44 75 all
1616 2271 55 75 the
1688 2271 76 75 falfe
1782 2271 76 75 ribs,
1884 2271 62 75 and
1969 2271 90 75 thofe
2075 2271 39 75 of
2130 2271 57 75 the
2204 2271 65 75 two

1236 2318 113 75 loweft
1368 2318 72 75 true
1461 2318 81 75 ribs;
1565 2318 150 75 reaching
1732 2318 34 75 to
1784 2318 54 75 die
1854 2318 174 75 extremity
2044 2318 40 75 of
2103 2318 55 75 the
2174 2318 95 75 ca/ti-

1238 2364 75 75 lago
1328 2364 188 75 enfiformis.

1288 2411 84 75 This
1389 2411 117 75 mufcle
1522 2411 27 75 is
1561 2411 139 75 likewife
1717 2411 104 75 called
1837 2411 146 75 obliquus,
1996 2411 187 75 defeendens'
2183 2411 10 75 ,
2217 2411 53 75 for

1242 2458 55 75 the
1313 2458 84 75 fame
1413 2458 109 75 reafon
1538 2458 70 75 that
1625 2458 56 75 the
1696 2458 119 75 former
1830 2458 27 75 is
1875 2458 123 75 termed
2014 2458 178 75 ufeendens,
2219 2458 50 75 ob-

1242 2504 107 75 liquus
1367 2504 151 75 inferior,
1545 2504 62 75 and
1623 2504 144 75 obliquus
1785 2504 117 75 minor,
1928 2504 130 75 becaufe
2074 2504 26 75 it
2119 2504 76 75 does
2214 2504 56 75 not

1243 2550 92 75 reach
1352 2550 34 75 fo
1402 2550 91 75 high,
1514 2550 68 75 and
1597 2550 28 75 is
1648 2550 57 75 not
1729 2550 90 75 quite
1842 2550 35 75 fo
1898 2550 89 75 large
2002 2550 34 75 as
2054 2550 54 75 the
2124 2550 147 75 external

1241 2597 142 75 oblique.

1462 2698 317 75 MUSCULI
1827 2698 225 75 RECTI.

1290 2780 85 75 The
1395 2780 74 75 redli
1488 2780 53 75 are
1556 2780 78 75 long
1650 2780 127 75 narrow
1798 2780 147 75 mufcles,
1967 2780 128 75 thicker
2116 2780 76 75 than
2217 2780 55 75 the

1245 2826 134 75 obliqui.
1428 2826 101 75 They
1543 2826 55 75 lie'
1598 2826 79 75 near
1693 2826 78 75 each
1784 2826 92 75 other
1893 2826 63 75 like
1975 2826 64 75 fwo
2055 2826 87 75 large
2159 2826 112 75 bands,

1244 2872 84 75 from
1349 2872 57 75 the
1422 2872 99 75 lower
1540 2872 72 75 part
1628 2872 113 75 of'the
1758 2872 132 75 thorax,
1916 2872 34 75 to
1966 2872 54 75 the
2036 2872 36 75 os
2089 2872 103 75 pubis,
2219 2872 54 75 the

1244 2916 82 75 linea
1344 2916 73 75 alba
1432 2916 127 75 coming
1575 2916 143 75 between
1741 2916 99 75 them.
1889 2916 105 75 Their
2021 2916 252 75 broadd^dimi-

1245 2966 112 75 niihes,
1375 2966 62 75 and
1452 2966 85 75 their
1552 2966 158 75 thicknefs
1726 2966 155 75 increafes
1896 2966 166 75 gradually
2078 2966 84 75 from
2174 2966 99 75 above

1244 3012 196 75 downwaxd.

1996 3012 6 75 .
2031 3012 4 75 .
2053 3012 15 75 »
2102 3012 7 75 .
2194 3051 77 75 The
