2428 3377
129 160 101 75 Part
259 160 32 75 I.

697 160 473 75 ANA'

128 223 151 75 allowing
295 223 210 75 confiderable
522 223 121 75 motion
657 223 37 75 to
710 223 63 75 this
786 223 56 75 laft
858 223 93 75 bone,
976 223 66 75 was
1058 223 25 75 it
1100 223 58 75 not

126 268 96 75 much
241 268 144 75 confined
409 268 42 75 by
475 268 180 75 ligaments.
706 268 177 75 Laterally,
909 268 54 75 the
979 268 36 75 os
1032 268 122 75 facrum

125 315 27 75 is
165 315 113 75 joined
294 315 35 75 to
345 315 56 75 the
417 315 47 75 ofl'
464 315 16 75 a
505 315 90 75 ilium
623 315 43 75 by
694 315 40 75 an
762 315 208 75 immoveable
998 315 156 75 fynchon-

125 360 112 75 drofis.

170 407 75 75 The
262 407 67 75 ufes
347 407 40 75 of
398 407 54 75 the
470 407 34 75 os
522 407 123 75 facrum
662 407 67 75 are,
755 407 35 75 to
819 407 88 75 ferve
937 407 33 75 as
994 407 55 75 the
1066 407 87 75 com-

125 452 74 75 mon
217 452 72 75 bafe
306 452 63 75 and
384 452 130 75 fupport
530 452 39 75 of
579 452 56 75 the
651 452 96 75 trunk
759 452 41 75 of
812 452 54 75 the
883 452 98 75 body,
1006 452 35 75 to
1053 452 102 75 guard

124 498 55 75 the
195 498 111 75 nerves
323 498 192 75 proceeding
531 498 84 75 from
638 498 55 75 the
717 498 64 75 end
807 498 40 75 of
870 498 57 75 the
946 498 98 75 Ipinal
1069 498 82 75 mar-

124 544 78 75 row,
229 544 33 75 to
279 544 118 75 defend
414 544 55 75 the
485 544 169 75 back-part
679 544 40 75 of
738 544 53 75 the
816 544 112 75 pelvis,
954 544 63 75 and
1044 544 34 75 to
1102 544 48 75 af-

122 590 73 75 ford
210 590 154 75 fufficient
380 590 101 75 origin
499 590 34 75 to
550 590 54 75 the
620 590 132 75 mufcles
764 590 106 75 which
882 590 91 75 move
987 590 54 75 the
1053 590 98 75 trunk

124 636 62 75 and
202 636 105 75 thigh.

170 682 50 75 Os
248 682 217 75 Coccygis,
505 682 38 75 or
576 682 197 75 rump-bone,
806 682 27 75 is
867 682 71 75 that
974 682 176 75 triangular

123 728 92 75 chain
233 728 39 75 of
283 728 98 75 bones
399 728 178 75 depending
589 728 83 75 from
689 728 58 75 the
761 728 35 75 os
813 728 142 75 facrum;
974 728 79 75 each
1067 728 81 75 bone

121 774 166 75 becoming
303 774 126 75 fmaller
445 774 33 75 as
496 774 77 75 they
584 774 146 75 defcend,
748 774 50 75 till
814 774 55 75 the
880 774 57 75 laft
948 774 76 75 ends
1038 774 110 75 almoft

119 820 32 75 in
168 820 19 75 a
203 820 103 75 point.
353 820 77 75 The
446 820 36 75 os
499 820 146 75 coccygis
662 820 26 75 is
705 820 124 75 convex
844 820 130 75 behind,
992 820 62 75 and
1071 820 75 75 con-

121 865 78 75 cave
232 865 109 75 before
360 865 10 75 ;
415 865 85 75 from
528 865 104 75 which
662 865 139 75 crooked
829 865 176 75 pyramidal
1032 865 112 75 figure,

117 912 104 75 which
239 912 64 75 was
321 912 139 75 thought
477 912 35 75 to
529 912 152 75 referable
697 912 19 75 a
732 912 160 75 cuckow’s
919 912 95 75 beak,
1039 912 25 75 it
1087 912 69 75 has.

117 957 57 75 got
191 957 41 75 its
249 957 103 75 name.

161 1004 84 75 This
262 1004 81 75 bone
360 1004 123 75 confifts
503 1004 40 75 of
562 1004 74 75 four
652 1004 104 75 pieces
772 1004 32 75 in
822 1004 112 75 people
962 1004 40 75 of
1021 1004 120 75 middle

115 1049 165 75 age:—In
297 1049 155 75 children,
478 1049 78 75 very
572 1049 73 75 near
670 1049 55 75 the
750 1049 104 75 whole
881 1049 40 75 of
942 1049 26 75 it
991 1049 27 75 is
1047 1049 95 75 carti-

114 1096 70 75 lage
196 1096 8 75 :
243 1096 38 75 In
304 1096 57 75 old
380 1096 148 75 fubjefts,
561 1096 43 75 all
632 1096 55 75 the
716 1096 95 75 bones
839 1096 53 75 are
920 1096 123 75 united,
1080 1096 63 75 and

113 1142 131 75 become
265 1142 186 75 frequently
477 1142 60 75 one
557 1142 172 75 continued
753 1142 80 75 bone
856 1142 76 75 with
958 1142 56 75 the
1039 1142 36 75 os
1093 1142 46 75 fa-

114 1187 102 75 crum.

158 1234 76 75 The
257 1234 123 75 higheft
407 1234 40 75 of
469 1234 55 75 the
553 1234 73 75 four
650 1234 98 75 bones
772 1234 26 75 is
827 1234 55 75 the
909 1234 126 75 largeft,
1060 1234 79 75 with

113 1279 161 75 /boulders
300 1279 161 75 extended
477 1279 124 75 farther
616 1279 35 75 to
668 1279 79 75 each
764 1279 63 75 fide
844 1279 76 75 than
938 1279 54 75 the
1016 1279 62 75 end
1105 1279 41 75 of

114 1325 54 75 the
188 1325 37 75 os
243 1325 244 75 facrum;—the
507 1325 99 75 upper
622 1325 123 75 furface
762 1325 40 75 of
813 1325 64 75 this
890 1325 81 75 bone
987 1325 26 75 is
1027 1325 17 75 a
1055 1325 84 75 little

112 1370 133 75 hollow.
342 1370 97 75 From
452 1370 55 75 the
520 1370 82 75 back
619 1370 38 75 of
665 1370 70 75 that
751 1370 134 75 bulbous
899 1370 71 75 part
982 1370 102 75 called
1096 1370 41 75 its

100 1417 185 75 Jboulders,
311 1417 18 75 a
346 1417 125 75 procefs
489 1417 89 75 often
596 1417 74 75 rifes
695 1417 42 75 up
754 1417 41 75 on
812 1417 78 75 each
919 1417 75 75 fide,
1019 1417 35 75 to
1066 1417 70 75 join

111 1462 76 75 with
204 1462 55 75 the
276 1462 180 75 bifurcated
482 1462 86 75 fpine
590 1462 41 75 of
650 1462 55 75 the
735 1462 111 75 fourth
869 1462 63 75 and
948 1462 72 75 fifth
1037 1462 98 75 bones

109 1509 40 75 of
160 1509 55 75 the
232 1509 36 75 os
285 1509 134 75 facrum,
446 1509 34 75 to
505 1509 84 75 form
605 1509 55 75 the
677 1509 86 75 bony
778 1509 113 75 bridge
906 1509 181 75 mentioned
1103 1509 31 75 in

108 1555 56 75 the
180 1555 189 75 defcription
386 1555 40 75 of
437 1555 55 75 the
509 1555 35 75 os
561 1555 134 75 facrum.
790 1555 223 75 Immediately
1028 1555 108 75 below

108 1601 55 75 the
179 1601 161 75 fhoulders
357 1601 41 75 of
409 1601 55 75 the
480 1601 35 75 os
532 1601 160 75 coccygis,
711 1601 18 75 a
746 1601 96 75 notch
856 1601 73 75 may
940 1601 39 75 be
992 1601 140 75 remark-

106 1648 41 75 ed
174 1648 31 75 in
234 1648 77 75 each
338 1648 77 75 fide,
441 1648 106 75 where
573 1648 54 75 the
644 1648 147 75 thirtieth
807 1648 67 75 pair
891 1648 40 75 of
953 1648 55 75 the
1033 1648 100 75 fpinal

106 1692 112 75 nerves
235 1692 108 75 paffes.
442 1692 74 75 The
541 1692 98 75 lower
667 1692 62 75 end
746 1692 40 75 of
803 1692 63 75 this
891 1692 81 75 bone
988 1692 27 75 is
1031 1692 100 75 form-

106 1738 39 75 ed
162 1738 69 75 into
248 1738 19 75 a
288 1738 89 75 fmall
392 1738 96 75 head,
513 1738 105 75 which
637 1738 76 75 very
728 1738 89 75 often
841 1738 27 75 is
890 1738 119 75 hollow
1025 1738 34 75 in
1076 1738 54 75 the

104 1785 132 75 middle.

152 1831 75 75 The
243 1831 91 75 three
349 1831 100 75 lower
465 1831 97 75 bones
579 1831 169 75 gradually
768 1831 130 75 become
913 1831 137 75 fmaller,
1068 1831 63 75 and

104 1877 54 75 are
175 1877 139 75 fpongy;
343 1877 56 75 but
416 1877 53 75 are
485 1877 222 75 ftrengthened
733 1877 44 75 by
804 1877 18 75 a
849 1877 107 75 ftrong
978 1877 151 75 ligament

103 1923 103 75 which
236 1923 109 75 covers
374 1923 61 75 and
462 1923 145 75 connects
633 1923 100 75 them.
829 1923 103 75 Their
962 1923 89 75 ends,
1084 1923 44 75 by

101 1969 104 75 which
223 1969 77 75 they
317 1969 53 75 are
387 1969 201 75 articulated,
613 1969 52 75 are
677 1969 124 75 formed
818 1969 31 75 in
867 1969 55 75 the
939 1969 83 75 fame
1038 1969 88 75 man-

101 2014 55 75 ner
172 2014 34 75 as
222 2014 88 75 thofe
323 2014 39 75 of
370 2014 54 75 the
441 2014 63 75 firft
520 2014 83 75 bone
620 2014 64 75 are.

146 2061 75 75 The
245 2061 99 75 lower
366 2061 63 75 end
457 2061 39 75 of
518 2061 54 75 the
597 2061 109 75 fourth
734 2061 81 75 bone
840 2061 182 75 terminates
1046 2061 33 75 in
1108 2061 18 75 a

99 2107 102 75 rough
217 2107 100 75 point,
343 2107 34 75 to
393 2107 103 75 which
515 2107 17 75 a
548 2107 151 75 cartilage
721 2107 26 75 is
771 2107 176 75 appended.

144 2153 56 75 To
217 2153 54 75 the
287 2153 79 75 fides
382 2153 41 75 of
444 2153 87 75 thefe
549 2153 95 75 bones
669 2153 40 75 of
728 2153 55 75 the
810 2153 35 75 os
873 2153 160 75 coccygis,
1066 2153 57 75 the

98 2199 155 75 coccygaei
270 2199 144 75 mufcles,
441 2199 60 75 and
520 2199 71 75 part
607 2199 40 75 of
659 2199 53 75 the
729 2199 156 75 levatores
913 2199 63 75 ani,
1001 2199 62 75 and
1088 2199 40 75 of

97 2245 55 75 the
174 2245 105 75 glutaei
297 2245 142 75 maximi,
465 2245 52 75 are
533 2245 101 75 fixed.

141 2292 77 75 The
233 2292 36 75 os
287 2292 145 75 coccygis
450 2292 103 75 ferves
569 2292 35 75 to
620 2292 112 75 fuftain
761 2292 55 75 the
844 2292 178 75 inteftinum
1050 2292 68 75 rec-

96 2337 67 75 tum
178 2337 9 75 ;
216 2337 73 75 and,
313 2337 32 75 in
362 2337 94 75 order
480 2337 34 75 to
536 2337 142 75 perform
695 2337 64 75 this
776 2337 91 75 office
884 2337 88 75 more
989 2337 129 75 effectu-

94 2384 76 75 ally,
183 2384 26 75 it
221 2384 26 75 is
264 2384 91 75 made
372 2384 34 75 to
423 2384 73 75 turn
514 2384 79 75 with
611 2384 18 75 a
645 2384 94 75 curve
755 2384 179 75 forwards;
953 2384 42 75 by
1012 2384 104 75 which

93 2429 64 75 alfo
173 2429 54 75 the
245 2429 80 75 bone
345 2429 98 75 itfelf,
474 2429 32 75 as
533 2429 72 75 well
630 2429 33 75 as
692 2429 55 75 the
774 2429 132 75 mufcles
935 2429 62 75 and
1025 2429 91 75 tegu-

92 2475 115 75 ments,
235 2475 26 75 is
286 2475 165 75 preferved
473 2475 84 75 from
579 2475 61 75 any
664 2475 119 75 injury,
809 2475 92 75 when
919 2475 48 75 we
982 2475 38 75 fit
1036 2475 79 75 with

92 2521 59 75 our
173 2521 86 75 body
275 2521 139 75 reclined
436 2521 94 75 back.

138 2567 75 75 The
222 2567 122 75 fecond
367 2567 70 75 part
463 2567 40 75 of
519 2567 55 75 the
602 2567 96 75 trunk
723 2567 40 75 of
789 2567 55 75 the
872 2567 152 75 fkeleton,
1059 2567 56 75 the

90 2612 155 75 Pelvis,
269 2612 26 75 is
312 2612 55 75 the
385 2612 183 75 cylindrical
592 2612 107 75 cavity
723 2612 32 75 at
783 2612 53 75 the
859 2612 100 75 lower
981 2612 71 75 part
1079 2612 41 75 of

90 2658 55 75 the
172 2658 169 75 abdomen,
368 2658 127 75 formed
522 2658 42 75 by
592 2658 55 75 the
675 2658 35 75 os
729 2658 133 75 facrum,
889 2658 35 75 os
953 2658 159 75 coccygis,

90 2703 61 75 and
175 2703 64 75 offa
253 2703 194 75 innominata
461 2703 9 75 ;
496 2703 105 75 which
627 2703 57 75 laft
710 2703 160 75 therefore
896 2703 59 75 fall
982 2703 72 75 now
1081 2703 33 75 in

90 2749 107 75 cotirfe
220 2749 35 75 to
270 2749 40 75 be
333 2749 181 75 examined.

136 2793 75 75 The
228 2793 97 75 Ossa
344 2793 253 75 Innominata
615 2793 53 75 are
685 2793 66 75 two
768 2793 87 75 large
883 2793 99 75 broad
998 2793 112 75 bones,

89 2840 104 75 which
210 2840 84 75 form
310 2840 54 75 the
379 2840 156 75 fore-part
553 2840 61 75 and
631 2840 85 75 fides.
726 2840 39 75 of
777 2840 53 75 the
847 2840 114 75 pelvis,
985 2840 61 75 and
1057 2840 55 75 the

88 2885 99 75 lower
214 2885 70 75 part
309 2885 39 75 of
369 2885 56 75 the
451 2885 78 75 fides
557 2885 40 75 of
613 2885 55 75 the
696 2885 255 75 abdomen.—In
969 2885 143 75 children

88 2930 75 75 each
192 2930 40 75 of
253 2930 87 75 thefe
366 2930 99 75 bones
496 2930 24 75 is
552 2930 161 75 evidently
740 2930 131 75 divided
901 2930 69 75 into
996 2930 113 75 three;

88 2980 105 75 which
208 2980 53 75 are
278 2980 184 75 afterwards
490 2980 33 75 fo
551 2980 178 75 intimately
752 2980 122 75 united,
911 2980 69 75 that
1007 2980 104 75 fcarce

1182 154 20 75 r
1316 154 39 75 O
1471 154 49 75 M
1631 154 53 75 Y.

2148 154 74 75 171

1200 218 54 75 the
1270 218 74 75 leaft
1361 218 91 75 mark
1474 218 40 75 of
1533 218 84 75 their
1641 218 121 75 former
1778 218 176 75 reparation
1973 218 133 75 remains
2119 218 9 75 :
2154 218 74 75 not-

1200 263 233 75 withftanding,
1466 263 79 75 they
1572 263 53 75 are
1651 263 165 75 deferibed
1842 263 34 75 as
1903 263 164 75 confifting
2090 263 78 75 each
2191 263 43 75 of

1203 310 89 75 three
1308 310 111 75 bones,
1445 310 35 75 to
1508 310 67 75 wit,
1601 310 55 75 the
1672 310 37 75 os
1725 310 101 75 ilium,
1851 310 143 75 ifehium,
2020 310 61 75 and
2108 310 105 75 pubis.

1248 356 51 75 Os
1317 356 134 75 Ilium,
1476 356 38 75 or
1534 356 229 75 haunch-bone,
1788 356 27 75 is
1832 356 133 75 fituated
1980 356 123 75 higheft
2119 356 41 75 of
2171 356 55 75 the

1200 401 103 75 three,
1329 401 63 75 and
1411 401 128 75 reaches
1556 401 33 75 as
1606 401 49 75 far
1671 401 95 75 down
1782 401 33 75 as
1832 401 60 75 one
1909 401 88 75 third
2013 401 40 75 of
2063 401 55 75 the
2134 401 92 75 great

1200 446 105 75 cavity
1320 446 68 75 into
1410 446 105 75 which
1533 446 54 75 the
1598 446 83 75 head
1697 446 40 75 of
1748 446 55 75 the
1819 446 191 75 thigh-bone
2022 446 25 75 is
2065 446 158 75 received.

1244 493 75 75 The
1335 493 144 75 external
1507 493 62 75 fide
1595 493 41 75 of
1654 493 63 75 this
1733 493 83 75 bone
1843 493 25 75 is
1898 493 172 75 unequally
2085 493 138 75 convex,

1199 539 62 75 and
1276 539 26 75 is
1323 539 103 75 called
1441 539 41 75 its
1506 539 250 75 dorfum;—the
1780 539 135 75 internal
1940 539 136 75 concave
2101 539 123 75 furface

1196 585 25 75 is
1239 585 43 75 by
1302 585 85 75 fome
1405 585 73 75 (but
1490 585 209 75 improperly)
1718 585 115 75 named
1847 585 95 75 cojla.
2036 585 79 75 The
2131 585 92 75 femi-

1196 632 136 75 circular
1354 632 80 75 edge
1458 632 33 75 at
1515 632 55 75 the
1594 632 123 75 higheft
1734 632 70 75 part
1820 632 40 75 of
1870 632 65 75 this
1953 632 93 75 bone,
2072 632 105 75 which
2194 632 28 75 is

1195 678 110 75 tipped
1320 678 79 75 wdth
1428 678 18 75 a
1473 678 151 75 cartilage
1645 678 32 75 in
1706 678 55 75 the
1779 678 108 75 recent
1903 678 130 75 fiubjedt,
2059 678 27 75 is
2107 678 114 75 named

1197 723 53 75 the
1256 723 109 75 fpine,
1391 723 68 75 into
1476 723 105 75 which
1597 723 54 75 the
1667 723 146 75 external
1830 723 38 75 or
1883 723 189 75 defeending
2089 723 131 75 oblique

1194 770 116 75 mulcje
1327 770 40 75 of
1378 770 55 75 the
1450 770 156 75 abdomen
1622 770 27 75 is
1666 770 156 75 inferted;
1849 770 63 75 and
1939 770 84 75 from
2049 770 26 75 it
2100 770 55 75 the
2171 770 49 75 in-

1193 815 100 75 ternal
1310 815 166 75 afeending
1497 815 131 75 oblique
1640 815 62 75 and
1713 815 55 75 the
1780 815 171 75 tranfverfe
1963 815 132 75 mufcles
2112 815 40 75 of
2163 815 56 75 the

1193 861 96 75 belly,
1315 861 78 75 with
1410 861 54 75 the
1489 861 134 75 glutreus
1640 861 169 75 maximus,
1835 861 173 75 quadratus
2022 861 195 75 lumborum,

1192 908 60 75 and
1268 908 159 75 latiffimus
1444 908 200 75 dorfi,.have
1660 908 84 75 their
1761 908 240 75 origin.—The
2017 908 76 75 ends
2110 908 40 75 of
2161 908 56 75 the

1189 954 85 75 fpine
1292 954 52 75 are
1360 954 88 75 more
1465 954 179 75 prominent
1656 954 76 75 than
1745 954 54 75 the
1810 954 122 75 furface
1944 954 39 75 of
1995 954 56 75 the
2067 954 81 75 bone
2160 954 56 75 be-

1189 1000 63 75 low
1268 1000 108 75 them;
1404 1000 161 75 therefore
1592 1000 53 75 are
1673 1000 159 75 reckoned
1855 1000 167 75 procefles.
2116 1000 101 75 From

1189 1046 54 75 the
1268 1046 138 75 anterior
1433 1046 98 75 fpinal
1558 1046 137 75 procefs,
1728 1046 55 75 the
1811 1046 150 75 fartorius
1989 1046 62 75 and
2077 1046 139 75 fafcialis

1187 1093 131 75 mufcles
1335 1093 80 75 have
1432 1093 84 75 their
1531 1093 71 75 rife,
1620 1093 62 75 and
1694 1093 55 75 the
1765 1093 92 75 outer
1874 1093 61 75 end
1951 1093 40 75 of
2002 1093 56 75 the
2073 1093 143 75 doubled

1187 1139 117 75 tendon
1322 1139 40 75 of
1372 1139 55 75 the
1443 1139 145 75 external
1605 1139 131 75 oblique
1761 1139 118 75 mufcle
1905 1139 42 75 of
1962 1139 54 75 the
2044 1139 170 75 abdomen,

1188 1185 182 75 commonly
1392 1185 103 75 called
1511 1185 157 75 Fallopius'
1668 1185 34 75 %
1723 1185 37 75 or
1789 1185 176 75 Poupart's
1993 1185 165 75 ligament,
2183 1185 28 75 is

1187 1231 86 75 fixed
1290 1231 35 75 to
1341 1231 38 75 it.
1474 1231 75 75 The
1566 1231 97 75 infide
1691 1231 40 75 of
1753 1231 55 75 the
1834 1231 153 75 pofterior
2009 1231 100 75 fpinal
2136 1231 78 75 pro-

1186 1277 77 75 cefs,
1288 1277 61 75 and
1366 1277 41 75 of
1418 1277 71 75 part
1506 1277 40 75 of
1557 1277 55 75 the
1629 1277 84 75 fpine
1729 1277 140 75 forward
1881 1277 83 75 from
1979 1277 82 75 that,
2079 1277 26 75 is
2119 1277 93 75 made

1185 1323 56 75 flat
1257 1323 62 75 and
1336 1323 101 75 rough
1454 1323 106 75 where
1577 1323 54 75 the
1648 1323 252 75 facro-lumbalis
1929 1323 62 75 and
2018 1323 193 75 lopgiffimus

1185 1369 80 75 dorfi
1281 1369 59 75 rife
1352 1369 10 75 ;
1396 1369 64 75 and
1474 1369 35 75 to
1525 1369 41 75 its
1584 1369 120 75 outfide
1720 1369 179 75 ligaments,
1924 1369 163 75 extended
2103 1369 35 75 to
2153 1369 60 75 the

1183 1415 35 75 os
1235 1415 122 75 facrum
1374 1415 62 75 and
1447 1415 174 75 tranfverfe
1637 1415 154 75 proceffes
1808 1415 40 75 of
1860 1415 55 75 the
1934 1415 74 75 fifth
2025 1415 62 75 and
2098 1415 115 75 fourth,

1182 1461 152 75 vertebras
1352 1461 40 75 of
1403 1461 55 75 the
1473 1461 94 75 loins,
1593 1461 53 75 are
1671 1461 99 75 fixed.
1866 1461 115 75 Below
1997 1461 54 75 the
2068 1461 140 75 anterior

1181 1508 96 75 fpinal
1294 1508 124 75 procefs
1448 1508 133 75 another
1607 1508 231 75 protuberance
1865 1508 104 75 Hands
1992 1508 69 75 out,
2086 1508 120 75 which,

1181 1552 42 75 by
1238 1552 41 75 its
1295 1552 158 75 lituation,
1489 1552 74 75 may
1578 1552 39 75 be
1633 1552 222 75 diftinguilhed
1882 1552 84 75 from
1993 1552 55 75 the
2072 1552 132 75 former,

1179 1598 43 75 by
1238 1598 117 75 adding
1371 1598 55 75 the
1442 1598 120 75 epithet
1590 1598 41 75 of
1652 1598 152 75 inferior,
1829 1598 106 75 where
1963 1598 56 75 the
2046 1598 165 75 mufculus.

1179 1646 100 75 redlus
1297 1646 84 75 tibke
1406 1646 56 75 has
1491 1646 41 75 its
1552 1646 311 75 origin.—Betwixt
1880 1646 86 75 thefe
1983 1646 65 75 turn
2065 1646 139 75 anterior

1176 1692 151 75 procefles
1347 1692 53 75 the
1421 1692 80 75 bone
1520 1692 27 75 is
1573 1692 162 75 hollowed
1763 1692 106 75 where
1896 1692 54 75 the
1975 1692 170 75 beginning
2168 1692 43 75 of

1177 1737 53 75 the
1246 1737 150 75 fartorius
1421 1737 116 75 mufcle
1560 1737 26 75 is
1610 1737 130 75 lodged.
1836 1737 114 75 Below
1972 1737 55 75 the
2049 1737 155 75 poftefior

1175 1783 101 75 fpinal
1289 1783 166 75 procefles,
1480 1783 19 75 a
1521 1783 117 75 fecond
1661 1783 231 75 protuberance
1915 1783 40 75 of
1976 1783 57 75 the
2060 1783 79 75 edge
2166 1783 43 75 of

1175 1829 62 75 this
1255 1829 82 75 bone
1353 1829 26 75 is
1397 1829 31 75 in
1444 1829 64 75 like
1526 1829 130 75 manner
1672 1829 194 75 obfervable,
1891 1829 107 75 wdiich
2025 1829 26 75 is
2079 1829 121 75 clofely

1174 1876 125 75 applied
1316 1876 35 75 to
1366 1876 55 75 the
1436 1876 37 75 os
1489 1876 135 75 facrum.
1720 1876 115 75 Under
1858 1876 65 75 this
1949 1876 57 75 laft
2033 1876 126 75 procels
2181 1876 20 75 a

1174 1924 211 75 confiderable
1401 1924 87 75 large
1512 1924 93 75 niche
1621 1924 26 75 is
1665 1924 182 75 obfervable
1875 1924 31 75 in
1936 1924 54 75 the
2020 1924 36 75 os
2080 1924 90 75 ilium
2185 1924 10 75 ;

1173 1968 141 75 between
1331 1968 55 75 the
1402 1968 79 75 fides
1498 1968 39 75 of
1555 1968 106 75 which
1678 1968 62 75 and
1756 1968 55 75 the
1837 1968 106 75 ftrong
1958 1968 152 75 ligament
2127 1968 72 75 that

1168 2014 29 75 is
1214 2014 158 75 ftretched
1388 2014 75 75 oyer
1479 2014 84 75 from
1580 2014 55 75 the
1653 2014 35 75 os
1700 2014 122 75 facrum
1837 2014 36 75 to
1888 2014 55 75 the
1960 2014 238 75 ftiarp-pointed

1171 2060 126 75 procefs
1314 2060 40 75 of
1365 2060 54 75 the
1437 2060 36 75 os
1488 2060 136 75 ifehium
1639 2060 40 75 of
1700 2060 56 75 the
1783 2060 108 75 recent
1918 2060 130 75 fubjeft,
2075 2060 18 75 a
2108 2060 89 75 large

1170 2106 74 75 hole
1261 2106 26 75 is
1304 2106 137 75 formed,
1466 2106 139 75 through
1623 2106 104 75 which
1745 2106 55 75 the
1816 2106 156 75 mufculus
1998 2106 195 75 pyriformis,

1170 2154 54 75 the
1245 2154 89 75 great
1351 2154 107 75 fciatic
1482 2154 107 75 nerve,
1616 2154 62 75 and
1705 2154 54 75 the
1776 2154 151 75 pofterior
1951 2154 104 75 crural
2071 2154 124 75 veflels,

1168 2198 81 75 pals,
1276 2198 62 75 and
1355 2198 52 75 are
1430 2198 163 75 prote&ed
1617 2198 85 75 from
1719 2198 214 75 comprelfion.

1214 2245 76 75 The
1307 2245 145 75 external
1468 2245 101 75 broad
1585 2245 74 75 fide,
1677 2245 37 75 or
1730 2245 127 75 dorfum
1874 2245 41 75 of
1930 2245 55 75 the
1998 2245 35 75 os
2046 2245 100 75 ilium,
2164 2245 28 75 is
2202 2245 5 75 -

1166 2290 18 75 a
1194 2290 84 75 little
1294 2290 122 75 hollow
1429 2290 138 75 towards
1580 2290 55 75 the
1647 2290 70 75 fore
1734 2290 94 75 part;
1843 2290 125 75 farther
1984 2290 81 75 back
2078 2290 26 75 it
2116 2290 26 75 is
2156 2290 34 75 as

1165 2336 92 75 much
1272 2336 118 75 raifed;
1405 2336 76 75 then
1490 2336 26 75 is
1529 2336 216 75 confiderably
1756 2336 135 75 concave
1904 2336 9 75 ;
1929 2336 73 75 and,
2012 2336 103 75 laltly,
2126 2336 25 75 it
2163 2336 27 75 is

1164 2382 135 75 convex.
1348 2382 107 75 Thele
1471 2382 200 75 inequalities
1688 2382 52 75 are
1756 2382 182 75 occafioned
1950 2382 42 75 by
2004 2382 54 75 the
2071 2382 119 75 actions

1164 2429 39 75 of
1214 2429 54 75 the
1285 2429 131 75 mufcles
1433 2429 70 75 that
1520 2429 53 75 are
1597 2429 131 75 fituated
1752 2429 42 75 on
1821 2429 64 75 this
1907 2429 285 75 furface.—From

1163 2474 117 75 behind
1293 2474 54 75 the
1364 2474 177 75 upperraoft
1557 2474 40 75 of
1603 2474 54 75 the
1670 2474 65 75 two
1752 2474 138 75 anterior
1905 2474 99 75 fpinal
2020 2474 185 75 procefles,.

1162 2520 32 75 in
1222 2520 76 75 fuch
1314 2520 98 75 bones
1440 2520 32 75 as
1491 2520 52 75 are
1560 2520 140 75 ftrongly
1715 2520 132 75 marked
1863 2520 43 75 by
1922 2520 55 75 the
1996 2520 146 75 mufcles,
2168 2520 19 75 a

1162 2566 210 75 femicircular
1389 2566 88 75 ridge
1492 2566 26 75 is
1537 2566 159 75 extended
1723 2566 35 75 to
1784 2566 55 75 the
1862 2566 123 75 hollow
2007 2566 123 75 paflage
2150 2566 42 75 of

1161 2612 54 75 the
1233 2612 106 75 fciatic
1354 2612 107 75 nerve.
1510 2612 151 75 Between
1677 2612 56 75 the
1749 2612 85 75 fpine
1851 2612 62 75 and
1929 2612 64 75 this
2010 2612 101 75 ridge,
2129 2612 57 75 the

1161 2658 131 75 glutsEUS
1311 2658 123 75 medius
1450 2658 87 75 takes
1555 2658 41 75 its
1613 2658 71 75 rife.
1743 2658 223 75 Immediately
1981 2658 84 75 from
2083 2658 100 75 above

1161 2704 54 75 the
1227 2704 107 75 loweft
1352 2704 39 75 of
1402 2704 54 75 the
1473 2704 138 75 anterior
1627 2704 96 75 fpinal
1739 2704 166 75 procefles,
1931 2704 18 75 a
1959 2704 117 75 fecond
2091 2704 94 75 ridge

1160 2750 25 75 is
1204 2750 157 75 ftretched
1376 2750 35 75 to
1428 2750 54 75 the
1499 2750 103 75 niche.
1663 2750 152 75 Between
1833 2750 63 75 this
1914 2750 60 75 and
1991 2750 54 75 the
2062 2750 121 75 former

1161 2797 101 75 ridge,
1289 2797 54 75 the
1361 2797 132 75 glutasus
1511 2797 144 75 minimus
1683 2797 57 75 has
1757 2797 48 75 its
1833 2797 130 75 origin.^
2034 2797 62 75 On
2125 2797 55 75 the

1160 2843 118 75 outlide
1294 2843 40 75 of
1351 2843 54 75 the
1421 2843 150 75 pofterior
1596 2843 99 75 fpinal
1721 2843 167 75 procefles,
1911 2843 55 75 the
1993 2843 126 75 dorfum
2144 2843 41 75 of

1160 2889 54 75 the
1234 2889 34 75 os
1286 2889 89 75 ilium
1390 2889 30 75 is
1436 2889 54 75 flat
1507 2889 61 75 and
1586 2889 114 75 rough,
1725 2889 107 75 where
1844 2889 71 75 part
1931 2889 40 75 of
1983 2889 54 75 the
2054 2889 124 75 mufcu-

1158 2935 49 75 lus
1225 2935 132 75 gluteus
1374 2935 156 75 maximns
1551 2935 62 75 and
1629 2935 185 75 pyriformis
1827 2935 258 75 rifes.——-The
2096 2935 83 75 low-

1158 2982 47 75 eft.
1217 2982 70 75 part
1303 2982 40 75 of
1357 2982 62 75 this
1436 2982 81 75 bone
1533 2982 27 75 is
1573 2982 54 75 the
1644 2982 145 75 thickeft,
1813 2982 62 75 and
1890 2982 27 75 is
1934 2982 125 75 formed
2075 2982 68 75 into
2159 2982 23 75 a.
