2493 3387
716 145 500 75 ASTRO

159 221 105 75 places
280 221 145 75 between
441 221 53 75 tbs
511 221 91 75 polar
613 221 127 75 circles.
787 221 80 75 But,
893 221 116 75 during
1024 221 55 75 the
1095 221 102 75 above

160 265 146 75 fourteen
323 265 91 75 days,
440 265 55 75 the
512 265 96 75 moon
635 265 27 75 is
692 265 45 75 24
765 265 141 75 fydereal
935 265 99 75 hours
1056 265 83 75 later
1161 265 33 75 in

160 311 116 75 fetting
290 311 11 75 ;
328 311 50 75 for
394 311 56 75 the
466 311 48 75 fix
530 311 93 75 figns,
649 311 106 75 which
773 311 59 75 rife
848 311 41 75 all
908 311 32 75 at
965 311 79 75 once
1068 311 42 75 on
1139 311 55 75 the

161 358 119 75 eaftern
304 358 63 75 fide
392 358 40 75 of
462 358 56 75 the
552 358 149 75 horizon,
742 358 52 75 ve
821 358 45 75 24
897 358 97 75 hours
1019 358 31 75 in
1078 358 117 75 fetpng

161 407 42 75 on
219 407 55 75 the
290 407 132 75 weftern
438 407 63 75 fide
517 407 42 75 of
580 407 51 75 it;
658 407 33 75 as
720 407 63 75 any
806 407 61 75 one
889 407 73 75 may
986 407 49 75 fee
1060 407 44 75 by
1127 407 66 75 ma-

161 451 77 75 king
255 451 217 75 chalk-marks
489 451 33 75 at
537 451 57 75 the
611 451 170 75 beginning
804 451 40 75 of
865 451 176 75 Capricorn
1070 451 61 75 and
1159 451 41 75 of

161 498 138 75 Cancer,
322 498 64 75 and
401 498 91 75 then,
509 498 117 75 having
641 498 145 75 elevated
802 498 55 75 the
873 498 73 75 pole
963 498 69 75 66i
1046 498 145 75 degrees,

162 544 74 75 turn
252 544 55 75 the
323 544 95 75 globe
441 544 111 75 flowly
568 544 104 75 round
686 544 44 75 its
751 544 82 75 axis,
859 544 63 75 and
939 544 128 75 obferve
1080 544 56 75 the
1151 544 44 75 fi-

161 590 64 75 fing
248 590 63 75 and
333 590 117 75 fetting
471 590 40 75 of
530 590 55 75 the
614 590 139 75 ecliptic.
802 590 48 75 As
877 590 56 75 the
960 590 172 75 beginning
1158 590 41 75 of

161 636 96 75 Aries
274 636 27 75 is
324 636 129 75 equally
478 636 118 75 diftant
622 636 86 75 from
732 636 55 75 the
811 636 170 75 beginning
1004 636 40 75 of
1067 636 127 75 Cancer

161 684 63 75 and
240 684 38 75 of
291 684 191 75 Capricorn,
511 684 25 75 it
552 684 27 75 is
596 684 31 75 in
646 684 55 75 the
728 684 120 75 middle
864 684 41 75 of
915 684 71 75 that
1002 684 73 75 half
1087 684 40 75 of
1138 684 56 75 the

161 730 55 75 the
233 730 129 75 ecliptic
378 730 104 75 which
502 730 74 75 rifes
594 730 40 75 all
652 730 33 75 at
700 730 92 75 once.
824 730 79 75 And
918 730 92 75 when
1027 730 55 75 the
1098 730 54 75 fun
1166 730 27 75 is
1221 730 5 75 •

163 775 32 75 at
210 775 56 75 the
282 775 169 75 beginning
467 775 40 75 of
518 775 112 75 Libra,
660 775 41 75 he
726 775 26 75 is
776 775 33 75 in
826 775 55 75 the
893 775 124 75 middle
1033 775 41 75 of
1084 775 56 75 the
1156 775 37 75 o-

161 821 73 75 ther
249 821 81 75 half.
377 821 196 75 Therefore,
599 821 93 75 when
716 821 55 75 the
794 821 56 75 fun
874 821 26 75 is
928 821 31 75 in
988 821 115 75 Libra,
1130 821 63 75 and

160 868 56 75 the
233 868 95 75 moon
344 868 31 75 in
393 868 190 75 Capricorn,
609 868 55 75 the
681 868 95 75 moon
794 868 25 75 is
841 868 18 75 a
886 868 132 75 quarter
1041 868 39 75 of
1095 868 19 75 a
1131 868 61 75 cir-

161 915 49 75 cle
229 915 108 75 before
354 915 55 75 the
424 915 78 75 fun;
528 915 140 75 oppofite
700 915 38 75 to
767 915 79 75 him,
878 915 63 75 and
965 915 230 75 confequently

160 962 60 75 full
237 962 31 75 in
285 962 108 75 Aries,
418 962 60 75 arid
497 962 18 75 a
531 962 132 75 quarter
679 962 40 75 of
728 962 18 75 a
760 962 96 75 circle
871 962 119 75 behind
1002 962 80 75 him,
1100 962 93 75 when

160 1008 31 75 in
207 1008 139 75 Cancer.
395 1008 66 75 But
486 1008 93 75 when
603 1008 103 75 Libra
729 1008 88 75 rifes,
842 1008 96 75 Aries
960 1008 75 75 fets,
1060 1008 63 75 and
1151 1008 42 75 all

160 1054 70 75 that
247 1054 73 75 half
334 1054 40 75 of
384 1054 57 75 the
457 1054 128 75 ecliptic
602 1054 40 75 of
661 1054 106 75 which
796 1054 95 75 Aries
917 1054 28 75 is
969 1054 55 75 the
1051 1054 118 75 middle
1184 1054 10 75 ;

160 1101 63 75 and
239 1101 176 75 therefore,
440 1101 32 75 at
489 1101 71 75 that
579 1101 76 75 time
679 1101 40 75 of
731 1101 61 75 -the
820 1101 87 75 year,
933 1101 55 75 the
1004 1101 96 75 moon
1117 1101 78 75 rifes

160 1148 33 75 at
210 1148 118 75 fun-fet
344 1148 85 75 from
446 1148 58 75 her
520 1148 64 75 firft
600 1148 35 75 to
651 1148 59 75 her
725 1148 86 75 third
830 1148 141 75 quarter.

208 1194 38 75 In
263 1194 151 75 northern
427 1194 163 75 latitudes,
617 1194 56 75 the
696 1194 162 75 autumnal
876 1194 60 75 full
961 1194 111 75 moons
1091 1194 53 75 are
1160 1194 33 75 in

161 1240 105 75 Pifces
283 1240 63 75 and
362 1240 110 75 Aries,
489 1240 62 75 and
565 1240 53 75 the
631 1240 108 75 vernal
755 1240 58 75 full
833 1240 112 75 moons
961 1240 32 75 in
1010 1240 106 75 Virgo
1132 1240 64 75 and

163 1287 120 75 Libra:
320 1287 38 75 In
386 1287 150 75 fouthern
561 1287 152 75 latitudes
742 1287 59 75 juft
825 1287 55 75 the
905 1287 132 75 reverfe,
1064 1287 132 75 becaufe

160 1334 56 75 the
232 1334 122 75 feafons
372 1334 53 75 are
441 1334 163 75 contrary.
657 1334 66 75 But
741 1334 104 75 Virgo
867 1334 64 75 and
948 1334 102 75 Libra
1076 1334 59 75 rife
1163 1334 33 75 at

161 1380 33 75 as
212 1380 88 75 fmall
321 1380 107 75 angles
446 1380 78 75 with
542 1380 55 75 the
613 1380 138 75 horizon
767 1380 31 75 in
815 1380 150 75 fouthern
979 1380 164 75 latitudes,
1161 1380 34 75 as

162 1425 105 75 Pifces
284 1425 62 75 and
363 1425 96 75 Aries
475 1425 43 75 do
535 1425 31 75 in
584 1425 56 75 the
657 1425 174 75 northern;
859 1425 62 75 and
948 1425 161 75 therefore
1138 1425 56 75 the

162 1472 251 75 harvelt-moons
431 1472 53 75 are
496 1472 64 75 juft
576 1472 34 75 as
628 1472 125 75 regular
769 1472 42 75 cm
828 1472 60 75 one
900 1472 63 75 fide
975 1472 41 75 of
1027 1472 55 75 the
1095 1472 99 75 eqiiar

163 1518 52 75 tor
236 1518 33 75 as
289 1518 41 75 on
347 1518 55 75 the
419 1518 106 75 other.

210 1565 48 75 As
281 1565 89 75 thefe
387 1565 93 75 figns,
505 1565 105 75 which
627 1565 60 75 rife
714 1565 79 75 with
821 1565 58 75 the
898 1565 82 75 leaf!
1002 1565 122 75 angles,
1148 1565 37 75 fe'
1185 1565 11 75 t

162 1611 78 75 with
264 1611 55 75 the
334 1611 149 75 greateft,
508 1611 55 75 the
579 1611 109 75 vernal
705 1611 60 75 full
781 1611 113 75 moons
918 1611 96 75 differ
1041 1611 34 75 as
1100 1611 95 75 much

162 1657 31 75 in
214 1657 86 75 their
314 1657 92 75 times
424 1657 40 75 of
475 1657 93 75 rifing
584 1657 96 75 every
696 1657 115 75 night,,
826 1657 34 75 as
877 1657 55 75 the
956 1657 162 75 autumnal
1136 1657 60 75 full

160 1705 112 75 moons
295 1705 98 75 differ
414 1705 34 75 in
475 1705 84 75 their
575 1705 93 75 times
696 1705 40 75 of
758 1705 140 75 fetting;
924 1705 61 75 and
1003 1705 46 75 fet
1065 1705 130 75 withas

161 1751 85 75 little
261 1751 174 75 difference
451 1751 34 75 as
501 1751 56 75 the
574 1751 162 75 autumnal
752 1751 60 75 full
829 1751 119 75 moons-
960 1751 78 75 rife;
1065 1751 57 75 the
1137 1751 60 75 one

162 1796 95 75 being
275 1796 33 75 in
325 1796 43 75 all
385 1796 84 75 cafes
486 1796 55 75 the
559 1796 123 75 reverfe
698 1796 41 75 of
749 1796 55 75 the
824 1796 107 75 other.

211 1842 167 75 Hitherto,
404 1842 56 75 for
477 1842 56 75 the
550 1842 71 75 fake
638 1842 41 75 of
689 1842 167 75 plainnefs,
882 1842 48 75 we
946 1842 87 75 have,
1043 1842 154 75 fuppofed

161 1890 56 75 the
235 1890 95 75 moon
347 1890 35 75 to
397 1890 93 75 move
505 1890 33 75 in
564 1890 57 75 the
647 1890 140 75 ecliptic,
813 1890 85 75 from
923 1890 105 75 which
1055 1890 55 75 the
1137 1890 57 75 fun

162 1936 95 75 never
273 1936 152 75 deviates.
475 1936 67 75 But
559 1936 55 75 the
634 1936 85 75 orbit
736 1936 32 75 in
785 1936 105 75 which
907 1936 57 75 the
980 1936 97 75 moon
1094 1936 100 75 really

161 1983 109 75 moves
285 1983 27 75 is
329 1983 151 75 different
496 1983 85 75 from
597 1983 56 75 the
673 1983 150 75 ecliptic;
848 1983 60 75 one
923 1983 75 75 half
1015 1983 95 75 being
1129 1983 63 75 ele-

161 2029 95 75 vated
335 2029 130 75 degrees
489 2029 99 75 above
605 2029 38 75 it,
669 2029 63 75 and
754 2029 56 75 the
835 2029 94 75 other
953 2029 79 75 half,
1048 2029 33 75 as
1099 2029 96 75 much

163 2074 161 75 depreffed
339 2074 104 75 below
458 2074 38 75 it.
545 2074 77 75 The
646 2074 124 75 moon’s
798 2074 85 75 orbit
911 2074 161 75 therefore
1095 2074 99 75 inter-

164 2119 75 75 feffs
256 2119 57 75 the
328 2119 127 75 ecliptic
471 2119 31 75 in
519 2119 66 75 two
612 2119 105 75 points
742 2119 232 75 diametrically
991 2119 141 75 oppofite
1156 2119 40 75 to

164 2166 77 75 each
258 2166 94 75 other
365 2166 11 75 ;
403 2166 62 75 and
482 2166 87 75 thefe
585 2166 215 75 interfections
817 2166 53 75 are
886 2166 103 75 called
1004 2166 56 75 the
1077 2166 104 75 moon'
1181 2166 16 75 s

163 2212 107 75 nodes.
270 2194 12 49 1
321 2212 46 75 So
394 2212 55 75 the
476 2212 95 75 moon
600 2212 58 75 can
685 2212 97 75 never
803 2212 39 75 be
867 2212 31 75 in
922 2212 56 75 the
995 2212 126 75 ecliptic
1136 2212 61 75 but

164 2259 92 75 when
282 2259 50 75 fhe
356 2259 29 75 is
410 2259 33 75 in
465 2259 103 75 either
596 2259 41 75 of
653 2259 59 75 her
739 2259 111 75 nodes,
876 2259 106 75 which
1009 2259 27 75 is
1063 2259 31 75 at
1119 2259 76 75 leaft

162 2305 95 75 twice
280 2305 31 75 in
329 2305 94 75 every
441 2305 109 75 courfe
566 2305 90 75 from-
671 2305 121 75 change
809 2305 35 75 to
860 2305 135 75 change,
1005 2305 70 75 ,and
1092 2305 101 75 fome-

162 2351 94 75 times
274 2351 116 75 thrice.
439 2351 78 75 For,
542 2351 35 75 as
604 2351 54 75 the
686 2351 96 75 moon
810 2351 76 75 goes
910 2351 111 75 almoft
1046 2351 19 75 a
1089 2351 106 75 whole

162 2398 64 75 fign
243 2398 89 75 more
349 2398 76 75 than
442 2398 102 75 round
559 2398 59 75 her
633 2398 86 75 orbit
731 2398 85 75 from
826 2398 124 75 change
966 2398 36 75 to
1018 2398 134 75 change,
1170 2398 31 75 if

163 2444 51 75 flie
232 2444 97 75 paffes
345 2444 44 75 by
415 2444 102 75 either
533 2444 83 75 node
633 2444 97 75 about
758 2444 55 75 the
840 2444 76 75 time
933 2444 41 75 of
985 2444 134 75 change,
1143 2444 52 75 fire

163 2490 65 75 will
246 2490 69 75 pafs
331 2490 45 75 by
398 2490 55 75 the
470 2490 94 75 other
580 2490 31 75 in
628 2490 107 75 about'
749 2490 146 75 fourteen
913 2490 79 75 days
1010 2490 96 75 after,
1133 2490 63 75 and

165 2536 89 75 come
271 2536 104 75 round
392 2536 35 75 to
448 2536 56 75 the
528 2536 119 75 former
668 2536 83 75 node
777 2536 66 75 two
866 2536 79 75 days
969 2536 90 75 again
1084 2536 112 75 before

165 2583 54 75 the
236 2583 79 75 next
332 2583 134 75 change.
513 2583 91 75 That
620 2583 95 75 node,
734 2583 83 75 from
834 2583 103 75 which
955 2583 56 75 the
1028 2583 95 75 moon
1141 2583 55 75 be-

163 2628 70 75 gins
250 2628 35 75 to
303 2628 112 75 afcend
432 2628 198 75 northward,
655 2628 38 75 or
709 2628 101 75 above
834 2628 56 75 the
907 2628 138 75 ecliptic,
1070 2628 33 75 in
1120 2628 76 75 nor-

165 2674 92 75 thern
274 2674 164 75 latitudes,
463 2674 26 75 is
507 2674 105 75 called
625 2674 56 75 the
698 2674 264 75 afcending-node
973 2674 10 75 ;
1009 2674 62 75 and
1087 2674 56 75 the
1160 2674 36 75 o-

164 2721 84 75 ther,
278 2721 56 75 the
350 2721 188 75 defending
554 2721 77 75 node
645 2721 11 75 ;
682 2721 132 75 becanfe
830 2721 55 75 the
902 2721 108 75 moon,
1034 2721 95 75 when
1144 2721 53 75 fire

163 2767 98 75 pafies
277 2767 44 75 by
337 2767 39 75 it,
401 2767 150 75 defcends
572 2767 106 75 below
694 2767 55 75 the
774 2767 127 75 ecliptic
921 2767 195 75 fouthward.

209 2816 77 75 The
301 2816 125 75 moon’s
443 2816 131 75 oblique
594 2816 134 75 motion,
747 2816 78 75 with
843 2816 115 75 regard
974 2816 36 75 to
1026 2816 55 75 the
1098 2816 98 75 eclip-

1298 144 43 75 N
1421 144 40 75 O
1539 144 49 75 M
1663 144 55 75 Y.

2199 144 80 75 471

1243 212 57 75 tic,
1327 212 106 75 catifes
1446 212 91 75 .fome
1560 212 173 75 difference
1749 212 34 75 in
1799 212 56 75 the
1872 212 92 75 times
1982 212 40 75 of
2033 212 58 75 her
2108 212 93 75 rifing
2219 212 62 75 and

1243 258 116 75 fetting
1375 258 84 75 from
1476 258 88 75 what
1581 258 26 75 is
1624 258 132 75 already
1776 258 194 75 mentioned.
2021 258 66 75 For
2103 258 102 75 whilft
2229 258 53 75 lire

1242 304 26 75 is
1286 304 186 75 northward
1499 304 41 75 of
1554 304 56 75 the
1637 304 141 75 ecliptic,
1803 304 52 75 fire
1883 304 75 75 rifes
1986 304 113 75 fooner
2127 304 63 75 and
2217 304 64 75 fets

1243 352 85 75 later
1340 352 76 75 than
1432 352 32 75 if
1475 352 51 75 fire
1550 352 115 75 moved
1682 352 32 75 in
1731 352 56 75 the
1804 352 150 75 ecliptic;
1980 352 63 75 and
2072 352 94 75 when
2184 352 52 75 file
2253 352 27 75 is

1242 398 241 75 fouthward,of
1503 398 54 75 the
1573 398 140 75 ecliptic,
1732 398 52 75 fite
1796 398 74 75 rifes
1887 398 95 75 later,
2000 398 62 75 and
2074 398 62 75 fets
2154 398 125 75 fooner.

1241 445 85 75 This
1347 445 174 75 difference
1545 445 27 75 is
1601 445 153 75 variable,
1778 445 81 75 even
1886 445 31 75 in
1935 445 56 75 the
2006 445 84 75 fame
2107 445 93 75 figns,
2226 445 57 75 be-

1242 492 91 75 caufe
1349 492 56 75 the
1421 492 99 75 nodes
1536 492 74 75 fiiift
1628 492 170 75 backward
1813 492 98 75 about
1932 492 68 75 194
2015 492 131 75 degrees
2174 492 32 75 in
2223 492 66 75 th<r

1241 538 129 75 ecliptic
1387 538 96 75 every
1503 538 96 75 year;
1627 538 63 75 and
1711 538 35 75 fo
1762 538 42 75 go
1828 538 104 75 round
1947 538 26 75 it
1990 538 151 75 contrary
2165 538 35 75 to
2225 538 55 75 the

1242 583 96 75 order
1355 583 40 75 of
1408 583 81 75 figns
1507 583 32 75 in
1560 583 40 75 18
1619 583 92 75 years
1731 583 65 75 225
1815 583 93 75 days.

1288 630 111 75 When
1417 630 54 75 the
1489 630 170 75 afcending
1683 630 83 75 node
1792 630 27 75 is
1847 630 33 75 in
1908 630 110 75 Aries,
2045 630 56 75 the
2129 630 151 75 fouthern

1241 678 75 75 half
1333 678 41 75 of
1385 678 56 75 the
1457 678 124 75 moon’s
1598 678 84 75 orbit
1700 678 107 75 makes
1837 678 39 75 an
1901 678 93 75 angle
2021 678 41 75 of
2087 678 44 75 y-j-
2146 678 134 75 degrees

1241 724 60 75 lefs
1318 724 79 75 with
1413 724 56 75 the
1495 724 137 75 horizon
1655 724 78 75 than
1753 724 56 75 the
1836 724 128 75 ecliptic
1988 724 91 75 does,
2111 724 93 75 when
2232 724 50 75 A-

1242 770 60 75 ries
1328 770 76 75 rifes
1425 770 33 75 in
1483 770 154 75 northern
1664 770 172 75 latitudes:
1871 770 70 75 For
1954 770 105 75 which
2086 770 108 75 reafon
2223 770 58 75 the

1243 817 95 75 moon
1354 817 77 75 rifes
1448 817 79 75 with
1554 817 59 75 lefs
1643 817 175 75 difference
1842 817 42 75 of
1904 817 76 75 time
2009 817 103 75 whilft
2135 817 52 75 file
2204 817 26 75 is
2247 817 34 75 in

1242 864 107 75 Pifces
1370 864 63 75 and
1449 864 114 75 Aries,
1583 864 77 75 than
1677 864 92 75 there
1792 864 107 75 would
1918 864 38 75 be
1973 864 31 75 if
2017 864 51 75 fiie
2085 864 76 75 kept
2178 864 31 75 in
2225 864 56 75 the

1244 910 140 75 ecliptic.
1433 910 116 75 Butin
1578 910 22 75 9
1628 910 91 75 years
1745 910 63 75 and
1835 910 12 75 x
1858 910 38 75 12
1915 910 80 75 days
2011 910 186 75 afterward,
2223 910 57 75 the

1243 956 190 75 defcending
1457 956 83 75 node
1558 956 106 75 comes
1680 956 36 75 to
1742 956 115 75 Aries;
1885 956 63 75 and
1976 956 77 75 then
2075 956 56 75 the
2155 956 126 75 moon’s

1243 1003 85 75 orbit
1345 1003 110 75 makes
1470 1003 38 75 an
1527 1003 92 75 angle
1698 1003 131 75 degrees
1855 1003 126 75 greater
2007 1003 79 75 with
2115 1003 56 75 the
2192 1003 89 75 hori-

1245 1049 62 75 zon
1323 1049 92 75 when
1432 1049 97 75 Aries
1546 1049 88 75 riles,
1652 1049 71 75 that
1740 1049 55 75 the
1812 1049 128 75 ecliptic
1957 1049 78 75 does
2052 1049 33 75 at
2098 1049 71 75 that
2181 1049 113 75 time;;,

1242 1096 106 75 which
1366 1096 109 75 caufes
1492 1096 56 75 the
1575 1096 96 75 moon
1699 1096 36 75 to
1763 1096 59 75 rife
1847 1096 90 75 with-
1956 1096 125 75 greater
2106 1096 174 75 difference

1243 1143 40 75 of
1295 1143 77 75 time
1388 1143 31 75 in
1436 1143 106 75 Pifces
1559 1143 63 75 and
1643 1143 96 75 Aries
1764 1143 77 75 than
1864 1143 31 75 if
1914 1143 52 75 (he
1994 1143 116 75 moved
2125 1143 33 75 in
2175 1143 55 75 the
2246 1143 35 75 e-

1244 1190 118 75 cliptic.

1290 1237 56 75 To
1357 1237 40 75 be
1410 1237 18 75 a
1438 1237 84 75 little
1534 1237 90 75 more
1636 1237 172 75 particular
1821 1237 10 75 ;
1855 1237 93 75 when
1958 1237 55 75 the
2021 1237 168 75 afcending
2197 1237 100 75 node;

1243 1284 27 75 is
1287 1284 31 75 in
1336 1284 109 75 Aries,
1470 1284 56 75 the
1554 1284 92 75 angle
1662 1284 27 75 is
1706 1284 77 75 only
1802 1284 47 75 94
1867 1284 133 75 degrees
2017 1284 42 75 on
2075 1284 56 75 the
2149 1284 133 75 parallel

1245 1330 39 75 of
1296 1330 140 75 London
1453 1330 93 75 when
1570 1330 96 75 Aries
1687 1330 88 75 rifes.
1825 1330 68 75 But
1909 1330 92 75 when
2018 1330 55 75 the
2090 1330 205 75 defcending;

1244 1377 83 75 node
1344 1377 106 75 comes
1467 1377 36 75 to
1521 1377 108 75 Aries,
1655 1377 56 75 the
1724 1377 92 75 angle
1832 1377 27 75 is
1878 1377 69 75 204
1963 1377 132 75 degrees
2108 1377 10 75 ;
2145 1377 64 75 this
2227 1377 56 75 oc-

1245 1424 117 75 cafibns
1380 1424 34 75 as
1431 1424 98 75 great'
1537 1424 17 75 a
1570 1424 173 75 difference
1766 1424 40 75 of
1819 1424 56 75 the
1894 1424 123 75 moon’s
2043 1424 94 75 rifing
2163 1424 33 75 in
2225 1424 57 75 the

1243 1470 84 75 fame
1343 1470 81 75 figns
1442 1470 95 75 every
1555 1470 20 75 9
1593 1470 104 75 years,
1724 1470 34 75 as
1778 1470 92 75 there
1895 1470 109 75 would
2025 1470 40 75 be
2083 1470 41 75 on
2141 1470 67 75 two
2223 1470 57 75 pa-

1246 1516 104 75 rallels
1368 1516 36 75 to
1425 1516 66 75 iOj
1517 1516 133 75 degrees
1676 1516 86 75 from
1784 1516 61 75 one
1870 1516 147 75 another,
2043 1516 30 75 if
2085 1516 54 75 the
2156 1516 126 75 moon’s

1245 1563 109 75 Courfe
1370 1563 84 75 were
1470 1563 33 75 in
1520 1563 55 75 the
1598 1563 139 75 ecliptic.

1293 1610 48 75 As
1358 1610 91 75 there
1470 1610 27 75 is
1515 1610 18 75 a
1549 1610 158 75 complete
1724 1610 180 75 revolution
1921 1610 40 75 of
1970 1610 58 75 the
2044 1610 99 75 nodes
2160 1610 32 75 in
2214 1610 69 75 184

1245 1655 105 75 years,
1375 1655 92 75 there
1484 1655 52 75 mu
1539 1655 32 75 ft,
1579 1655 41 75 he
1637 1655 19 75 a
1673 1655 126 75 regular
1815 1655 113 75 period
1944 1655 41 75 of
1996 1655 42 75 all
2055 1655 55 75 the
2133 1655 150 75 varieties

1245 1702 105 75 which
1367 1702 57 75 can
1442 1702 124 75 happen
1582 1702 32 75 in
1640 1702 55 75 the
1713 1702 92 75 rifing
1823 1702 62 75 and
1910 1702 118 75 fetting
2049 1702 42 75 of
2112 1702 56 75 the
2184 1702 97 75 moon

1244 1748 115 75 during
1375 1748 71 75 that
1462 1748 88 75 time.
1602 1748 68 75 But
1686 1748 64 75 this
1762 1748 134 75 lifting
1912 1748 40 75 of
1974 1748 56 75 the
2057 1748 99 75 nodes
2185 1748 97 75 never

1245 1795 107 75 affeds
1369 1795 56 75 the
1449 1795 125 75 moon’s
1606 1795 93 75 rifing
1726 1795 34 75 fo
1787 1795 109 75 much,
1921 1795 78 75 even
2016 1795 32 75 in
2064 1795 59 75 her
2138 1795 145 75 quickeft

1243 1841 190 75 defcending
1448 1841 150 75 latitude,
1623 1841 34 75 as
1675 1841 56 75 not
1747 1841 35 75 to
1800 1841 94 75 allow
1910 1841 38 75 us
1965 1841 62 75 ftill
2043 1841 55 75 the
2115 1841 117 75 benefit
2244 1841 46 75 of
2290 1823 12 49 r

1243 1888 56 75 her
1317 1888 92 75 rifing
1426 1888 112 75 nearer
1554 1888 55 75 the
1626 1888 76 75 time
1720 1888 40 75 of
1771 1888 119 75 fun-fet
1907 1888 52 75 for
1978 1888 19 75 a
2014 1888 62 75 few
2092 1888 79 75 days
2189 1888 91 75 toge-

1244 1935 73 75 ther
1334 1935 98 75 about
1444 1935 56 75 the
1516 1935 61 75 full
1593 1935 32 75 in
1642 1935 136 75 harveft,
1803 1935 77 75 than
1898 1935 92 75 when
2008 1935 51 75 Ihe
2076 1935 26 75 is
2119 1935 59 75 full
2196 1935 33 75 at
2245 1935 35 75 a-

1243 1981 42 75 ny
1302 1981 94 75 other
1412 1981 77 75 time
1507 1981 40 75 of
1561 1981 61 75 the
1635 1981 90 75 year.
1775 1981 76 75 The
1876 1981 168 75 following
2069 1981 87 75 table
2180 1981 100 75 fiiews

1244 2028 32 75 in
1293 2028 86 75 what
1396 2028 91 75 years
1512 2028 56 75 the
1586 2028 252 75 harveft-moons
1855 2028 53 75 are
1925 2028 76 75 leaft
2017 2028 163 75 beneficial
2198 2028 34 75 as
2245 2028 36 75 to

1244 2074 55 75 the
1316 2074 93 75 times
1425 2074 38 75 of
1484 2074 84 75 their
1588 2074 106 75 riling,
1718 2074 63 75 and
1808 2074 32 75 in
1865 2074 86 75 what
1969 2074 92 75 years
2076 2074 93 75 moft,
2193 2074 86 75 from

1249 2122 265 75 1751.101861.
1562 2122 77 75 The
1657 2122 193 75 column-of
1872 2122 91 75 years
1992 2122 102 75 under
2111 2122 54 75 the
2183 2122 98 75 letter

1243 2168 32 75 L
1292 2168 53 75 are
1372 2168 92 75 thofe
1485 2168 33 75 in
1544 2168 105 75 which
1676 2168 54 75 the
1755 2168 251 75 harveft-rrroons
2023 2168 53 75 are
2092 2168 76 75 leaft
2183 2168 42 75 of
2235 2168 46 75 all

1243 2213 175 75 beneficial,
1444 2213 132 75 becaufe
1593 2213 77 75 they
1687 2213 57 75 fall
1761 2213 97 75 about
1875 2213 55 75 the
1954 2213 190 75 defcending
2170 2213 107 75 node;

1243 2261 61 75 and
1316 2261 91 75 thofe
1423 2261 101 75 under
1539 2261 40 75 M
1597 2261 53 75 are
1667 2261 55 75 the
1741 2261 79 75 moft
1832 2261 40 75 of
1883 2261 45 75 all
1942 2261 176 75 beneficial,
2148 2261 131 75 becaufe
2292 2261 6 75 ;

1243 2307 77 75 they
1337 2307 58 75 fall
1411 2307 99 75 about
1536 2307 56 75 the
1620 2307 167 75 afcending
1803 2307 95 75 node.
1946 2307 39 75 In
2002 2307 42 75 all
2061 2307 55 75 the
2133 2307 164 75 columns,

1242 2353 85 75 from
1350 2353 36 75 N
1413 2353 36 75 to
1475 2353 36 75 S,
1536 2353 56 75 the
1619 2353 252 75 harveft-moons
1898 2353 134 75 defeend
2054 2353 168 75 gradually
2245 2353 35 75 in

1243 2399 55 75 the
1313 2399 93 75 lunar
1421 2399 101 75 orbit,
1531 2399 4 75 ,
1546 2399 61 75 and
1629 2399 60 75 rife
1713 2399 36 75 to
1772 2399 59 75 lefs
1856 2399 128 75 heights
2001 2399 100 75 above
2117 2399 56 75 the
2189 2399 90 75 hori-

1244 2445 76 75 zon.
1369 2445 99 75 From
1487 2445 22 75 S
1525 2445 36 75 tfl
1576 2445 36 75 N
1636 2445 78 75 they
1731 2445 113 75 afcend
1859 2445 32 75 in
1908 2445 55 75 the
1979 2445 84 75 fame
2075 2445 220 75 proportion,,

1243 2492 62 75 and
1322 2492 59 75 rife
1398 2492 35 75 to
1450 2492 126 75 greater
1596 2492 128 75 heights
1742 2492 99 75 above
1862 2492 55 75 the
1934 2492 150 75 horizon.
2135 2492 38 75 In
2197 2492 80 75 both

1242 2538 56 75 the
1311 2538 143 75 columns
1466 2538 102 75 under
1580 2538 37 75 S,
1635 2538 55 75 the
1707 2538 252 75 harveft-moons
1976 2538 53 75 are
2046 2538 32 75 in
2095 2538 57 75 the
2168 2538 126 75 loweft.

1244 2584 71 75 part
1330 2584 41 75 of
1385 2584 56 75 the
1457 2584 123 75 moon’s
1592 2584 102 75 orbit,
1718 2584 75 75 that
1813 2584 40 75 is,
1879 2584 132 75 fartheft
2037 2584 93 75 fouth
2158 2584 42 75 of
2222 2584 71 75 the.

1245 2631 150 75 ecliptic;
1422 2631 63 75 and
1500 2631 162 75 therefore
1678 2631 66 75 ftay
1760 2631 130 75 ihorteft
1906 2631 41 75 of
1964 2631 44 75 all
2024 2631 100 75 above
2140 2631 55 75 the
2217 2631 60 75 ho-

1245 2677 90 75 rizon
1345 2677 10 75 ;
1382 2677 31 75 in
1427 2677 55 75 the
1499 2677 141 75 columns
1658 2677 100 75 under
1774 2677 48 75 N,
1847 2677 64 75 juft
1925 2677 57 75 the
2003 2677 134 75 reverfe.
2186 2677 90 75 And,

1244 2724 33 75 in
1292 2724 80 75 both
1389 2724 97 75 cafes,
1512 2724 84 75 their
1609 2724 108 75 rifing,
1742 2724 124 75 though
1879 2724 55 75 not
1948 2724 32 75 at
1997 2724 55 75 the
2067 2724 84 75 fame
2167 2724 108 75 times,

1245 2770 52 75 are
1314 2770 111 75 nearly
1439 2770 55 75 the
1510 2770 83 75 fame
1608 2770 78 75 whh
1704 2770 114 75 regard
1834 2770 35 75 to
1884 2770 172 75 difference
2071 2770 41 75 of
2119 2770 104 75 time,'
2240 2770 35 75 as

1242 2818 32 75 if
1284 2818 55 75 the
1354 2818 123 75 moon’s
1483 2818 95 75 .orbit
1590 2818 93 75 were
1700 2818 180 75 coincident
1895 2818 80 75 with
1992 2818 56 75 the
2064 2818 104 75 eclipti
2173 2818 17 75 c
2195 2818 7 75 .

2178 2863 97 75 Tears
