<?xml version="1.0" encoding="UTF-8"?>
<alto xmlns="http://www.loc.gov/standards/alto/v3/alto.xsd"><Description><MeasurementUnit>pixel</MeasurementUnit><sourceImageInformation><fileName>./data/pdfs/c_188936619/i_144133901/188082693.23.pdf</fileName></sourceImageInformation><OCRProcessing ID="IdOcr"><ocrProcessingStep><processingDateTime>Fri Jul 12 10:39:07 2019
</processingDateTime><processingSoftware><softwareCreator>CONTRIBUTORS</softwareCreator><softwareName>pdfalto</softwareName><softwareVersion>0.1</softwareVersion></processingSoftware></ocrProcessingStep></OCRProcessing></Description><Styles><TextStyle ID="font0" FONTFAMILY="times" FONTSIZE="10.000" FONTTYPE="serif" FONTWIDTH="proportional" FONTCOLOR="#WWWWWW" FONTSTYLE=""/></Styles><Layout><Page ID="Page806" PHYSICAL_IMG_NR="806" WIDTH="2477" HEIGHT="3395"><PrintSpace><TextLine WIDTH="81" HEIGHT="75" ID="p806_t1" HPOS="235" VPOS="195"><String ID="p806_w1" CONTENT="674" HPOS="235" VPOS="195" WIDTH="81" HEIGHT="75" STYLEREFS="font0"/></TextLine><TextLine WIDTH="516" HEIGHT="75" ID="p806_t2" HPOS="1262" VPOS="187"><String ID="p806_w2" CONTENT="T7" HPOS="1262" VPOS="187" WIDTH="60" HEIGHT="75" STYLEREFS="font0"/><SP WIDTH="114" VPOS="187" HPOS="1322"/><String ID="p806_w3" CONTENT="I" HPOS="1436" VPOS="187" WIDTH="17" HEIGHT="75" STYLEREFS="font0"/><SP WIDTH="113" VPOS="187" HPOS="1453"/><String ID="p806_w4" CONTENT="N" HPOS="1566" VPOS="187" WIDTH="45" HEIGHT="75" STYLEREFS="font0"/><SP WIDTH="114" VPOS="187" HPOS="1611"/><String ID="p806_w5" CONTENT="G." HPOS="1725" VPOS="187" WIDTH="53" HEIGHT="75" STYLEREFS="font0"/></TextLine><TextLine WIDTH="337" HEIGHT="75" ID="p806_t3" HPOS="809" VPOS="184"><String ID="p806_w6" CONTENT="B" HPOS="809" VPOS="184" WIDTH="35" HEIGHT="75" STYLEREFS="font0"/><SP WIDTH="115" VPOS="184" HPOS="844"/><String ID="p806_w7" CONTENT="R" HPOS="959" VPOS="184" WIDTH="36" HEIGHT="75" STYLEREFS="font0"/><SP WIDTH="116" VPOS="184" HPOS="995"/><String ID="p806_w8" CONTENT="E" HPOS="1111" VPOS="184" WIDTH="35" HEIGHT="75" STYLEREFS="font0"/></TextLine><TextLine WIDTH="209" HEIGHT="75" ID="p806_t4" HPOS="643" VPOS="260"><String ID="p806_w9" CONTENT="Pale" HPOS="643" VPOS="260" WIDTH="81" HEIGHT="75" STYLEREFS="font0"/><SP WIDTH="18" VPOS="260" HPOS="724"/><String ID="p806_w10" CONTENT="Balls," HPOS="742" VPOS="260" WIDTH="110" HEIGHT="75" STYLEREFS="font0"/></TextLine><TextLine WIDTH="984" HEIGHT="75" ID="p806_t5" HPOS="278" VPOS="314"><String ID="p806_w11" CONTENT="Are" HPOS="278" VPOS="314" WIDTH="81" HEIGHT="75" STYLEREFS="font0"/><SP WIDTH="31" VPOS="314" HPOS="359"/><String ID="p806_w12" CONTENT="made" HPOS="390" VPOS="314" WIDTH="93" HEIGHT="75" STYLEREFS="font0"/><SP WIDTH="27" VPOS="314" HPOS="483"/><String ID="p806_w13" CONTENT="tn" HPOS="510" VPOS="314" WIDTH="31" HEIGHT="75" STYLEREFS="font0"/><SP WIDTH="29" VPOS="314" HPOS="541"/><String ID="p806_w14" CONTENT="the" HPOS="570" VPOS="314" WIDTH="55" HEIGHT="75" STYLEREFS="font0"/><SP WIDTH="27" VPOS="314" HPOS="625"/><String ID="p806_w15" CONTENT="fame" HPOS="652" VPOS="314" WIDTH="83" HEIGHT="75" STYLEREFS="font0"/><SP WIDTH="29" VPOS="314" HPOS="735"/><String ID="p806_w16" CONTENT="manner," HPOS="764" VPOS="314" WIDTH="141" HEIGHT="75" STYLEREFS="font0"/><SP WIDTH="27" VPOS="314" HPOS="905"/><String ID="p806_w17" CONTENT="and" HPOS="932" VPOS="314" WIDTH="61" HEIGHT="75" STYLEREFS="font0"/><SP WIDTH="28" VPOS="314" HPOS="993"/><String ID="p806_w18" CONTENT="with" HPOS="1021" VPOS="314" WIDTH="79" HEIGHT="75" STYLEREFS="font0"/><SP WIDTH="26" VPOS="314" HPOS="1100"/><String ID="p806_w19" CONTENT="the" HPOS="1126" VPOS="314" WIDTH="54" HEIGHT="75" STYLEREFS="font0"/><SP WIDTH="15" VPOS="314" HPOS="1180"/><String ID="p806_w20" CONTENT="hke" HPOS="1195" VPOS="314" WIDTH="67" HEIGHT="75" STYLEREFS="font0"/></TextLine><TextLine WIDTH="1031" HEIGHT="75" ID="p806_t6" HPOS="233" VPOS="361"><String ID="p806_w21" CONTENT="quantity" HPOS="233" VPOS="361" WIDTH="147" HEIGHT="75" STYLEREFS="font0"/><SP WIDTH="27" VPOS="361" HPOS="380"/><String ID="p806_w22" CONTENT="of" HPOS="407" VPOS="361" WIDTH="40" HEIGHT="75" STYLEREFS="font0"/><SP WIDTH="18" VPOS="361" HPOS="447"/><String ID="p806_w23" CONTENT="every" HPOS="465" VPOS="361" WIDTH="97" HEIGHT="75" STYLEREFS="font0"/><SP WIDTH="27" VPOS="361" HPOS="562"/><String ID="p806_w24" CONTENT="thing," HPOS="589" VPOS="361" WIDTH="103" HEIGHT="75" STYLEREFS="font0"/><SP WIDTH="26" VPOS="361" HPOS="692"/><String ID="p806_w25" CONTENT="except" HPOS="718" VPOS="361" WIDTH="116" HEIGHT="75" STYLEREFS="font0"/><SP WIDTH="17" VPOS="361" HPOS="834"/><String ID="p806_w26" CONTENT="a" HPOS="851" VPOS="361" WIDTH="19" HEIGHT="75" STYLEREFS="font0"/><SP WIDTH="15" VPOS="361" HPOS="870"/><String ID="p806_w27" CONTENT="pound" HPOS="885" VPOS="361" WIDTH="108" HEIGHT="75" STYLEREFS="font0"/><SP WIDTH="16" VPOS="361" HPOS="993"/><String ID="p806_w28" CONTENT="or" HPOS="1009" VPOS="361" WIDTH="37" HEIGHT="75" STYLEREFS="font0"/><SP WIDTH="16" VPOS="361" HPOS="1046"/><String ID="p806_w29" CONTENT="two" HPOS="1062" VPOS="361" WIDTH="66" HEIGHT="75" STYLEREFS="font0"/><SP WIDTH="17" VPOS="361" HPOS="1128"/><String ID="p806_w30" CONTENT="of" HPOS="1145" VPOS="361" WIDTH="39" HEIGHT="75" STYLEREFS="font0"/><SP WIDTH="18" VPOS="361" HPOS="1184"/><String ID="p806_w31" CONTENT="fiiie" HPOS="1202" VPOS="361" WIDTH="62" HEIGHT="75" STYLEREFS="font0"/></TextLine><TextLine WIDTH="1030" HEIGHT="75" ID="p806_t7" HPOS="232" VPOS="407"><String ID="p806_w32" CONTENT="fugar" HPOS="232" VPOS="407" WIDTH="92" HEIGHT="75" STYLEREFS="font0"/><SP WIDTH="16" VPOS="407" HPOS="324"/><String ID="p806_w33" CONTENT="made" HPOS="340" VPOS="407" WIDTH="92" HEIGHT="75" STYLEREFS="font0"/><SP WIDTH="17" VPOS="407" HPOS="432"/><String ID="p806_w34" CONTENT="into" HPOS="449" VPOS="407" WIDTH="68" HEIGHT="75" STYLEREFS="font0"/><SP WIDTH="16" VPOS="407" HPOS="517"/><String ID="p806_w35" CONTENT="a" HPOS="533" VPOS="407" WIDTH="18" HEIGHT="75" STYLEREFS="font0"/><SP WIDTH="17" VPOS="407" HPOS="551"/><String ID="p806_w36" CONTENT="fyrup," HPOS="568" VPOS="407" WIDTH="106" HEIGHT="75" STYLEREFS="font0"/><SP WIDTH="24" VPOS="407" HPOS="674"/><String ID="p806_w37" CONTENT="inftead" HPOS="698" VPOS="407" WIDTH="119" HEIGHT="75" STYLEREFS="font0"/><SP WIDTH="21" VPOS="407" HPOS="817"/><String ID="p806_w38" CONTENT="of" HPOS="838" VPOS="407" WIDTH="39" HEIGHT="75" STYLEREFS="font0"/><SP WIDTH="20" VPOS="407" HPOS="877"/><String ID="p806_w39" CONTENT="the" HPOS="897" VPOS="407" WIDTH="53" HEIGHT="75" STYLEREFS="font0"/><SP WIDTH="17" VPOS="407" HPOS="950"/><String ID="p806_w40" CONTENT="raolofles," HPOS="967" VPOS="407" WIDTH="157" HEIGHT="75" STYLEREFS="font0"/><SP WIDTH="25" VPOS="407" HPOS="1124"/><String ID="p806_w41" CONTENT="and" HPOS="1149" VPOS="407" WIDTH="61" HEIGHT="75" STYLEREFS="font0"/><SP WIDTH="17" VPOS="407" HPOS="1210"/><String ID="p806_w42" CONTENT="o-" HPOS="1227" VPOS="407" WIDTH="35" HEIGHT="75" STYLEREFS="font0"/></TextLine><TextLine WIDTH="377" HEIGHT="75" ID="p806_t8" HPOS="233" VPOS="453"><String ID="p806_w43" CONTENT="mitting" HPOS="233" VPOS="453" WIDTH="128" HEIGHT="75" STYLEREFS="font0"/><SP WIDTH="16" VPOS="453" HPOS="361"/><String ID="p806_w44" CONTENT="the" HPOS="377" VPOS="453" WIDTH="55" HEIGHT="75" STYLEREFS="font0"/><SP WIDTH="17" VPOS="453" HPOS="432"/><String ID="p806_w45" CONTENT="faundera." HPOS="449" VPOS="453" WIDTH="161" HEIGHT="75" STYLEREFS="font0"/></TextLine><TextLine WIDTH="984" HEIGHT="75" ID="p806_t9" HPOS="279" VPOS="500"><String ID="p806_w46" CONTENT="TV." HPOS="279" VPOS="500" WIDTH="50" HEIGHT="75" STYLEREFS="font0"/><SP WIDTH="27" VPOS="500" HPOS="329"/><String ID="p806_w47" CONTENT="B." HPOS="356" VPOS="500" WIDTH="43" HEIGHT="75" STYLEREFS="font0"/><SP WIDTH="34" VPOS="500" HPOS="399"/><String ID="p806_w48" CONTENT="The" HPOS="433" VPOS="500" WIDTH="77" HEIGHT="75" STYLEREFS="font0"/><SP WIDTH="28" VPOS="500" HPOS="510"/><String ID="p806_w49" CONTENT="powders" HPOS="538" VPOS="500" WIDTH="144" HEIGHT="75" STYLEREFS="font0"/><SP WIDTH="28" VPOS="500" HPOS="682"/><String ID="p806_w50" CONTENT="are" HPOS="710" VPOS="500" WIDTH="54" HEIGHT="75" STYLEREFS="font0"/><SP WIDTH="17" VPOS="500" HPOS="764"/><String ID="p806_w51" CONTENT="to" HPOS="781" VPOS="500" WIDTH="34" HEIGHT="75" STYLEREFS="font0"/><SP WIDTH="27" VPOS="500" HPOS="815"/><String ID="p806_w52" CONTENT="be" HPOS="842" VPOS="500" WIDTH="41" HEIGHT="75" STYLEREFS="font0"/><SP WIDTH="17" VPOS="500" HPOS="883"/><String ID="p806_w53" CONTENT="pretty" HPOS="900" VPOS="500" WIDTH="108" HEIGHT="75" STYLEREFS="font0"/><SP WIDTH="21" VPOS="500" HPOS="1008"/><String ID="p806_w54" CONTENT="fine," HPOS="1029" VPOS="500" WIDTH="75" HEIGHT="75" STYLEREFS="font0"/><SP WIDTH="25" VPOS="500" HPOS="1104"/><String ID="p806_w55" CONTENT="and" HPOS="1129" VPOS="500" WIDTH="63" HEIGHT="75" STYLEREFS="font0"/><SP WIDTH="15" VPOS="500" HPOS="1192"/><String ID="p806_w56" CONTENT="the" HPOS="1207" VPOS="500" WIDTH="56" HEIGHT="75" STYLEREFS="font0"/></TextLine><TextLine WIDTH="1031" HEIGHT="75" ID="p806_t10" HPOS="231" VPOS="546"><String ID="p806_w57" CONTENT="balls" HPOS="231" VPOS="546" WIDTH="80" HEIGHT="75" STYLEREFS="font0"/><SP WIDTH="17" VPOS="546" HPOS="311"/><String ID="p806_w58" CONTENT="dried" HPOS="328" VPOS="546" WIDTH="92" HEIGHT="75" STYLEREFS="font0"/><SP WIDTH="16" VPOS="546" HPOS="420"/><String ID="p806_w59" CONTENT="very" HPOS="436" VPOS="546" WIDTH="77" HEIGHT="75" STYLEREFS="font0"/><SP WIDTH="16" VPOS="546" HPOS="513"/><String ID="p806_w60" CONTENT="gradually" HPOS="529" VPOS="546" WIDTH="167" HEIGHT="75" STYLEREFS="font0"/><SP WIDTH="12" VPOS="546" HPOS="696"/><String ID="p806_w61" CONTENT="without" HPOS="708" VPOS="546" WIDTH="138" HEIGHT="75" STYLEREFS="font0"/><SP WIDTH="15" VPOS="546" HPOS="846"/><String ID="p806_w62" CONTENT="heat" HPOS="861" VPOS="546" WIDTH="75" HEIGHT="75" STYLEREFS="font0"/><SP WIDTH="15" VPOS="546" HPOS="936"/><String ID="p806_w63" CONTENT="for" HPOS="951" VPOS="546" WIDTH="52" HEIGHT="75" STYLEREFS="font0"/><SP WIDTH="17" VPOS="546" HPOS="1003"/><String ID="p806_w64" CONTENT="the" HPOS="1020" VPOS="546" WIDTH="54" HEIGHT="75" STYLEREFS="font0"/><SP WIDTH="16" VPOS="546" HPOS="1074"/><String ID="p806_w65" CONTENT="firft" HPOS="1090" VPOS="546" WIDTH="65" HEIGHT="75" STYLEREFS="font0"/><SP WIDTH="17" VPOS="546" HPOS="1155"/><String ID="p806_w66" CONTENT="three" HPOS="1172" VPOS="546" WIDTH="90" HEIGHT="75" STYLEREFS="font0"/></TextLine><TextLine WIDTH="1032" HEIGHT="75" ID="p806_t11" HPOS="232" VPOS="592"><String ID="p806_w67" CONTENT="or" HPOS="232" VPOS="592" WIDTH="36" HEIGHT="75" STYLEREFS="font0"/><SP WIDTH="27" VPOS="592" HPOS="268"/><String ID="p806_w68" CONTENT="four" HPOS="295" VPOS="592" WIDTH="74" HEIGHT="75" STYLEREFS="font0"/><SP WIDTH="28" VPOS="592" HPOS="369"/><String ID="p806_w69" CONTENT="days" HPOS="397" VPOS="592" WIDTH="77" HEIGHT="75" STYLEREFS="font0"/><SP WIDTH="30" VPOS="592" HPOS="474"/><String ID="p806_w70" CONTENT="upon" HPOS="504" VPOS="592" WIDTH="82" HEIGHT="75" STYLEREFS="font0"/><SP WIDTH="29" VPOS="592" HPOS="586"/><String ID="p806_w71" CONTENT="brown" HPOS="615" VPOS="592" WIDTH="113" HEIGHT="75" STYLEREFS="font0"/><SP WIDTH="22" VPOS="592" HPOS="728"/><String ID="p806_w72" CONTENT="paper" HPOS="750" VPOS="592" WIDTH="95" HEIGHT="75" STYLEREFS="font0"/><SP WIDTH="26" VPOS="592" HPOS="845"/><String ID="p806_w73" CONTENT="laid" HPOS="871" VPOS="592" WIDTH="66" HEIGHT="75" STYLEREFS="font0"/><SP WIDTH="16" VPOS="592" HPOS="937"/><String ID="p806_w74" CONTENT="over" HPOS="953" VPOS="592" WIDTH="76" HEIGHT="75" STYLEREFS="font0"/><SP WIDTH="17" VPOS="592" HPOS="1029"/><String ID="p806_w75" CONTENT="a" HPOS="1046" VPOS="592" WIDTH="18" HEIGHT="75" STYLEREFS="font0"/><SP WIDTH="15" VPOS="592" HPOS="1064"/><String ID="p806_w76" CONTENT="large" HPOS="1079" VPOS="592" WIDTH="87" HEIGHT="75" STYLEREFS="font0"/><SP WIDTH="17" VPOS="592" HPOS="1166"/><String ID="p806_w77" CONTENT="fieve" HPOS="1183" VPOS="592" WIDTH="81" HEIGHT="75" STYLEREFS="font0"/></TextLine><TextLine WIDTH="1032" HEIGHT="75" ID="p806_t12" HPOS="231" VPOS="639"><String ID="p806_w78" CONTENT="bottom," HPOS="231" VPOS="639" WIDTH="137" HEIGHT="75" STYLEREFS="font0"/><SP WIDTH="26" VPOS="639" HPOS="368"/><String ID="p806_w79" CONTENT="and" HPOS="394" VPOS="639" WIDTH="63" HEIGHT="75" STYLEREFS="font0"/><SP WIDTH="15" VPOS="639" HPOS="457"/><String ID="p806_w80" CONTENT="turned" HPOS="472" VPOS="639" WIDTH="115" HEIGHT="75" STYLEREFS="font0"/><SP WIDTH="16" VPOS="639" HPOS="587"/><String ID="p806_w81" CONTENT="often." HPOS="603" VPOS="639" WIDTH="102" HEIGHT="75" STYLEREFS="font0"/><SP WIDTH="49" VPOS="639" HPOS="705"/><String ID="p806_w82" CONTENT="Afterwards" HPOS="754" VPOS="639" WIDTH="203" HEIGHT="75" STYLEREFS="font0"/><SP WIDTH="17" VPOS="639" HPOS="957"/><String ID="p806_w83" CONTENT="they" HPOS="974" VPOS="639" WIDTH="77" HEIGHT="75" STYLEREFS="font0"/><SP WIDTH="16" VPOS="639" HPOS="1051"/><String ID="p806_w84" CONTENT="may" HPOS="1067" VPOS="639" WIDTH="71" HEIGHT="75" STYLEREFS="font0"/><SP WIDTH="18" VPOS="639" HPOS="1138"/><String ID="p806_w85" CONTENT="be" HPOS="1156" VPOS="639" WIDTH="38" HEIGHT="75" STYLEREFS="font0"/><SP WIDTH="13" VPOS="639" HPOS="1194"/><String ID="p806_w86" CONTENT="put" HPOS="1207" VPOS="639" WIDTH="56" HEIGHT="75" STYLEREFS="font0"/></TextLine><TextLine WIDTH="1030" HEIGHT="75" ID="p806_t13" HPOS="231" VPOS="685"><String ID="p806_w87" CONTENT="into" HPOS="231" VPOS="685" WIDTH="67" HEIGHT="75" STYLEREFS="font0"/><SP WIDTH="13" VPOS="685" HPOS="298"/><String ID="p806_w88" CONTENT="the" HPOS="311" VPOS="685" WIDTH="55" HEIGHT="75" STYLEREFS="font0"/><SP WIDTH="16" VPOS="685" HPOS="366"/><String ID="p806_w89" CONTENT="fun," HPOS="382" VPOS="685" WIDTH="67" HEIGHT="75" STYLEREFS="font0"/><SP WIDTH="26" VPOS="685" HPOS="449"/><String ID="p806_w90" CONTENT="or" HPOS="475" VPOS="685" WIDTH="37" HEIGHT="75" STYLEREFS="font0"/><SP WIDTH="13" VPOS="685" HPOS="512"/><String ID="p806_w91" CONTENT="at" HPOS="525" VPOS="685" WIDTH="32" HEIGHT="75" STYLEREFS="font0"/><SP WIDTH="18" VPOS="685" HPOS="557"/><String ID="p806_w92" CONTENT="a" HPOS="575" VPOS="685" WIDTH="16" HEIGHT="75" STYLEREFS="font0"/><SP WIDTH="18" VPOS="685" HPOS="591"/><String ID="p806_w93" CONTENT="proper" HPOS="609" VPOS="685" WIDTH="114" HEIGHT="75" STYLEREFS="font0"/><SP WIDTH="16" VPOS="685" HPOS="723"/><String ID="p806_w94" CONTENT="diftance" HPOS="739" VPOS="685" WIDTH="139" HEIGHT="75" STYLEREFS="font0"/><SP WIDTH="16" VPOS="685" HPOS="878"/><String ID="p806_w95" CONTENT="from" HPOS="894" VPOS="685" WIDTH="85" HEIGHT="75" STYLEREFS="font0"/><SP WIDTH="15" VPOS="685" HPOS="979"/><String ID="p806_w96" CONTENT="the" HPOS="994" VPOS="685" WIDTH="56" HEIGHT="75" STYLEREFS="font0"/><SP WIDTH="17" VPOS="685" HPOS="1050"/><String ID="p806_w97" CONTENT="fire," HPOS="1067" VPOS="685" WIDTH="68" HEIGHT="75" STYLEREFS="font0"/><SP WIDTH="25" VPOS="685" HPOS="1135"/><String ID="p806_w98" CONTENT="in" HPOS="1160" VPOS="685" WIDTH="33" HEIGHT="75" STYLEREFS="font0"/><SP WIDTH="18" VPOS="685" HPOS="1193"/><String ID="p806_w99" CONTENT="or-" HPOS="1211" VPOS="685" WIDTH="50" HEIGHT="75" STYLEREFS="font0"/></TextLine><TextLine WIDTH="1032" HEIGHT="75" ID="p806_t14" HPOS="231" VPOS="731"><String ID="p806_w100" CONTENT="der" HPOS="231" VPOS="731" WIDTH="57" HEIGHT="75" STYLEREFS="font0"/><SP WIDTH="15" VPOS="731" HPOS="288"/><String ID="p806_w101" CONTENT="to" HPOS="303" VPOS="731" WIDTH="34" HEIGHT="75" STYLEREFS="font0"/><SP WIDTH="28" VPOS="731" HPOS="337"/><String ID="p806_w102" CONTENT="dry" HPOS="365" VPOS="731" WIDTH="61" HEIGHT="75" STYLEREFS="font0"/><SP WIDTH="18" VPOS="731" HPOS="426"/><String ID="p806_w103" CONTENT=".them" HPOS="444" VPOS="731" WIDTH="98" HEIGHT="75" STYLEREFS="font0"/><SP WIDTH="27" VPOS="731" HPOS="542"/><String ID="p806_w104" CONTENT="thoroughly;" HPOS="569" VPOS="731" WIDTH="218" HEIGHT="75" STYLEREFS="font0"/><SP WIDTH="27" VPOS="731" HPOS="787"/><String ID="p806_w105" CONTENT="and" HPOS="814" VPOS="731" WIDTH="60" HEIGHT="75" STYLEREFS="font0"/><SP WIDTH="17" VPOS="731" HPOS="874"/><String ID="p806_w106" CONTENT="the" HPOS="891" VPOS="731" WIDTH="56" HEIGHT="75" STYLEREFS="font0"/><SP WIDTH="24" VPOS="731" HPOS="947"/><String ID="p806_w107" CONTENT="quantity" HPOS="971" VPOS="731" WIDTH="148" HEIGHT="75" STYLEREFS="font0"/><SP WIDTH="27" VPOS="731" HPOS="1119"/><String ID="p806_w108" CONTENT="of" HPOS="1146" VPOS="731" WIDTH="39" HEIGHT="75" STYLEREFS="font0"/><SP WIDTH="23" VPOS="731" HPOS="1185"/><String ID="p806_w109" CONTENT="the" HPOS="1208" VPOS="731" WIDTH="55" HEIGHT="75" STYLEREFS="font0"/></TextLine><TextLine WIDTH="1031" HEIGHT="75" ID="p806_t15" HPOS="231" VPOS="778"><String ID="p806_w110" CONTENT="hops" HPOS="231" VPOS="778" WIDTH="79" HEIGHT="75" STYLEREFS="font0"/><SP WIDTH="18" VPOS="778" HPOS="310"/><String ID="p806_w111" CONTENT="may" HPOS="328" VPOS="778" WIDTH="71" HEIGHT="75" STYLEREFS="font0"/><SP WIDTH="18" VPOS="778" HPOS="399"/><String ID="p806_w112" CONTENT="be" HPOS="417" VPOS="778" WIDTH="38" HEIGHT="75" STYLEREFS="font0"/><SP WIDTH="28" VPOS="778" HPOS="455"/><String ID="p806_w113" CONTENT="augmented," HPOS="483" VPOS="778" WIDTH="203" HEIGHT="75" STYLEREFS="font0"/><SP WIDTH="26" VPOS="778" HPOS="686"/><String ID="p806_w114" CONTENT="or" HPOS="712" VPOS="778" WIDTH="38" HEIGHT="75" STYLEREFS="font0"/><SP WIDTH="21" VPOS="778" HPOS="750"/><String ID="p806_w115" CONTENT="wholly" HPOS="771" VPOS="778" WIDTH="122" HEIGHT="75" STYLEREFS="font0"/><SP WIDTH="24" VPOS="778" HPOS="893"/><String ID="p806_w116" CONTENT="omitted," HPOS="917" VPOS="778" WIDTH="147" HEIGHT="75" STYLEREFS="font0"/><SP WIDTH="26" VPOS="778" HPOS="1064"/><String ID="p806_w117" CONTENT="at" HPOS="1090" VPOS="778" WIDTH="33" HEIGHT="75" STYLEREFS="font0"/><SP WIDTH="22" VPOS="778" HPOS="1123"/><String ID="p806_w118" CONTENT="difcre-" HPOS="1145" VPOS="778" WIDTH="117" HEIGHT="75" STYLEREFS="font0"/></TextLine><TextLine WIDTH="702" HEIGHT="75" ID="p806_t16" HPOS="231" VPOS="824"><String ID="p806_w119" CONTENT="tion," HPOS="231" VPOS="824" WIDTH="79" HEIGHT="75" STYLEREFS="font0"/><SP WIDTH="27" VPOS="824" HPOS="310"/><String ID="p806_w120" CONTENT="according" HPOS="337" VPOS="824" WIDTH="172" HEIGHT="75" STYLEREFS="font0"/><SP WIDTH="16" VPOS="824" HPOS="509"/><String ID="p806_w121" CONTENT="as" HPOS="525" VPOS="824" WIDTH="33" HEIGHT="75" STYLEREFS="font0"/><SP WIDTH="18" VPOS="824" HPOS="558"/><String ID="p806_w122" CONTENT="the" HPOS="576" VPOS="824" WIDTH="54" HEIGHT="75" STYLEREFS="font0"/><SP WIDTH="24" VPOS="824" HPOS="630"/><String ID="p806_w123" CONTENT="liquor" HPOS="654" VPOS="824" WIDTH="108" HEIGHT="75" STYLEREFS="font0"/><SP WIDTH="15" VPOS="824" HPOS="762"/><String ID="p806_w124" CONTENT="requires." HPOS="777" VPOS="824" WIDTH="156" HEIGHT="75" STYLEREFS="font0"/></TextLine><TextLine WIDTH="982" HEIGHT="75" ID="p806_t17" HPOS="279" VPOS="870"><String ID="p806_w125" CONTENT="Put" HPOS="279" VPOS="870" WIDTH="62" HEIGHT="75" STYLEREFS="font0"/><SP WIDTH="18" VPOS="870" HPOS="341"/><String ID="p806_w126" CONTENT="as" HPOS="359" VPOS="870" WIDTH="33" HEIGHT="75" STYLEREFS="font0"/><SP WIDTH="17" VPOS="870" HPOS="392"/><String ID="p806_w127" CONTENT="much" HPOS="409" VPOS="870" WIDTH="95" HEIGHT="75" STYLEREFS="font0"/><SP WIDTH="18" VPOS="870" HPOS="504"/><String ID="p806_w128" CONTENT="water" HPOS="522" VPOS="870" WIDTH="99" HEIGHT="75" STYLEREFS="font0"/><SP WIDTH="26" VPOS="870" HPOS="621"/><String ID="p806_w129" CONTENT="to" HPOS="647" VPOS="870" WIDTH="35" HEIGHT="75" STYLEREFS="font0"/><SP WIDTH="23" VPOS="870" HPOS="682"/><String ID="p806_w130" CONTENT="your" HPOS="705" VPOS="870" WIDTH="80" HEIGHT="75" STYLEREFS="font0"/><SP WIDTH="16" VPOS="870" HPOS="785"/><String ID="p806_w131" CONTENT="glafs" HPOS="801" VPOS="870" WIDTH="82" HEIGHT="75" STYLEREFS="font0"/><SP WIDTH="16" VPOS="870" HPOS="883"/><String ID="p806_w132" CONTENT="as" HPOS="899" VPOS="870" WIDTH="35" HEIGHT="75" STYLEREFS="font0"/><SP WIDTH="17" VPOS="870" HPOS="934"/><String ID="p806_w133" CONTENT="will" HPOS="951" VPOS="870" WIDTH="64" HEIGHT="75" STYLEREFS="font0"/><SP WIDTH="15" VPOS="870" HPOS="1015"/><String ID="p806_w134" CONTENT="juft" HPOS="1030" VPOS="870" WIDTH="64" HEIGHT="75" STYLEREFS="font0"/><SP WIDTH="17" VPOS="870" HPOS="1094"/><String ID="p806_w135" CONTENT="cover" HPOS="1111" VPOS="870" WIDTH="95" HEIGHT="75" STYLEREFS="font0"/><SP WIDTH="16" VPOS="870" HPOS="1206"/><String ID="p806_w136" CONTENT="it," HPOS="1222" VPOS="870" WIDTH="39" HEIGHT="75" STYLEREFS="font0"/></TextLine><TextLine WIDTH="1032" HEIGHT="75" ID="p806_t18" HPOS="230" VPOS="916"><String ID="p806_w137" CONTENT="in" HPOS="230" VPOS="916" WIDTH="31" HEIGHT="75" STYLEREFS="font0"/><SP WIDTH="26" VPOS="916" HPOS="261"/><String ID="p806_w138" CONTENT="order" HPOS="287" VPOS="916" WIDTH="98" HEIGHT="75" STYLEREFS="font0"/><SP WIDTH="28" VPOS="916" HPOS="385"/><String ID="p806_w139" CONTENT="to" HPOS="413" VPOS="916" WIDTH="34" HEIGHT="75" STYLEREFS="font0"/><SP WIDTH="29" VPOS="916" HPOS="447"/><String ID="p806_w140" CONTENT="open" HPOS="476" VPOS="916" WIDTH="81" HEIGHT="75" STYLEREFS="font0"/><SP WIDTH="27" VPOS="916" HPOS="557"/><String ID="p806_w141" CONTENT="its" HPOS="584" VPOS="916" WIDTH="42" HEIGHT="75" STYLEREFS="font0"/><SP WIDTH="28" VPOS="916" HPOS="626"/><String ID="p806_w142" CONTENT="body," HPOS="654" VPOS="916" WIDTH="99" HEIGHT="75" STYLEREFS="font0"/><SP WIDTH="24" VPOS="916" HPOS="753"/><String ID="p806_w143" CONTENT="letting" HPOS="777" VPOS="916" WIDTH="116" HEIGHT="75" STYLEREFS="font0"/><SP WIDTH="27" VPOS="916" HPOS="893"/><String ID="p806_w144" CONTENT="it" HPOS="920" VPOS="916" WIDTH="25" HEIGHT="75" STYLEREFS="font0"/><SP WIDTH="26" VPOS="916" HPOS="945"/><String ID="p806_w145" CONTENT="ftand" HPOS="971" VPOS="916" WIDTH="88" HEIGHT="75" STYLEREFS="font0"/><SP WIDTH="28" VPOS="916" HPOS="1059"/><String ID="p806_w146" CONTENT="fo" HPOS="1087" VPOS="916" WIDTH="33" HEIGHT="75" STYLEREFS="font0"/><SP WIDTH="27" VPOS="916" HPOS="1120"/><String ID="p806_w147" CONTENT="twelve" HPOS="1147" VPOS="916" WIDTH="115" HEIGHT="75" STYLEREFS="font0"/></TextLine><TextLine WIDTH="1032" HEIGHT="75" ID="p806_t19" HPOS="229" VPOS="962"><String ID="p806_w148" CONTENT="hours;" HPOS="229" VPOS="962" WIDTH="119" HEIGHT="75" STYLEREFS="font0"/><SP WIDTH="28" VPOS="962" HPOS="348"/><String ID="p806_w149" CONTENT="then" HPOS="376" VPOS="962" WIDTH="76" HEIGHT="75" STYLEREFS="font0"/><SP WIDTH="18" VPOS="962" HPOS="452"/><String ID="p806_w150" CONTENT="add" HPOS="470" VPOS="962" WIDTH="60" HEIGHT="75" STYLEREFS="font0"/><SP WIDTH="29" VPOS="962" HPOS="530"/><String ID="p806_w151" CONTENT="the" HPOS="559" VPOS="962" WIDTH="56" HEIGHT="75" STYLEREFS="font0"/><SP WIDTH="26" VPOS="962" HPOS="615"/><String ID="p806_w152" CONTENT="following" HPOS="641" VPOS="962" WIDTH="166" HEIGHT="75" STYLEREFS="font0"/><SP WIDTH="27" VPOS="962" HPOS="807"/><String ID="p806_w153" CONTENT="inlulion" HPOS="834" VPOS="962" WIDTH="135" HEIGHT="75" STYLEREFS="font0"/><SP WIDTH="17" VPOS="962" HPOS="969"/><String ID="p806_w154" CONTENT="to" HPOS="986" VPOS="962" WIDTH="35" HEIGHT="75" STYLEREFS="font0"/><SP WIDTH="27" VPOS="962" HPOS="1021"/><String ID="p806_w155" CONTENT="it," HPOS="1048" VPOS="962" WIDTH="37" HEIGHT="75" STYLEREFS="font0"/><SP WIDTH="26" VPOS="962" HPOS="1085"/><String ID="p806_w156" CONTENT="and" HPOS="1111" VPOS="962" WIDTH="62" HEIGHT="75" STYLEREFS="font0"/><SP WIDTH="17" VPOS="962" HPOS="1173"/><String ID="p806_w157" CONTENT="gra-" HPOS="1190" VPOS="962" WIDTH="71" HEIGHT="75" STYLEREFS="font0"/></TextLine><TextLine WIDTH="1033" HEIGHT="75" ID="p806_t20" HPOS="229" VPOS="1009"><String ID="p806_w158" CONTENT="dually" HPOS="229" VPOS="1009" WIDTH="110" HEIGHT="75" STYLEREFS="font0"/><SP WIDTH="28" VPOS="1009" HPOS="339"/><String ID="p806_w159" CONTENT="diflblve" HPOS="367" VPOS="1009" WIDTH="129" HEIGHT="75" STYLEREFS="font0"/><SP WIDTH="28" VPOS="1009" HPOS="496"/><String ID="p806_w160" CONTENT="the" HPOS="524" VPOS="1009" WIDTH="55" HEIGHT="75" STYLEREFS="font0"/><SP WIDTH="34" VPOS="1009" HPOS="579"/><String ID="p806_w161" CONTENT="whole" HPOS="613" VPOS="1009" WIDTH="104" HEIGHT="75" STYLEREFS="font0"/><SP WIDTH="36" VPOS="1009" HPOS="717"/><String ID="p806_w162" CONTENT="over" HPOS="753" VPOS="1009" WIDTH="76" HEIGHT="75" STYLEREFS="font0"/><SP WIDTH="26" VPOS="1009" HPOS="829"/><String ID="p806_w163" CONTENT="a" HPOS="855" VPOS="1009" WIDTH="19" HEIGHT="75" STYLEREFS="font0"/><SP WIDTH="27" VPOS="1009" HPOS="874"/><String ID="p806_w164" CONTENT="gentle" HPOS="901" VPOS="1009" WIDTH="106" HEIGHT="75" STYLEREFS="font0"/><SP WIDTH="27" VPOS="1009" HPOS="1007"/><String ID="p806_w165" CONTENT="fire." HPOS="1034" VPOS="1009" WIDTH="69" HEIGHT="75" STYLEREFS="font0"/><SP WIDTH="60" VPOS="1009" HPOS="1103"/><String ID="p806_w166" CONTENT="Then" HPOS="1163" VPOS="1009" WIDTH="99" HEIGHT="75" STYLEREFS="font0"/></TextLine><TextLine WIDTH="1036" HEIGHT="75" ID="p806_t21" HPOS="225" VPOS="1055"><String ID="p806_w167" CONTENT="-ftrain" HPOS="225" VPOS="1055" WIDTH="98" HEIGHT="75" STYLEREFS="font0"/><SP WIDTH="18" VPOS="1055" HPOS="323"/><String ID="p806_w168" CONTENT="it" HPOS="341" VPOS="1055" WIDTH="24" HEIGHT="75" STYLEREFS="font0"/><SP WIDTH="17" VPOS="1055" HPOS="365"/><String ID="p806_w169" CONTENT="off" HPOS="382" VPOS="1055" WIDTH="52" HEIGHT="75" STYLEREFS="font0"/><SP WIDTH="10" VPOS="1055" HPOS="434"/><String ID="p806_w170" CONTENT="hot" HPOS="444" VPOS="1055" WIDTH="59" HEIGHT="75" STYLEREFS="font0"/><SP WIDTH="27" VPOS="1055" HPOS="503"/><String ID="p806_w171" CONTENT="among" HPOS="530" VPOS="1055" WIDTH="115" HEIGHT="75" STYLEREFS="font0"/><SP WIDTH="17" VPOS="1055" HPOS="645"/><String ID="p806_w172" CONTENT="fome" HPOS="662" VPOS="1055" WIDTH="85" HEIGHT="75" STYLEREFS="font0"/><SP WIDTH="27" VPOS="1055" HPOS="747"/><String ID="p806_w173" CONTENT="of" HPOS="774" VPOS="1055" WIDTH="40" HEIGHT="75" STYLEREFS="font0"/><SP WIDTH="19" VPOS="1055" HPOS="814"/><String ID="p806_w174" CONTENT="the" HPOS="833" VPOS="1055" WIDTH="55" HEIGHT="75" STYLEREFS="font0"/><SP WIDTH="18" VPOS="1055" HPOS="888"/><String ID="p806_w175" CONTENT="powder," HPOS="906" VPOS="1055" WIDTH="141" HEIGHT="75" STYLEREFS="font0"/><SP WIDTH="25" VPOS="1055" HPOS="1047"/><String ID="p806_w176" CONTENT="adding" HPOS="1072" VPOS="1055" WIDTH="118" HEIGHT="75" STYLEREFS="font0"/><SP WIDTH="16" VPOS="1055" HPOS="1190"/><String ID="p806_w177" CONTENT="the" HPOS="1206" VPOS="1055" WIDTH="55" HEIGHT="75" STYLEREFS="font0"/></TextLine><TextLine WIDTH="1029" HEIGHT="75" ID="p806_t22" HPOS="231" VPOS="1101"><String ID="p806_w178" CONTENT="reft" HPOS="231" VPOS="1101" WIDTH="60" HEIGHT="75" STYLEREFS="font0"/><SP WIDTH="17" VPOS="1101" HPOS="291"/><String ID="p806_w179" CONTENT="by" HPOS="308" VPOS="1101" WIDTH="44" HEIGHT="75" STYLEREFS="font0"/><SP WIDTH="14" VPOS="1101" HPOS="352"/><String ID="p806_w180" CONTENT="a" HPOS="366" VPOS="1101" WIDTH="19" HEIGHT="75" STYLEREFS="font0"/><SP WIDTH="16" VPOS="1101" HPOS="385"/><String ID="p806_w181" CONTENT="little" HPOS="401" VPOS="1101" WIDTH="84" HEIGHT="75" STYLEREFS="font0"/><SP WIDTH="16" VPOS="1101" HPOS="485"/><String ID="p806_w182" CONTENT="at" HPOS="501" VPOS="1101" WIDTH="34" HEIGHT="75" STYLEREFS="font0"/><SP WIDTH="15" VPOS="1101" HPOS="535"/><String ID="p806_w183" CONTENT="a" HPOS="550" VPOS="1101" WIDTH="19" HEIGHT="75" STYLEREFS="font0"/><SP WIDTH="16" VPOS="1101" HPOS="569"/><String ID="p806_w184" CONTENT="time," HPOS="585" VPOS="1101" WIDTH="89" HEIGHT="75" STYLEREFS="font0"/><SP WIDTH="25" VPOS="1101" HPOS="674"/><String ID="p806_w185" CONTENT="with" HPOS="699" VPOS="1101" WIDTH="78" HEIGHT="75" STYLEREFS="font0"/><SP WIDTH="17" VPOS="1101" HPOS="777"/><String ID="p806_w186" CONTENT="fome" HPOS="794" VPOS="1101" WIDTH="85" HEIGHT="75" STYLEREFS="font0"/><SP WIDTH="17" VPOS="1101" HPOS="879"/><String ID="p806_w187" CONTENT="of" HPOS="896" VPOS="1101" WIDTH="39" HEIGHT="75" STYLEREFS="font0"/><SP WIDTH="17" VPOS="1101" HPOS="935"/><String ID="p806_w188" CONTENT="the" HPOS="952" VPOS="1101" WIDTH="55" HEIGHT="75" STYLEREFS="font0"/><SP WIDTH="16" VPOS="1101" HPOS="1007"/><String ID="p806_w189" CONTENT="treacle" HPOS="1023" VPOS="1101" WIDTH="118" HEIGHT="75" STYLEREFS="font0"/><SP WIDTH="16" VPOS="1101" HPOS="1141"/><String ID="p806_w190" CONTENT="or" HPOS="1157" VPOS="1101" WIDTH="38" HEIGHT="75" STYLEREFS="font0"/><SP WIDTH="16" VPOS="1101" HPOS="1195"/><String ID="p806_w191" CONTENT="fy-" HPOS="1211" VPOS="1101" WIDTH="49" HEIGHT="75" STYLEREFS="font0"/></TextLine><TextLine WIDTH="1032" HEIGHT="75" ID="p806_t23" HPOS="230" VPOS="1147"><String ID="p806_w192" CONTENT="rup" HPOS="230" VPOS="1147" WIDTH="59" HEIGHT="75" STYLEREFS="font0"/><SP WIDTH="16" VPOS="1147" HPOS="289"/><String ID="p806_w193" CONTENT="likewiie" HPOS="305" VPOS="1147" WIDTH="139" HEIGHT="75" STYLEREFS="font0"/><SP WIDTH="17" VPOS="1147" HPOS="444"/><String ID="p806_w194" CONTENT="alternately," HPOS="461" VPOS="1147" WIDTH="203" HEIGHT="75" STYLEREFS="font0"/><SP WIDTH="24" VPOS="1147" HPOS="664"/><String ID="p806_w195" CONTENT="till" HPOS="688" VPOS="1147" WIDTH="50" HEIGHT="75" STYLEREFS="font0"/><SP WIDTH="27" VPOS="1147" HPOS="738"/><String ID="p806_w196" CONTENT="you" HPOS="765" VPOS="1147" WIDTH="67" HEIGHT="75" STYLEREFS="font0"/><SP WIDTH="25" VPOS="1147" HPOS="832"/><String ID="p806_w197" CONTENT="beat" HPOS="857" VPOS="1147" WIDTH="73" HEIGHT="75" STYLEREFS="font0"/><SP WIDTH="27" VPOS="1147" HPOS="930"/><String ID="p806_w198" CONTENT="the" HPOS="957" VPOS="1147" WIDTH="57" HEIGHT="75" STYLEREFS="font0"/><SP WIDTH="27" VPOS="1147" HPOS="1014"/><String ID="p806_w199" CONTENT="whole" HPOS="1041" VPOS="1147" WIDTH="103" HEIGHT="75" STYLEREFS="font0"/><SP WIDTH="16" VPOS="1147" HPOS="1144"/><String ID="p806_w200" CONTENT="into" HPOS="1160" VPOS="1147" WIDTH="69" HEIGHT="75" STYLEREFS="font0"/><SP WIDTH="15" VPOS="1147" HPOS="1229"/><String ID="p806_w201" CONTENT="a" HPOS="1244" VPOS="1147" WIDTH="18" HEIGHT="75" STYLEREFS="font0"/></TextLine><TextLine WIDTH="1029" HEIGHT="75" ID="p806_t24" HPOS="230" VPOS="1195"><String ID="p806_w202" CONTENT="ftiffmafs," HPOS="230" VPOS="1195" WIDTH="167" HEIGHT="75" STYLEREFS="font0"/><SP WIDTH="26" VPOS="1195" HPOS="397"/><String ID="p806_w203" CONTENT="out" HPOS="423" VPOS="1195" WIDTH="57" HEIGHT="75" STYLEREFS="font0"/><SP WIDTH="28" VPOS="1195" HPOS="480"/><String ID="p806_w204" CONTENT="of" HPOS="508" VPOS="1195" WIDTH="39" HEIGHT="75" STYLEREFS="font0"/><SP WIDTH="19" VPOS="1195" HPOS="547"/><String ID="p806_w205" CONTENT="which" HPOS="566" VPOS="1195" WIDTH="106" HEIGHT="75" STYLEREFS="font0"/><SP WIDTH="22" VPOS="1195" HPOS="672"/><String ID="p806_w206" CONTENT="form" HPOS="694" VPOS="1195" WIDTH="86" HEIGHT="75" STYLEREFS="font0"/><SP WIDTH="17" VPOS="1195" HPOS="780"/><String ID="p806_w207" CONTENT="balls" HPOS="797" VPOS="1195" WIDTH="79" HEIGHT="75" STYLEREFS="font0"/><SP WIDTH="25" VPOS="1195" HPOS="876"/><String ID="p806_w208" CONTENT="weighing" HPOS="901" VPOS="1195" WIDTH="161" HEIGHT="75" STYLEREFS="font0"/><SP WIDTH="16" VPOS="1195" HPOS="1062"/><String ID="p806_w209" CONTENT="four" HPOS="1078" VPOS="1195" WIDTH="72" HEIGHT="75" STYLEREFS="font0"/><SP WIDTH="29" VPOS="1195" HPOS="1150"/><String ID="p806_w210" CONTENT="oun-" HPOS="1179" VPOS="1195" WIDTH="80" HEIGHT="75" STYLEREFS="font0"/></TextLine><TextLine WIDTH="158" HEIGHT="75" ID="p806_t25" HPOS="230" VPOS="1241"><String ID="p806_w211" CONTENT="ces" HPOS="230" VPOS="1241" WIDTH="50" HEIGHT="75" STYLEREFS="font0"/><SP WIDTH="18" VPOS="1241" HPOS="280"/><String ID="p806_w212" CONTENT="each." HPOS="298" VPOS="1241" WIDTH="90" HEIGHT="75" STYLEREFS="font0"/></TextLine><TextLine WIDTH="902" HEIGHT="75" ID="p806_t26" HPOS="359" VPOS="1285"><String ID="p806_w213" CONTENT="inf" HPOS="359" VPOS="1285" WIDTH="62" HEIGHT="75" STYLEREFS="font0"/><SP WIDTH="2" VPOS="1285" HPOS="421"/><String ID="p806_w214" CONTENT="upon.—Pour" HPOS="423" VPOS="1285" WIDTH="225" HEIGHT="75" STYLEREFS="font0"/><SP WIDTH="24" VPOS="1285" HPOS="648"/><String ID="p806_w215" CONTENT="a" HPOS="672" VPOS="1285" WIDTH="19" HEIGHT="75" STYLEREFS="font0"/><SP WIDTH="15" VPOS="1285" HPOS="691"/><String ID="p806_w216" CONTENT="pint" HPOS="706" VPOS="1285" WIDTH="69" HEIGHT="75" STYLEREFS="font0"/><SP WIDTH="16" VPOS="1285" HPOS="775"/><String ID="p806_w217" CONTENT="of" HPOS="791" VPOS="1285" WIDTH="39" HEIGHT="75" STYLEREFS="font0"/><SP WIDTH="19" VPOS="1285" HPOS="830"/><String ID="p806_w218" CONTENT="boiling" HPOS="849" VPOS="1285" WIDTH="120" HEIGHT="75" STYLEREFS="font0"/><SP WIDTH="21" VPOS="1285" HPOS="969"/><String ID="p806_w219" CONTENT="water" HPOS="990" VPOS="1285" WIDTH="99" HEIGHT="75" STYLEREFS="font0"/><SP WIDTH="15" VPOS="1285" HPOS="1089"/><String ID="p806_w220" CONTENT="upon" HPOS="1104" VPOS="1285" WIDTH="85" HEIGHT="75" STYLEREFS="font0"/><SP WIDTH="16" VPOS="1285" HPOS="1189"/><String ID="p806_w221" CONTENT="the" HPOS="1205" VPOS="1285" WIDTH="56" HEIGHT="75" STYLEREFS="font0"/></TextLine><TextLine WIDTH="1030" HEIGHT="75" ID="p806_t27" HPOS="228" VPOS="1332"><String ID="p806_w222" CONTENT="coriander-feed," HPOS="228" VPOS="1332" WIDTH="266" HEIGHT="75" STYLEREFS="font0"/><SP WIDTH="25" VPOS="1332" HPOS="494"/><String ID="p806_w223" CONTENT="and" HPOS="519" VPOS="1332" WIDTH="62" HEIGHT="75" STYLEREFS="font0"/><SP WIDTH="28" VPOS="1332" HPOS="581"/><String ID="p806_w224" CONTENT="cloves" HPOS="609" VPOS="1332" WIDTH="106" HEIGHT="75" STYLEREFS="font0"/><SP WIDTH="27" VPOS="1332" HPOS="715"/><String ID="p806_w225" CONTENT="bruifed," HPOS="742" VPOS="1332" WIDTH="138" HEIGHT="75" STYLEREFS="font0"/><SP WIDTH="26" VPOS="1332" HPOS="880"/><String ID="p806_w226" CONTENT="and" HPOS="906" VPOS="1332" WIDTH="61" HEIGHT="75" STYLEREFS="font0"/><SP WIDTH="22" VPOS="1332" HPOS="967"/><String ID="p806_w227" CONTENT="the" HPOS="989" VPOS="1332" WIDTH="55" HEIGHT="75" STYLEREFS="font0"/><SP WIDTH="33" VPOS="1332" HPOS="1044"/><String ID="p806_w228" CONTENT="hops" HPOS="1077" VPOS="1332" WIDTH="80" HEIGHT="75" STYLEREFS="font0"/><SP WIDTH="29" VPOS="1332" HPOS="1157"/><String ID="p806_w229" CONTENT="well" HPOS="1186" VPOS="1332" WIDTH="72" HEIGHT="75" STYLEREFS="font0"/></TextLine><TextLine WIDTH="1029" HEIGHT="75" ID="p806_t28" HPOS="229" VPOS="1383"><String ID="p806_w230" CONTENT="rubbed.*" HPOS="229" VPOS="1383" WIDTH="153" HEIGHT="75" STYLEREFS="font0"/><SP WIDTH="42" VPOS="1383" HPOS="382"/><String ID="p806_w231" CONTENT="Cover" HPOS="424" VPOS="1383" WIDTH="109" HEIGHT="75" STYLEREFS="font0"/><SP WIDTH="26" VPOS="1383" HPOS="533"/><String ID="p806_w232" CONTENT="them" HPOS="559" VPOS="1383" WIDTH="88" HEIGHT="75" STYLEREFS="font0"/><SP WIDTH="28" VPOS="1383" HPOS="647"/><String ID="p806_w233" CONTENT="clofe," HPOS="675" VPOS="1383" WIDTH="95" HEIGHT="75" STYLEREFS="font0"/><SP WIDTH="37" VPOS="1383" HPOS="770"/><String ID="p806_w234" CONTENT="and" HPOS="807" VPOS="1383" WIDTH="61" HEIGHT="75" STYLEREFS="font0"/><SP WIDTH="27" VPOS="1383" HPOS="868"/><String ID="p806_w235" CONTENT="let" HPOS="895" VPOS="1383" WIDTH="45" HEIGHT="75" STYLEREFS="font0"/><SP WIDTH="31" VPOS="1383" HPOS="940"/><String ID="p806_w236" CONTENT="it" HPOS="971" VPOS="1383" WIDTH="27" HEIGHT="75" STYLEREFS="font0"/><SP WIDTH="26" VPOS="1383" HPOS="998"/><String ID="p806_w237" CONTENT="ftand" HPOS="1024" VPOS="1383" WIDTH="89" HEIGHT="75" STYLEREFS="font0"/><SP WIDTH="31" VPOS="1383" HPOS="1113"/><String ID="p806_w238" CONTENT="twelve" HPOS="1144" VPOS="1383" WIDTH="114" HEIGHT="75" STYLEREFS="font0"/></TextLine><TextLine WIDTH="724" HEIGHT="75" ID="p806_t29" HPOS="228" VPOS="1426"><String ID="p806_w239" CONTENT="hours," HPOS="228" VPOS="1426" WIDTH="111" HEIGHT="75" STYLEREFS="font0"/><SP WIDTH="25" VPOS="1426" HPOS="339"/><String ID="p806_w240" CONTENT="then" HPOS="364" VPOS="1426" WIDTH="76" HEIGHT="75" STYLEREFS="font0"/><SP WIDTH="17" VPOS="1426" HPOS="440"/><String ID="p806_w241" CONTENT="ftrain" HPOS="457" VPOS="1426" WIDTH="94" HEIGHT="75" STYLEREFS="font0"/><SP WIDTH="16" VPOS="1426" HPOS="551"/><String ID="p806_w242" CONTENT="for" HPOS="567" VPOS="1426" WIDTH="53" HEIGHT="75" STYLEREFS="font0"/><SP WIDTH="23" VPOS="1426" HPOS="620"/><String ID="p806_w243" CONTENT="the" HPOS="643" VPOS="1426" WIDTH="55" HEIGHT="75" STYLEREFS="font0"/><SP WIDTH="17" VPOS="1426" HPOS="698"/><String ID="p806_w244" CONTENT="ufe" HPOS="715" VPOS="1426" WIDTH="53" HEIGHT="75" STYLEREFS="font0"/><SP WIDTH="16" VPOS="1426" HPOS="768"/><String ID="p806_w245" CONTENT="aforefaid." HPOS="784" VPOS="1426" WIDTH="168" HEIGHT="75" STYLEREFS="font0"/></TextLine><TextLine WIDTH="986" HEIGHT="75" ID="p806_t30" HPOS="277" VPOS="1471"><String ID="p806_w246" CONTENT="The" HPOS="277" VPOS="1471" WIDTH="65" HEIGHT="75" STYLEREFS="font0"/><SP WIDTH="17" VPOS="1471" HPOS="342"/><String ID="p806_w247" CONTENT="number" HPOS="359" VPOS="1471" WIDTH="132" HEIGHT="75" STYLEREFS="font0"/><SP WIDTH="28" VPOS="1471" HPOS="491"/><String ID="p806_w248" CONTENT="of" HPOS="519" VPOS="1471" WIDTH="42" HEIGHT="75" STYLEREFS="font0"/><SP WIDTH="18" VPOS="1471" HPOS="561"/><String ID="p806_w249" CONTENT="balls" HPOS="579" VPOS="1471" WIDTH="81" HEIGHT="75" STYLEREFS="font0"/><SP WIDTH="18" VPOS="1471" HPOS="660"/><String ID="p806_w250" CONTENT="for" HPOS="678" VPOS="1471" WIDTH="63" HEIGHT="75" STYLEREFS="font0"/><SP WIDTH="27" VPOS="1471" HPOS="741"/><String ID="p806_w251" CONTENT="each" HPOS="768" VPOS="1471" WIDTH="76" HEIGHT="75" STYLEREFS="font0"/><SP WIDTH="16" VPOS="1471" HPOS="844"/><String ID="p806_w252" CONTENT="cajk.—Powder" HPOS="860" VPOS="1471" WIDTH="270" HEIGHT="75" STYLEREFS="font0"/><SP WIDTH="16" VPOS="1471" HPOS="1130"/><String ID="p806_w253" CONTENT="one" HPOS="1146" VPOS="1471" WIDTH="59" HEIGHT="75" STYLEREFS="font0"/><SP WIDTH="17" VPOS="1471" HPOS="1205"/><String ID="p806_w254" CONTENT="of" HPOS="1222" VPOS="1471" WIDTH="41" HEIGHT="75" STYLEREFS="font0"/></TextLine><TextLine WIDTH="1030" HEIGHT="75" ID="p806_t31" HPOS="228" VPOS="1519"><String ID="p806_w255" CONTENT="the" HPOS="228" VPOS="1519" WIDTH="55" HEIGHT="75" STYLEREFS="font0"/><SP WIDTH="16" VPOS="1519" HPOS="283"/><String ID="p806_w256" CONTENT="balls" HPOS="299" VPOS="1519" WIDTH="82" HEIGHT="75" STYLEREFS="font0"/><SP WIDTH="15" VPOS="1519" HPOS="381"/><String ID="p806_w257" CONTENT="and" HPOS="396" VPOS="1519" WIDTH="63" HEIGHT="75" STYLEREFS="font0"/><SP WIDTH="27" VPOS="1519" HPOS="459"/><String ID="p806_w258" CONTENT="put" HPOS="486" VPOS="1519" WIDTH="56" HEIGHT="75" STYLEREFS="font0"/><SP WIDTH="27" VPOS="1519" HPOS="542"/><String ID="p806_w259" CONTENT="it" HPOS="569" VPOS="1519" WIDTH="26" HEIGHT="75" STYLEREFS="font0"/><SP WIDTH="27" VPOS="1519" HPOS="595"/><String ID="p806_w260" CONTENT="into" HPOS="622" VPOS="1519" WIDTH="69" HEIGHT="75" STYLEREFS="font0"/><SP WIDTH="27" VPOS="1519" HPOS="691"/><String ID="p806_w261" CONTENT="a" HPOS="718" VPOS="1519" WIDTH="19" HEIGHT="75" STYLEREFS="font0"/><SP WIDTH="24" VPOS="1519" HPOS="737"/><String ID="p806_w262" CONTENT="pin" HPOS="761" VPOS="1519" WIDTH="52" HEIGHT="75" STYLEREFS="font0"/><SP WIDTH="26" VPOS="1519" HPOS="813"/><String ID="p806_w263" CONTENT="or" HPOS="839" VPOS="1519" WIDTH="36" HEIGHT="75" STYLEREFS="font0"/><SP WIDTH="17" VPOS="1519" HPOS="875"/><String ID="p806_w264" CONTENT="half" HPOS="892" VPOS="1519" WIDTH="73" HEIGHT="75" STYLEREFS="font0"/><SP WIDTH="12" VPOS="1519" HPOS="965"/><String ID="p806_w265" CONTENT="a" HPOS="977" VPOS="1519" WIDTH="19" HEIGHT="75" STYLEREFS="font0"/><SP WIDTH="15" VPOS="1519" HPOS="996"/><String ID="p806_w266" CONTENT="firkin" HPOS="1011" VPOS="1519" WIDTH="93" HEIGHT="75" STYLEREFS="font0"/><SP WIDTH="14" VPOS="1519" HPOS="1104"/><String ID="p806_w267" CONTENT=";" HPOS="1118" VPOS="1519" WIDTH="9" HEIGHT="75" STYLEREFS="font0"/><SP WIDTH="26" VPOS="1519" HPOS="1127"/><String ID="p806_w268" CONTENT="into" HPOS="1153" VPOS="1519" WIDTH="69" HEIGHT="75" STYLEREFS="font0"/><SP WIDTH="17" VPOS="1519" HPOS="1222"/><String ID="p806_w269" CONTENT="a" HPOS="1239" VPOS="1519" WIDTH="19" HEIGHT="75" STYLEREFS="font0"/></TextLine><TextLine WIDTH="1027" HEIGHT="75" ID="p806_t32" HPOS="228" VPOS="1565"><String ID="p806_w270" CONTENT="firkin," HPOS="228" VPOS="1565" WIDTH="106" HEIGHT="75" STYLEREFS="font0"/><SP WIDTH="25" VPOS="1565" HPOS="334"/><String ID="p806_w271" CONTENT="two;" HPOS="359" VPOS="1565" WIDTH="85" HEIGHT="75" STYLEREFS="font0"/><SP WIDTH="26" VPOS="1565" HPOS="444"/><String ID="p806_w272" CONTENT="into" HPOS="470" VPOS="1565" WIDTH="68" HEIGHT="75" STYLEREFS="font0"/><SP WIDTH="17" VPOS="1565" HPOS="538"/><String ID="p806_w273" CONTENT="a" HPOS="555" VPOS="1565" WIDTH="17" HEIGHT="75" STYLEREFS="font0"/><SP WIDTH="17" VPOS="1565" HPOS="572"/><String ID="p806_w274" CONTENT="kilderkin," HPOS="589" VPOS="1565" WIDTH="172" HEIGHT="75" STYLEREFS="font0"/><SP WIDTH="25" VPOS="1565" HPOS="761"/><String ID="p806_w275" CONTENT="three;" HPOS="786" VPOS="1565" WIDTH="112" HEIGHT="75" STYLEREFS="font0"/><SP WIDTH="26" VPOS="1565" HPOS="898"/><String ID="p806_w276" CONTENT="into" HPOS="924" VPOS="1565" WIDTH="70" HEIGHT="75" STYLEREFS="font0"/><SP WIDTH="16" VPOS="1565" HPOS="994"/><String ID="p806_w277" CONTENT="a" HPOS="1010" VPOS="1565" WIDTH="19" HEIGHT="75" STYLEREFS="font0"/><SP WIDTH="16" VPOS="1565" HPOS="1029"/><String ID="p806_w278" CONTENT="barrel," HPOS="1045" VPOS="1565" WIDTH="116" HEIGHT="75" STYLEREFS="font0"/><SP WIDTH="25" VPOS="1565" HPOS="1161"/><String ID="p806_w279" CONTENT="fix;" HPOS="1186" VPOS="1565" WIDTH="69" HEIGHT="75" STYLEREFS="font0"/></TextLine><TextLine WIDTH="1029" HEIGHT="75" ID="p806_t33" HPOS="228" VPOS="1613"><String ID="p806_w280" CONTENT="and" HPOS="228" VPOS="1613" WIDTH="61" HEIGHT="75" STYLEREFS="font0"/><SP WIDTH="17" VPOS="1613" HPOS="289"/><String ID="p806_w281" CONTENT="fo" HPOS="306" VPOS="1613" WIDTH="33" HEIGHT="75" STYLEREFS="font0"/><SP WIDTH="26" VPOS="1613" HPOS="339"/><String ID="p806_w282" CONTENT="on" HPOS="365" VPOS="1613" WIDTH="42" HEIGHT="75" STYLEREFS="font0"/><SP WIDTH="27" VPOS="1613" HPOS="407"/><String ID="p806_w283" CONTENT="in" HPOS="434" VPOS="1613" WIDTH="34" HEIGHT="75" STYLEREFS="font0"/><SP WIDTH="26" VPOS="1613" HPOS="468"/><String ID="p806_w284" CONTENT="proportion" HPOS="494" VPOS="1613" WIDTH="187" HEIGHT="75" STYLEREFS="font0"/><SP WIDTH="27" VPOS="1613" HPOS="681"/><String ID="p806_w285" CONTENT="as" HPOS="708" VPOS="1613" WIDTH="34" HEIGHT="75" STYLEREFS="font0"/><SP WIDTH="28" VPOS="1613" HPOS="742"/><String ID="p806_w286" CONTENT="the" HPOS="770" VPOS="1613" WIDTH="55" HEIGHT="75" STYLEREFS="font0"/><SP WIDTH="27" VPOS="1613" HPOS="825"/><String ID="p806_w287" CONTENT="calk" HPOS="852" VPOS="1613" WIDTH="71" HEIGHT="75" STYLEREFS="font0"/><SP WIDTH="15" VPOS="1613" HPOS="923"/><String ID="p806_w288" CONTENT="is" HPOS="938" VPOS="1613" WIDTH="27" HEIGHT="75" STYLEREFS="font0"/><SP WIDTH="16" VPOS="1613" HPOS="965"/><String ID="p806_w289" CONTENT="larger" HPOS="981" VPOS="1613" WIDTH="105" HEIGHT="75" STYLEREFS="font0"/><SP WIDTH="15" VPOS="1613" HPOS="1086"/><String ID="p806_w290" CONTENT="or" HPOS="1101" VPOS="1613" WIDTH="38" HEIGHT="75" STYLEREFS="font0"/><SP WIDTH="15" VPOS="1613" HPOS="1139"/><String ID="p806_w291" CONTENT="lefier," HPOS="1154" VPOS="1613" WIDTH="103" HEIGHT="75" STYLEREFS="font0"/></TextLine><TextLine WIDTH="1030" HEIGHT="75" ID="p806_t34" HPOS="227" VPOS="1658"><String ID="p806_w292" CONTENT="ftirring" HPOS="227" VPOS="1658" WIDTH="125" HEIGHT="75" STYLEREFS="font0"/><SP WIDTH="12" VPOS="1658" HPOS="352"/><String ID="p806_w293" CONTENT="them" HPOS="364" VPOS="1658" WIDTH="89" HEIGHT="75" STYLEREFS="font0"/><SP WIDTH="15" VPOS="1658" HPOS="453"/><String ID="p806_w294" CONTENT="well" HPOS="468" VPOS="1658" WIDTH="73" HEIGHT="75" STYLEREFS="font0"/><SP WIDTH="16" VPOS="1658" HPOS="541"/><String ID="p806_w295" CONTENT="in;" HPOS="557" VPOS="1658" WIDTH="53" HEIGHT="75" STYLEREFS="font0"/><SP WIDTH="26" VPOS="1658" HPOS="610"/><String ID="p806_w296" CONTENT="and," HPOS="636" VPOS="1658" WIDTH="74" HEIGHT="75" STYLEREFS="font0"/><SP WIDTH="23" VPOS="1658" HPOS="710"/><String ID="p806_w297" CONTENT="if" HPOS="733" VPOS="1658" WIDTH="31" HEIGHT="75" STYLEREFS="font0"/><SP WIDTH="11" VPOS="1658" HPOS="764"/><String ID="p806_w298" CONTENT="the" HPOS="775" VPOS="1658" WIDTH="54" HEIGHT="75" STYLEREFS="font0"/><SP WIDTH="18" VPOS="1658" HPOS="829"/><String ID="p806_w299" CONTENT="liquor-" HPOS="847" VPOS="1658" WIDTH="105" HEIGHT="75" STYLEREFS="font0"/><SP WIDTH="12" VPOS="1658" HPOS="952"/><String ID="p806_w300" CONTENT="has" HPOS="964" VPOS="1658" WIDTH="56" HEIGHT="75" STYLEREFS="font0"/><SP WIDTH="25" VPOS="1658" HPOS="1020"/><String ID="p806_w301" CONTENT="age" HPOS="1045" VPOS="1658" WIDTH="57" HEIGHT="75" STYLEREFS="font0"/><SP WIDTH="16" VPOS="1658" HPOS="1102"/><String ID="p806_w302" CONTENT="enough," HPOS="1118" VPOS="1658" WIDTH="139" HEIGHT="75" STYLEREFS="font0"/></TextLine><TextLine WIDTH="1030" HEIGHT="75" ID="p806_t35" HPOS="227" VPOS="1704"><String ID="p806_w303" CONTENT="fo" HPOS="227" VPOS="1704" WIDTH="36" HEIGHT="75" STYLEREFS="font0"/><SP WIDTH="15" VPOS="1704" HPOS="263"/><String ID="p806_w304" CONTENT="that" HPOS="278" VPOS="1704" WIDTH="71" HEIGHT="75" STYLEREFS="font0"/><SP WIDTH="16" VPOS="1704" HPOS="349"/><String ID="p806_w305" CONTENT="it" HPOS="365" VPOS="1704" WIDTH="26" HEIGHT="75" STYLEREFS="font0"/><SP WIDTH="16" VPOS="1704" HPOS="391"/><String ID="p806_w306" CONTENT="will" HPOS="407" VPOS="1704" WIDTH="66" HEIGHT="75" STYLEREFS="font0"/><SP WIDTH="28" VPOS="1704" HPOS="473"/><String ID="p806_w307" CONTENT="bear" HPOS="501" VPOS="1704" WIDTH="74" HEIGHT="75" STYLEREFS="font0"/><SP WIDTH="27" VPOS="1704" HPOS="575"/><String ID="p806_w308" CONTENT="racking," HPOS="602" VPOS="1704" WIDTH="145" HEIGHT="75" STYLEREFS="font0"/><SP WIDTH="24" VPOS="1704" HPOS="747"/><String ID="p806_w309" CONTENT="it" HPOS="771" VPOS="1704" WIDTH="25" HEIGHT="75" STYLEREFS="font0"/><SP WIDTH="17" VPOS="1704" HPOS="796"/><String ID="p806_w310" CONTENT="Ihould" HPOS="813" VPOS="1704" WIDTH="111" HEIGHT="75" STYLEREFS="font0"/><SP WIDTH="15" VPOS="1704" HPOS="924"/><String ID="p806_w311" CONTENT="be" HPOS="939" VPOS="1704" WIDTH="40" HEIGHT="75" STYLEREFS="font0"/><SP WIDTH="22" VPOS="1704" HPOS="979"/><String ID="p806_w312" CONTENT="firft" HPOS="1001" VPOS="1704" WIDTH="65" HEIGHT="75" STYLEREFS="font0"/><SP WIDTH="16" VPOS="1704" HPOS="1066"/><String ID="p806_w313" CONTENT="fetved" HPOS="1082" VPOS="1704" WIDTH="111" HEIGHT="75" STYLEREFS="font0"/><SP WIDTH="15" VPOS="1704" HPOS="1193"/><String ID="p806_w314" CONTENT="lo&gt;" HPOS="1208" VPOS="1704" WIDTH="49" HEIGHT="75" STYLEREFS="font0"/></TextLine><TextLine WIDTH="707" HEIGHT="75" ID="p806_t36" HPOS="223" VPOS="1750"><String ID="p806_w315" CONTENT="and.then" HPOS="223" VPOS="1750" WIDTH="160" HEIGHT="75" STYLEREFS="font0"/><SP WIDTH="17" VPOS="1750" HPOS="383"/><String ID="p806_w316" CONTENT="they" HPOS="400" VPOS="1750" WIDTH="77" HEIGHT="75" STYLEREFS="font0"/><SP WIDTH="15" VPOS="1750" HPOS="477"/><String ID="p806_w317" CONTENT="will" HPOS="492" VPOS="1750" WIDTH="69" HEIGHT="75" STYLEREFS="font0"/><SP WIDTH="10" VPOS="1750" HPOS="561"/><String ID="p806_w318" CONTENT="anfwer" HPOS="571" VPOS="1750" WIDTH="119" HEIGHT="75" STYLEREFS="font0"/><SP WIDTH="11" VPOS="1750" HPOS="690"/><String ID="p806_w319" CONTENT="much" HPOS="701" VPOS="1750" WIDTH="98" HEIGHT="75" STYLEREFS="font0"/><SP WIDTH="14" VPOS="1750" HPOS="799"/><String ID="p806_w320" CONTENT="better." HPOS="813" VPOS="1750" WIDTH="117" HEIGHT="75" STYLEREFS="font0"/></TextLine><TextLine WIDTH="1030" HEIGHT="75" ID="p806_t37" HPOS="233" VPOS="1857"><String ID="p806_w321" CONTENT="Of" HPOS="233" VPOS="1857" WIDTH="58" HEIGHT="75" STYLEREFS="font0"/><SP WIDTH="32" VPOS="1857" HPOS="291"/><String ID="p806_w322" CONTENT="the" HPOS="323" VPOS="1857" WIDTH="60" HEIGHT="75" STYLEREFS="font0"/><SP WIDTH="33" VPOS="1857" HPOS="383"/><String ID="p806_w323" CONTENT="Cellar" HPOS="416" VPOS="1857" WIDTH="122" HEIGHT="75" STYLEREFS="font0"/><SP WIDTH="27" VPOS="1857" HPOS="538"/><String ID="p806_w324" CONTENT="or" HPOS="565" VPOS="1857" WIDTH="41" HEIGHT="75" STYLEREFS="font0"/><SP WIDTH="26" VPOS="1857" HPOS="606"/><String ID="p806_w325" CONTENT="Repofitory" HPOS="632" VPOS="1857" WIDTH="215" HEIGHT="75" STYLEREFS="font0"/><SP WIDTH="25" VPOS="1857" HPOS="847"/><String ID="p806_w326" CONTENT="for" HPOS="872" VPOS="1857" WIDTH="70" HEIGHT="75" STYLEREFS="font0"/><SP WIDTH="30" VPOS="1857" HPOS="942"/><String ID="p806_w327" CONTENT="keeping" HPOS="972" VPOS="1857" WIDTH="150" HEIGHT="75" STYLEREFS="font0"/><SP WIDTH="26" VPOS="1857" HPOS="1122"/><String ID="p806_w328" CONTENT="Beers" HPOS="1148" VPOS="1857" WIDTH="115" HEIGHT="75" STYLEREFS="font0"/></TextLine><TextLine WIDTH="196" HEIGHT="75" ID="p806_t38" HPOS="651" VPOS="1906"><String ID="p806_w329" CONTENT="and" HPOS="651" VPOS="1906" WIDTH="73" HEIGHT="75" STYLEREFS="font0"/><SP WIDTH="24" VPOS="1906" HPOS="724"/><String ID="p806_w330" CONTENT="Ales." HPOS="748" VPOS="1906" WIDTH="99" HEIGHT="75" STYLEREFS="font0"/></TextLine><TextLine WIDTH="984" HEIGHT="75" ID="p806_t39" HPOS="275" VPOS="1972"><String ID="p806_w331" CONTENT="It" HPOS="275" VPOS="1972" WIDTH="45" HEIGHT="75" STYLEREFS="font0"/><SP WIDTH="24" VPOS="1972" HPOS="320"/><String ID="p806_w332" CONTENT="is'" HPOS="344" VPOS="1972" WIDTH="32" HEIGHT="75" STYLEREFS="font0"/><SP WIDTH="22" VPOS="1972" HPOS="376"/><String ID="p806_w333" CONTENT="certain," HPOS="398" VPOS="1972" WIDTH="131" HEIGHT="75" STYLEREFS="font0"/><SP WIDTH="26" VPOS="1972" HPOS="529"/><String ID="p806_w334" CONTENT="that" HPOS="555" VPOS="1972" WIDTH="70" HEIGHT="75" STYLEREFS="font0"/><SP WIDTH="25" VPOS="1972" HPOS="625"/><String ID="p806_w335" CONTENT="the" HPOS="650" VPOS="1972" WIDTH="54" HEIGHT="75" STYLEREFS="font0"/><SP WIDTH="18" VPOS="1972" HPOS="704"/><String ID="p806_w336" CONTENT="weather" HPOS="722" VPOS="1972" WIDTH="140" HEIGHT="75" STYLEREFS="font0"/><SP WIDTH="15" VPOS="1972" HPOS="862"/><String ID="p806_w337" CONTENT="has" HPOS="877" VPOS="1972" WIDTH="57" HEIGHT="75" STYLEREFS="font0"/><SP WIDTH="17" VPOS="1972" HPOS="934"/><String ID="p806_w338" CONTENT="not" HPOS="951" VPOS="1972" WIDTH="56" HEIGHT="75" STYLEREFS="font0"/><SP WIDTH="18" VPOS="1972" HPOS="1007"/><String ID="p806_w339" CONTENT="only" HPOS="1025" VPOS="1972" WIDTH="76" HEIGHT="75" STYLEREFS="font0"/><SP WIDTH="16" VPOS="1972" HPOS="1101"/><String ID="p806_w340" CONTENT="a" HPOS="1117" VPOS="1972" WIDTH="18" HEIGHT="75" STYLEREFS="font0"/><SP WIDTH="16" VPOS="1972" HPOS="1135"/><String ID="p806_w341" CONTENT="power" HPOS="1151" VPOS="1972" WIDTH="108" HEIGHT="75" STYLEREFS="font0"/></TextLine><TextLine WIDTH="1030" HEIGHT="75" ID="p806_t40" HPOS="229" VPOS="2021"><String ID="p806_w342" CONTENT="or" HPOS="229" VPOS="2021" WIDTH="37" HEIGHT="75" STYLEREFS="font0"/><SP WIDTH="16" VPOS="2021" HPOS="266"/><String ID="p806_w343" CONTENT="influence" HPOS="282" VPOS="2021" WIDTH="152" HEIGHT="75" STYLEREFS="font0"/><SP WIDTH="17" VPOS="2021" HPOS="434"/><String ID="p806_w344" CONTENT="in" HPOS="451" VPOS="2021" WIDTH="35" HEIGHT="75" STYLEREFS="font0"/><SP WIDTH="13" VPOS="2021" HPOS="486"/><String ID="p806_w345" CONTENT="brewing," HPOS="499" VPOS="2021" WIDTH="157" HEIGHT="75" STYLEREFS="font0"/><SP WIDTH="23" VPOS="2021" HPOS="656"/><String ID="p806_w346" CONTENT="but" HPOS="679" VPOS="2021" WIDTH="58" HEIGHT="75" STYLEREFS="font0"/><SP WIDTH="17" VPOS="2021" HPOS="737"/><String ID="p806_w347" CONTENT="alfo" HPOS="754" VPOS="2021" WIDTH="65" HEIGHT="75" STYLEREFS="font0"/><SP WIDTH="16" VPOS="2021" HPOS="819"/><String ID="p806_w348" CONTENT="after," HPOS="835" VPOS="2021" WIDTH="85" HEIGHT="75" STYLEREFS="font0"/><SP WIDTH="8" VPOS="2021" HPOS="920"/><String ID="p806_w349" CONTENT="die" HPOS="928" VPOS="2021" WIDTH="57" HEIGHT="75" STYLEREFS="font0"/><SP WIDTH="15" VPOS="2021" HPOS="985"/><String ID="p806_w350" CONTENT="drink" HPOS="1000" VPOS="2021" WIDTH="95" HEIGHT="75" STYLEREFS="font0"/><SP WIDTH="15" VPOS="2021" HPOS="1095"/><String ID="p806_w351" CONTENT="is" HPOS="1110" VPOS="2021" WIDTH="30" HEIGHT="75" STYLEREFS="font0"/><SP WIDTH="14" VPOS="2021" HPOS="1140"/><String ID="p806_w352" CONTENT="in." HPOS="1154" VPOS="2021" WIDTH="40" HEIGHT="75" STYLEREFS="font0"/><SP WIDTH="9" VPOS="2021" HPOS="1194"/><String ID="p806_w353" CONTENT="the" HPOS="1203" VPOS="2021" WIDTH="56" HEIGHT="75" STYLEREFS="font0"/></TextLine><TextLine WIDTH="1029" HEIGHT="75" ID="p806_t41" HPOS="228" VPOS="2064"><String ID="p806_w354" CONTENT="barrel," HPOS="228" VPOS="2064" WIDTH="118" HEIGHT="75" STYLEREFS="font0"/><SP WIDTH="24" VPOS="2064" HPOS="346"/><String ID="p806_w355" CONTENT="hoglhead," HPOS="370" VPOS="2064" WIDTH="171" HEIGHT="75" STYLEREFS="font0"/><SP WIDTH="33" VPOS="2064" HPOS="541"/><String ID="p806_w356" CONTENT="or" HPOS="574" VPOS="2064" WIDTH="38" HEIGHT="75" STYLEREFS="font0"/><SP WIDTH="23" VPOS="2064" HPOS="612"/><String ID="p806_w357" CONTENT="butt," HPOS="635" VPOS="2064" WIDTH="85" HEIGHT="75" STYLEREFS="font0"/><SP WIDTH="23" VPOS="2064" HPOS="720"/><String ID="p806_w358" CONTENT="in" HPOS="743" VPOS="2064" WIDTH="32" HEIGHT="75" STYLEREFS="font0"/><SP WIDTH="26" VPOS="2064" HPOS="775"/><String ID="p806_w359" CONTENT="cellars," HPOS="801" VPOS="2064" WIDTH="124" HEIGHT="75" STYLEREFS="font0"/><SP WIDTH="33" VPOS="2064" HPOS="925"/><String ID="p806_w360" CONTENT="or" HPOS="958" VPOS="2064" WIDTH="37" HEIGHT="75" STYLEREFS="font0"/><SP WIDTH="27" VPOS="2064" HPOS="995"/><String ID="p806_w361" CONTENT="other" HPOS="1022" VPOS="2064" WIDTH="93" HEIGHT="75" STYLEREFS="font0"/><SP WIDTH="25" VPOS="2064" HPOS="1115"/><String ID="p806_w362" CONTENT="places," HPOS="1140" VPOS="2064" WIDTH="117" HEIGHT="75" STYLEREFS="font0"/></TextLine><TextLine WIDTH="1030" HEIGHT="75" ID="p806_t42" HPOS="228" VPOS="2111"><String ID="p806_w363" CONTENT="which" HPOS="228" VPOS="2111" WIDTH="106" HEIGHT="75" STYLEREFS="font0"/><SP WIDTH="16" VPOS="2111" HPOS="334"/><String ID="p806_w364" CONTENT="is" HPOS="350" VPOS="2111" WIDTH="28" HEIGHT="75" STYLEREFS="font0"/><SP WIDTH="17" VPOS="2111" HPOS="378"/><String ID="p806_w365" CONTENT="often" HPOS="395" VPOS="2111" WIDTH="89" HEIGHT="75" STYLEREFS="font0"/><SP WIDTH="16" VPOS="2111" HPOS="484"/><String ID="p806_w366" CONTENT="the" HPOS="500" VPOS="2111" WIDTH="54" HEIGHT="75" STYLEREFS="font0"/><SP WIDTH="25" VPOS="2111" HPOS="554"/><String ID="p806_w367" CONTENT="caufe" HPOS="579" VPOS="2111" WIDTH="89" HEIGHT="75" STYLEREFS="font0"/><SP WIDTH="28" VPOS="2111" HPOS="668"/><String ID="p806_w368" CONTENT="of" HPOS="696" VPOS="2111" WIDTH="39" HEIGHT="75" STYLEREFS="font0"/><SP WIDTH="23" VPOS="2111" HPOS="735"/><String ID="p806_w369" CONTENT="forwarding" HPOS="758" VPOS="2111" WIDTH="194" HEIGHT="75" STYLEREFS="font0"/><SP WIDTH="17" VPOS="2111" HPOS="952"/><String ID="p806_w370" CONTENT="or" HPOS="969" VPOS="2111" WIDTH="37" HEIGHT="75" STYLEREFS="font0"/><SP WIDTH="17" VPOS="2111" HPOS="1006"/><String ID="p806_w371" CONTENT="retarding" HPOS="1023" VPOS="2111" WIDTH="162" HEIGHT="75" STYLEREFS="font0"/><SP WIDTH="17" VPOS="2111" HPOS="1185"/><String ID="p806_w372" CONTENT="the" HPOS="1202" VPOS="2111" WIDTH="56" HEIGHT="75" STYLEREFS="font0"/></TextLine><TextLine WIDTH="1028" HEIGHT="75" ID="p806_t43" HPOS="229" VPOS="2158"><String ID="p806_w373" CONTENT="finenefs" HPOS="229" VPOS="2158" WIDTH="131" HEIGHT="75" STYLEREFS="font0"/><SP WIDTH="16" VPOS="2158" HPOS="360"/><String ID="p806_w374" CONTENT="of" HPOS="376" VPOS="2158" WIDTH="40" HEIGHT="75" STYLEREFS="font0"/><SP WIDTH="12" VPOS="2158" HPOS="416"/><String ID="p806_w375" CONTENT="malt-liquors;" HPOS="428" VPOS="2158" WIDTH="235" HEIGHT="75" STYLEREFS="font0"/><SP WIDTH="27" VPOS="2158" HPOS="663"/><String ID="p806_w376" CONTENT="fur" HPOS="690" VPOS="2158" WIDTH="52" HEIGHT="75" STYLEREFS="font0"/><SP WIDTH="13" VPOS="2158" HPOS="742"/><String ID="p806_w377" CONTENT="if" HPOS="755" VPOS="2158" WIDTH="32" HEIGHT="75" STYLEREFS="font0"/><SP WIDTH="12" VPOS="2158" HPOS="787"/><String ID="p806_w378" CONTENT="we" HPOS="799" VPOS="2158" WIDTH="47" HEIGHT="75" STYLEREFS="font0"/><SP WIDTH="18" VPOS="2158" HPOS="846"/><String ID="p806_w379" CONTENT="brew" HPOS="864" VPOS="2158" WIDTH="83" HEIGHT="75" STYLEREFS="font0"/><SP WIDTH="19" VPOS="2158" HPOS="947"/><String ID="p806_w380" CONTENT="in" HPOS="966" VPOS="2158" WIDTH="31" HEIGHT="75" STYLEREFS="font0"/><SP WIDTH="18" VPOS="2158" HPOS="997"/><String ID="p806_w381" CONTENT="cold" HPOS="1015" VPOS="2158" WIDTH="73" HEIGHT="75" STYLEREFS="font0"/><SP WIDTH="16" VPOS="2158" HPOS="1088"/><String ID="p806_w382" CONTENT="weather," HPOS="1104" VPOS="2158" WIDTH="153" HEIGHT="75" STYLEREFS="font0"/></TextLine><TextLine WIDTH="1030" HEIGHT="75" ID="p806_t44" HPOS="229" VPOS="2204"><String ID="p806_w383" CONTENT="and" HPOS="229" VPOS="2204" WIDTH="63" HEIGHT="75" STYLEREFS="font0"/><SP WIDTH="15" VPOS="2204" HPOS="292"/><String ID="p806_w384" CONTENT="the" HPOS="307" VPOS="2204" WIDTH="56" HEIGHT="75" STYLEREFS="font0"/><SP WIDTH="17" VPOS="2204" HPOS="363"/><String ID="p806_w385" CONTENT="drink" HPOS="380" VPOS="2204" WIDTH="93" HEIGHT="75" STYLEREFS="font0"/><SP WIDTH="17" VPOS="2204" HPOS="473"/><String ID="p806_w386" CONTENT="is" HPOS="490" VPOS="2204" WIDTH="25" HEIGHT="75" STYLEREFS="font0"/><SP WIDTH="17" VPOS="2204" HPOS="515"/><String ID="p806_w387" CONTENT="to" HPOS="532" VPOS="2204" WIDTH="35" HEIGHT="75" STYLEREFS="font0"/><SP WIDTH="25" VPOS="2204" HPOS="567"/><String ID="p806_w388" CONTENT="ftand" HPOS="592" VPOS="2204" WIDTH="88" HEIGHT="75" STYLEREFS="font0"/><SP WIDTH="23" VPOS="2204" HPOS="680"/><String ID="p806_w389" CONTENT="in" HPOS="703" VPOS="2204" WIDTH="31" HEIGHT="75" STYLEREFS="font0"/><SP WIDTH="23" VPOS="2204" HPOS="734"/><String ID="p806_w390" CONTENT="a" HPOS="757" VPOS="2204" WIDTH="18" HEIGHT="75" STYLEREFS="font0"/><SP WIDTH="28" VPOS="2204" HPOS="775"/><String ID="p806_w391" CONTENT="cellar" HPOS="803" VPOS="2204" WIDTH="97" HEIGHT="75" STYLEREFS="font0"/><SP WIDTH="26" VPOS="2204" HPOS="900"/><String ID="p806_w392" CONTENT="of" HPOS="926" VPOS="2204" WIDTH="40" HEIGHT="75" STYLEREFS="font0"/><SP WIDTH="18" VPOS="2204" HPOS="966"/><String ID="p806_w393" CONTENT="clay," HPOS="984" VPOS="2204" WIDTH="84" HEIGHT="75" STYLEREFS="font0"/><SP WIDTH="25" VPOS="2204" HPOS="1068"/><String ID="p806_w394" CONTENT="or" HPOS="1093" VPOS="2204" WIDTH="38" HEIGHT="75" STYLEREFS="font0"/><SP WIDTH="22" VPOS="2204" HPOS="1131"/><String ID="p806_w395" CONTENT="where" HPOS="1153" VPOS="2204" WIDTH="106" HEIGHT="75" STYLEREFS="font0"/></TextLine><TextLine WIDTH="1029" HEIGHT="75" ID="p806_t45" HPOS="229" VPOS="2251"><String ID="p806_w396" CONTENT="fprings." HPOS="229" VPOS="2251" WIDTH="123" HEIGHT="75" STYLEREFS="font0"/><SP WIDTH="15" VPOS="2251" HPOS="352"/><String ID="p806_w397" CONTENT="rife," HPOS="367" VPOS="2251" WIDTH="70" HEIGHT="75" STYLEREFS="font0"/><SP WIDTH="26" VPOS="2251" HPOS="437"/><String ID="p806_w398" CONTENT="or" HPOS="463" VPOS="2251" WIDTH="38" HEIGHT="75" STYLEREFS="font0"/><SP WIDTH="16" VPOS="2251" HPOS="501"/><String ID="p806_w399" CONTENT="waters" HPOS="517" VPOS="2251" WIDTH="113" HEIGHT="75" STYLEREFS="font0"/><SP WIDTH="25" VPOS="2251" HPOS="630"/><String ID="p806_w400" CONTENT="lie" HPOS="655" VPOS="2251" WIDTH="41" HEIGHT="75" STYLEREFS="font0"/><SP WIDTH="30" VPOS="2251" HPOS="696"/><String ID="p806_w401" CONTENT="or" HPOS="726" VPOS="2251" WIDTH="37" HEIGHT="75" STYLEREFS="font0"/><SP WIDTH="16" VPOS="2251" HPOS="763"/><String ID="p806_w402" CONTENT="pafs" HPOS="779" VPOS="2251" WIDTH="67" HEIGHT="75" STYLEREFS="font0"/><SP WIDTH="17" VPOS="2251" HPOS="846"/><String ID="p806_w403" CONTENT="through" HPOS="863" VPOS="2251" WIDTH="138" HEIGHT="75" STYLEREFS="font0"/><SP WIDTH="24" VPOS="2251" HPOS="1001"/><String ID="p806_w404" CONTENT="fucb" HPOS="1025" VPOS="2251" WIDTH="79" HEIGHT="75" STYLEREFS="font0"/><SP WIDTH="18" VPOS="2251" HPOS="1104"/><String ID="p806_w405" CONTENT="a" HPOS="1122" VPOS="2251" WIDTH="17" HEIGHT="75" STYLEREFS="font0"/><SP WIDTH="16" VPOS="2251" HPOS="1139"/><String ID="p806_w406" CONTENT="place," HPOS="1155" VPOS="2251" WIDTH="103" HEIGHT="75" STYLEREFS="font0"/></TextLine><TextLine WIDTH="1028" HEIGHT="75" ID="p806_t46" HPOS="230" VPOS="2297"><String ID="p806_w407" CONTENT="tliefe" HPOS="230" VPOS="2297" WIDTH="89" HEIGHT="75" STYLEREFS="font0"/><SP WIDTH="24" VPOS="2297" HPOS="319"/><String ID="p806_w408" CONTENT="will" HPOS="343" VPOS="2297" WIDTH="64" HEIGHT="75" STYLEREFS="font0"/><SP WIDTH="18" VPOS="2297" HPOS="407"/><String ID="p806_w409" CONTENT="check" HPOS="425" VPOS="2297" WIDTH="100" HEIGHT="75" STYLEREFS="font0"/><SP WIDTH="17" VPOS="2297" HPOS="525"/><String ID="p806_w410" CONTENT="the" HPOS="542" VPOS="2297" WIDTH="53" HEIGHT="75" STYLEREFS="font0"/><SP WIDTH="18" VPOS="2297" HPOS="595"/><String ID="p806_w411" CONTENT="due" HPOS="613" VPOS="2297" WIDTH="63" HEIGHT="75" STYLEREFS="font0"/><SP WIDTH="16" VPOS="2297" HPOS="676"/><String ID="p806_w412" CONTENT="courfe" HPOS="692" VPOS="2297" WIDTH="110" HEIGHT="75" STYLEREFS="font0"/><SP WIDTH="16" VPOS="2297" HPOS="802"/><String ID="p806_w413" CONTENT="of" HPOS="818" VPOS="2297" WIDTH="40" HEIGHT="75" STYLEREFS="font0"/><SP WIDTH="9" VPOS="2297" HPOS="858"/><String ID="p806_w414" CONTENT=".the" HPOS="867" VPOS="2297" WIDTH="61" HEIGHT="75" STYLEREFS="font0"/><SP WIDTH="16" VPOS="2297" HPOS="928"/><String ID="p806_w415" CONTENT="ch" HPOS="944" VPOS="2297" WIDTH="32" HEIGHT="75" STYLEREFS="font0"/><SP WIDTH="7" VPOS="2297" HPOS="976"/><String ID="p806_w416" CONTENT="ink," HPOS="983" VPOS="2297" WIDTH="66" HEIGHT="75" STYLEREFS="font0"/><SP WIDTH="25" VPOS="2297" HPOS="1049"/><String ID="p806_w417" CONTENT="chill," HPOS="1074" VPOS="2297" WIDTH="90" HEIGHT="75" STYLEREFS="font0"/><SP WIDTH="24" VPOS="2297" HPOS="1164"/><String ID="p806_w418" CONTENT="flat," HPOS="1188" VPOS="2297" WIDTH="70" HEIGHT="75" STYLEREFS="font0"/></TextLine><TextLine WIDTH="1035" HEIGHT="75" ID="p806_t47" HPOS="230" VPOS="2344"><String ID="p806_w419" CONTENT="deaden," HPOS="230" VPOS="2344" WIDTH="135" HEIGHT="75" STYLEREFS="font0"/><SP WIDTH="18" VPOS="2344" HPOS="365"/><String ID="p806_w420" CONTENT="and" HPOS="383" VPOS="2344" WIDTH="63" HEIGHT="75" STYLEREFS="font0"/><SP WIDTH="14" VPOS="2344" HPOS="446"/><String ID="p806_w421" CONTENT="hinder" HPOS="460" VPOS="2344" WIDTH="113" HEIGHT="75" STYLEREFS="font0"/><SP WIDTH="12" VPOS="2344" HPOS="573"/><String ID="p806_w422" CONTENT="it" HPOS="585" VPOS="2344" WIDTH="25" HEIGHT="75" STYLEREFS="font0"/><SP WIDTH="13" VPOS="2344" HPOS="610"/><String ID="p806_w423" CONTENT="irom" HPOS="623" VPOS="2344" WIDTH="83" HEIGHT="75" STYLEREFS="font0"/><SP WIDTH="13" VPOS="2344" HPOS="706"/><String ID="p806_w424" CONTENT="becoming" HPOS="719" VPOS="2344" WIDTH="167" HEIGHT="75" STYLEREFS="font0"/><SP WIDTH="12" VPOS="2344" HPOS="886"/><String ID="p806_w425" CONTENT="fine." HPOS="898" VPOS="2344" WIDTH="71" HEIGHT="75" STYLEREFS="font0"/><SP WIDTH="37" VPOS="2344" HPOS="969"/><String ID="p806_w426" CONTENT="So" HPOS="1006" VPOS="2344" WIDTH="50" HEIGHT="75" STYLEREFS="font0"/><SP WIDTH="10" VPOS="2344" HPOS="1056"/><String ID="p806_w427" CONTENT="like" HPOS="1066" VPOS="2344" WIDTH="66" HEIGHT="75" STYLEREFS="font0"/><SP WIDTH="6" VPOS="2344" HPOS="1132"/><String ID="p806_w428" CONTENT="wife," HPOS="1138" VPOS="2344" WIDTH="79" HEIGHT="75" STYLEREFS="font0"/><SP WIDTH="16" VPOS="2344" HPOS="1217"/><String ID="p806_w429" CONTENT="if" HPOS="1233" VPOS="2344" WIDTH="32" HEIGHT="75" STYLEREFS="font0"/></TextLine><TextLine WIDTH="1030" HEIGHT="75" ID="p806_t48" HPOS="229" VPOS="2390"><String ID="p806_w430" CONTENT="beer" HPOS="229" VPOS="2390" WIDTH="77" HEIGHT="75" STYLEREFS="font0"/><SP WIDTH="16" VPOS="2390" HPOS="306"/><String ID="p806_w431" CONTENT="or" HPOS="322" VPOS="2390" WIDTH="36" HEIGHT="75" STYLEREFS="font0"/><SP WIDTH="18" VPOS="2390" HPOS="358"/><String ID="p806_w432" CONTENT="ale." HPOS="376" VPOS="2390" WIDTH="56" HEIGHT="75" STYLEREFS="font0"/><SP WIDTH="9" VPOS="2390" HPOS="432"/><String ID="p806_w433" CONTENT="is" HPOS="441" VPOS="2390" WIDTH="27" HEIGHT="75" STYLEREFS="font0"/><SP WIDTH="16" VPOS="2390" HPOS="468"/><String ID="p806_w434" CONTENT="brewed" HPOS="484" VPOS="2390" WIDTH="127" HEIGHT="75" STYLEREFS="font0"/><SP WIDTH="13" VPOS="2390" HPOS="611"/><String ID="p806_w435" CONTENT="in" HPOS="624" VPOS="2390" WIDTH="30" HEIGHT="75" STYLEREFS="font0"/><SP WIDTH="14" VPOS="2390" HPOS="654"/><String ID="p806_w436" CONTENT="hot" HPOS="668" VPOS="2390" WIDTH="57" HEIGHT="75" STYLEREFS="font0"/><SP WIDTH="13" VPOS="2390" HPOS="725"/><String ID="p806_w437" CONTENT="weather," HPOS="738" VPOS="2390" WIDTH="152" HEIGHT="75" STYLEREFS="font0"/><SP WIDTH="18" VPOS="2390" HPOS="890"/><String ID="p806_w438" CONTENT="and" HPOS="908" VPOS="2390" WIDTH="61" HEIGHT="75" STYLEREFS="font0"/><SP WIDTH="13" VPOS="2390" HPOS="969"/><String ID="p806_w439" CONTENT="put" HPOS="982" VPOS="2390" WIDTH="57" HEIGHT="75" STYLEREFS="font0"/><SP WIDTH="11" VPOS="2390" HPOS="1039"/><String ID="p806_w440" CONTENT="into" HPOS="1050" VPOS="2390" WIDTH="68" HEIGHT="75" STYLEREFS="font0"/><SP WIDTH="12" VPOS="2390" HPOS="1118"/><String ID="p806_w441" CONTENT="chalky," HPOS="1130" VPOS="2390" WIDTH="129" HEIGHT="75" STYLEREFS="font0"/></TextLine><TextLine WIDTH="1029" HEIGHT="75" ID="p806_t49" HPOS="230" VPOS="2434"><String ID="p806_w442" CONTENT="gravelly," HPOS="230" VPOS="2434" WIDTH="156" HEIGHT="75" STYLEREFS="font0"/><SP WIDTH="25" VPOS="2434" HPOS="386"/><String ID="p806_w443" CONTENT="or" HPOS="411" VPOS="2434" WIDTH="37" HEIGHT="75" STYLEREFS="font0"/><SP WIDTH="23" VPOS="2434" HPOS="448"/><String ID="p806_w444" CONTENT="fandy" HPOS="471" VPOS="2434" WIDTH="98" HEIGHT="75" STYLEREFS="font0"/><SP WIDTH="16" VPOS="2434" HPOS="569"/><String ID="p806_w445" CONTENT="cellars," HPOS="585" VPOS="2434" WIDTH="124" HEIGHT="75" STYLEREFS="font0"/><SP WIDTH="25" VPOS="2434" HPOS="709"/><String ID="p806_w446" CONTENT="and" HPOS="734" VPOS="2434" WIDTH="63" HEIGHT="75" STYLEREFS="font0"/><SP WIDTH="16" VPOS="2434" HPOS="797"/><String ID="p806_w447" CONTENT="efpecially" HPOS="813" VPOS="2434" WIDTH="164" HEIGHT="75" STYLEREFS="font0"/><SP WIDTH="17" VPOS="2434" HPOS="977"/><String ID="p806_w448" CONTENT="if" HPOS="994" VPOS="2434" WIDTH="31" HEIGHT="75" STYLEREFS="font0"/><SP WIDTH="11" VPOS="2434" HPOS="1025"/><String ID="p806_w449" CONTENT="the-windows" HPOS="1036" VPOS="2434" WIDTH="223" HEIGHT="75" STYLEREFS="font0"/></TextLine><TextLine WIDTH="1027" HEIGHT="75" ID="p806_t50" HPOS="232" VPOS="2483"><String ID="p806_w450" CONTENT="open" HPOS="232" VPOS="2483" WIDTH="81" HEIGHT="75" STYLEREFS="font0"/><SP WIDTH="18" VPOS="2483" HPOS="313"/><String ID="p806_w451" CONTENT="to" HPOS="331" VPOS="2483" WIDTH="34" HEIGHT="75" STYLEREFS="font0"/><SP WIDTH="24" VPOS="2483" HPOS="365"/><String ID="p806_w452" CONTENT="the" HPOS="389" VPOS="2483" WIDTH="55" HEIGHT="75" STYLEREFS="font0"/><SP WIDTH="16" VPOS="2483" HPOS="444"/><String ID="p806_w453" CONTENT="fouth," HPOS="460" VPOS="2483" WIDTH="106" HEIGHT="75" STYLEREFS="font0"/><SP WIDTH="24" VPOS="2483" HPOS="566"/><String ID="p806_w454" CONTENT="fo.uth-eaft," HPOS="590" VPOS="2483" WIDTH="184" HEIGHT="75" STYLEREFS="font0"/><SP WIDTH="27" VPOS="2483" HPOS="774"/><String ID="p806_w455" CONTENT="or" HPOS="801" VPOS="2483" WIDTH="35" HEIGHT="75" STYLEREFS="font0"/><SP WIDTH="20" VPOS="2483" HPOS="836"/><String ID="p806_w456" CONTENT="fouth-weft," HPOS="856" VPOS="2483" WIDTH="197" HEIGHT="75" STYLEREFS="font0"/><SP WIDTH="26" VPOS="2483" HPOS="1053"/><String ID="p806_w457" CONTENT="then" HPOS="1079" VPOS="2483" WIDTH="75" HEIGHT="75" STYLEREFS="font0"/><SP WIDTH="28" VPOS="2483" HPOS="1154"/><String ID="p806_w458" CONTENT="it" HPOS="1182" VPOS="2483" WIDTH="26" HEIGHT="75" STYLEREFS="font0"/><SP WIDTH="24" VPOS="2483" HPOS="1208"/><String ID="p806_w459" CONTENT="is" HPOS="1232" VPOS="2483" WIDTH="27" HEIGHT="75" STYLEREFS="font0"/></TextLine><TextLine WIDTH="1024" HEIGHT="75" ID="p806_t51" HPOS="231" VPOS="2529"><String ID="p806_w460" CONTENT="very" HPOS="231" VPOS="2529" WIDTH="81" HEIGHT="75" STYLEREFS="font0"/><SP WIDTH="14" VPOS="2529" HPOS="312"/><String ID="p806_w461" CONTENT="likely" HPOS="326" VPOS="2529" WIDTH="99" HEIGHT="75" STYLEREFS="font0"/><SP WIDTH="16" VPOS="2529" HPOS="425"/><String ID="p806_w462" CONTENT="it" HPOS="441" VPOS="2529" WIDTH="27" HEIGHT="75" STYLEREFS="font0"/><SP WIDTH="15" VPOS="2529" HPOS="468"/><String ID="p806_w463" CONTENT="will" HPOS="483" VPOS="2529" WIDTH="65" HEIGHT="75" STYLEREFS="font0"/><SP WIDTH="18" VPOS="2529" HPOS="548"/><String ID="p806_w464" CONTENT="not" HPOS="566" VPOS="2529" WIDTH="56" HEIGHT="75" STYLEREFS="font0"/><SP WIDTH="15" VPOS="2529" HPOS="622"/><String ID="p806_w465" CONTENT="keep" HPOS="637" VPOS="2529" WIDTH="81" HEIGHT="75" STYLEREFS="font0"/><SP WIDTH="11" VPOS="2529" HPOS="718"/><String ID="p806_w466" CONTENT="long," HPOS="729" VPOS="2529" WIDTH="89" HEIGHT="75" STYLEREFS="font0"/><SP WIDTH="18" VPOS="2529" HPOS="818"/><String ID="p806_w467" CONTENT="but" HPOS="836" VPOS="2529" WIDTH="57" HEIGHT="75" STYLEREFS="font0"/><SP WIDTH="12" VPOS="2529" HPOS="893"/><String ID="p806_w468" CONTENT="be" HPOS="905" VPOS="2529" WIDTH="39" HEIGHT="75" STYLEREFS="font0"/><SP WIDTH="12" VPOS="2529" HPOS="944"/><String ID="p806_w469" CONTENT="muddy" HPOS="956" VPOS="2529" WIDTH="121" HEIGHT="75" STYLEREFS="font0"/><SP WIDTH="11" VPOS="2529" HPOS="1077"/><String ID="p806_w470" CONTENT="and" HPOS="1088" VPOS="2529" WIDTH="63" HEIGHT="75" STYLEREFS="font0"/><SP WIDTH="10" VPOS="2529" HPOS="1151"/><String ID="p806_w471" CONTENT="ftale" HPOS="1161" VPOS="2529" WIDTH="74" HEIGHT="75" STYLEREFS="font0"/><SP WIDTH="12" VPOS="2529" HPOS="1235"/><String ID="p806_w472" CONTENT=":" HPOS="1247" VPOS="2529" WIDTH="8" HEIGHT="75" STYLEREFS="font0"/></TextLine><TextLine WIDTH="1027" HEIGHT="75" ID="p806_t52" HPOS="232" VPOS="2574"><String ID="p806_w473" CONTENT="Therefore," HPOS="232" VPOS="2574" WIDTH="195" HEIGHT="75" STYLEREFS="font0"/><SP WIDTH="26" VPOS="2574" HPOS="427"/><String ID="p806_w474" CONTENT="to" HPOS="453" VPOS="2574" WIDTH="35" HEIGHT="75" STYLEREFS="font0"/><SP WIDTH="15" VPOS="2574" HPOS="488"/><String ID="p806_w475" CONTENT="keep" HPOS="503" VPOS="2574" WIDTH="81" HEIGHT="75" STYLEREFS="font0"/><SP WIDTH="28" VPOS="2574" HPOS="584"/><String ID="p806_w476" CONTENT="beer" HPOS="612" VPOS="2574" WIDTH="72" HEIGHT="75" STYLEREFS="font0"/><SP WIDTH="23" VPOS="2574" HPOS="684"/><String ID="p806_w477" CONTENT="in" HPOS="707" VPOS="2574" WIDTH="32" HEIGHT="75" STYLEREFS="font0"/><SP WIDTH="28" VPOS="2574" HPOS="739"/><String ID="p806_w478" CONTENT="fuch" HPOS="767" VPOS="2574" WIDTH="76" HEIGHT="75" STYLEREFS="font0"/><SP WIDTH="28" VPOS="2574" HPOS="843"/><String ID="p806_w479" CONTENT="a" HPOS="871" VPOS="2574" WIDTH="18" HEIGHT="75" STYLEREFS="font0"/><SP WIDTH="27" VPOS="2574" HPOS="889"/><String ID="p806_w480" CONTENT="cellar," HPOS="916" VPOS="2574" WIDTH="109" HEIGHT="75" STYLEREFS="font0"/><SP WIDTH="26" VPOS="2574" HPOS="1025"/><String ID="p806_w481" CONTENT="it" HPOS="1051" VPOS="2574" WIDTH="25" HEIGHT="75" STYLEREFS="font0"/><SP WIDTH="16" VPOS="2574" HPOS="1076"/><String ID="p806_w482" CONTENT="fhould" HPOS="1092" VPOS="2574" WIDTH="112" HEIGHT="75" STYLEREFS="font0"/><SP WIDTH="16" VPOS="2574" HPOS="1204"/><String ID="p806_w483" CONTENT="be" HPOS="1220" VPOS="2574" WIDTH="39" HEIGHT="75" STYLEREFS="font0"/></TextLine><TextLine WIDTH="1028" HEIGHT="75" ID="p806_t53" HPOS="232" VPOS="2621"><String ID="p806_w484" CONTENT="brewed" HPOS="232" VPOS="2621" WIDTH="129" HEIGHT="75" STYLEREFS="font0"/><SP WIDTH="16" VPOS="2621" HPOS="361"/><String ID="p806_w485" CONTENT="in-Oftober," HPOS="377" VPOS="2621" WIDTH="202" HEIGHT="75" STYLEREFS="font0"/><SP WIDTH="18" VPOS="2621" HPOS="579"/><String ID="p806_w486" CONTENT="that" HPOS="597" VPOS="2621" WIDTH="71" HEIGHT="75" STYLEREFS="font0"/><SP WIDTH="16" VPOS="2621" HPOS="668"/><String ID="p806_w487" CONTENT="the" HPOS="684" VPOS="2621" WIDTH="54" HEIGHT="75" STYLEREFS="font0"/><SP WIDTH="17" VPOS="2621" HPOS="738"/><String ID="p806_w488" CONTENT="drink" HPOS="755" VPOS="2621" WIDTH="95" HEIGHT="75" STYLEREFS="font0"/><SP WIDTH="17" VPOS="2621" HPOS="850"/><String ID="p806_w489" CONTENT="may" HPOS="867" VPOS="2621" WIDTH="73" HEIGHT="75" STYLEREFS="font0"/><SP WIDTH="13" VPOS="2621" HPOS="940"/><String ID="p806_w490" CONTENT="have" HPOS="953" VPOS="2621" WIDTH="79" HEIGHT="75" STYLEREFS="font0"/><SP WIDTH="13" VPOS="2621" HPOS="1032"/><String ID="p806_w491" CONTENT="time" HPOS="1045" VPOS="2621" WIDTH="76" HEIGHT="75" STYLEREFS="font0"/><SP WIDTH="17" VPOS="2621" HPOS="1121"/><String ID="p806_w492" CONTENT="to" HPOS="1138" VPOS="2621" WIDTH="35" HEIGHT="75" STYLEREFS="font0"/><SP WIDTH="12" VPOS="2621" HPOS="1173"/><String ID="p806_w493" CONTENT="cure" HPOS="1185" VPOS="2621" WIDTH="75" HEIGHT="75" STYLEREFS="font0"/></TextLine><TextLine WIDTH="1031" HEIGHT="75" ID="p806_t54" HPOS="232" VPOS="2668"><String ID="p806_w494" CONTENT="kfelf" HPOS="232" VPOS="2668" WIDTH="89" HEIGHT="75" STYLEREFS="font0"/><SP WIDTH="12" VPOS="2668" HPOS="321"/><String ID="p806_w495" CONTENT="before" HPOS="333" VPOS="2668" WIDTH="108" HEIGHT="75" STYLEREFS="font0"/><SP WIDTH="18" VPOS="2668" HPOS="441"/><String ID="p806_w496" CONTENT="the" HPOS="459" VPOS="2668" WIDTH="54" HEIGHT="75" STYLEREFS="font0"/><SP WIDTH="17" VPOS="2668" HPOS="513"/><String ID="p806_w497" CONTENT="hot" HPOS="530" VPOS="2668" WIDTH="56" HEIGHT="75" STYLEREFS="font0"/><SP WIDTH="19" VPOS="2668" HPOS="586"/><String ID="p806_w498" CONTENT="weather" HPOS="605" VPOS="2668" WIDTH="138" HEIGHT="75" STYLEREFS="font0"/><SP WIDTH="17" VPOS="2668" HPOS="743"/><String ID="p806_w499" CONTENT="comes" HPOS="760" VPOS="2668" WIDTH="105" HEIGHT="75" STYLEREFS="font0"/><SP WIDTH="27" VPOS="2668" HPOS="865"/><String ID="p806_w500" CONTENT="on" HPOS="892" VPOS="2668" WIDTH="42" HEIGHT="75" STYLEREFS="font0"/><SP WIDTH="15" VPOS="2668" HPOS="934"/><String ID="p806_w501" CONTENT=";" HPOS="949" VPOS="2668" WIDTH="9" HEIGHT="75" STYLEREFS="font0"/><SP WIDTH="26" VPOS="2668" HPOS="958"/><String ID="p806_w502" CONTENT="but," HPOS="984" VPOS="2668" WIDTH="71" HEIGHT="75" STYLEREFS="font0"/><SP WIDTH="24" VPOS="2668" HPOS="1055"/><String ID="p806_w503" CONTENT="in" HPOS="1079" VPOS="2668" WIDTH="33" HEIGHT="75" STYLEREFS="font0"/><SP WIDTH="27" VPOS="2668" HPOS="1112"/><String ID="p806_w504" CONTENT="wettilh" HPOS="1139" VPOS="2668" WIDTH="124" HEIGHT="75" STYLEREFS="font0"/></TextLine><TextLine WIDTH="1029" HEIGHT="75" ID="p806_t55" HPOS="233" VPOS="2715"><String ID="p806_w505" CONTENT="or" HPOS="233" VPOS="2715" WIDTH="38" HEIGHT="75" STYLEREFS="font0"/><SP WIDTH="22" VPOS="2715" HPOS="271"/><String ID="p806_w506" CONTENT="dampr" HPOS="293" VPOS="2715" WIDTH="101" HEIGHT="75" STYLEREFS="font0"/><SP WIDTH="10" VPOS="2715" HPOS="394"/><String ID="p806_w507" CONTENT="cellars," HPOS="404" VPOS="2715" WIDTH="125" HEIGHT="75" STYLEREFS="font0"/><SP WIDTH="24" VPOS="2715" HPOS="529"/><String ID="p806_w508" CONTENT="it" HPOS="553" VPOS="2715" WIDTH="26" HEIGHT="75" STYLEREFS="font0"/><SP WIDTH="16" VPOS="2715" HPOS="579"/><String ID="p806_w509" CONTENT="is" HPOS="595" VPOS="2715" WIDTH="26" HEIGHT="75" STYLEREFS="font0"/><SP WIDTH="17" VPOS="2715" HPOS="621"/><String ID="p806_w510" CONTENT="beft" HPOS="638" VPOS="2715" WIDTH="66" HEIGHT="75" STYLEREFS="font0"/><SP WIDTH="28" VPOS="2715" HPOS="704"/><String ID="p806_w511" CONTENT="to" HPOS="732" VPOS="2715" WIDTH="33" HEIGHT="75" STYLEREFS="font0"/><SP WIDTH="25" VPOS="2715" HPOS="765"/><String ID="p806_w512" CONTENT="brew" HPOS="790" VPOS="2715" WIDTH="89" HEIGHT="75" STYLEREFS="font0"/><SP WIDTH="26" VPOS="2715" HPOS="879"/><String ID="p806_w513" CONTENT="in" HPOS="905" VPOS="2715" WIDTH="33" HEIGHT="75" STYLEREFS="font0"/><SP WIDTH="26" VPOS="2715" HPOS="938"/><String ID="p806_w514" CONTENT="March," HPOS="964" VPOS="2715" WIDTH="131" HEIGHT="75" STYLEREFS="font0"/><SP WIDTH="25" VPOS="2715" HPOS="1095"/><String ID="p806_w515" CONTENT="that" HPOS="1120" VPOS="2715" WIDTH="70" HEIGHT="75" STYLEREFS="font0"/><SP WIDTH="16" VPOS="2715" HPOS="1190"/><String ID="p806_w516" CONTENT="the" HPOS="1206" VPOS="2715" WIDTH="56" HEIGHT="75" STYLEREFS="font0"/></TextLine><TextLine WIDTH="1029" HEIGHT="75" ID="p806_t56" HPOS="234" VPOS="2761"><String ID="p806_w517" CONTENT="drink" HPOS="234" VPOS="2761" WIDTH="94" HEIGHT="75" STYLEREFS="font0"/><SP WIDTH="15" VPOS="2761" HPOS="328"/><String ID="p806_w518" CONTENT="may" HPOS="343" VPOS="2761" WIDTH="73" HEIGHT="75" STYLEREFS="font0"/><SP WIDTH="15" VPOS="2761" HPOS="416"/><String ID="p806_w519" CONTENT="have" HPOS="431" VPOS="2761" WIDTH="80" HEIGHT="75" STYLEREFS="font0"/><SP WIDTH="17" VPOS="2761" HPOS="511"/><String ID="p806_w520" CONTENT="time" HPOS="528" VPOS="2761" WIDTH="76" HEIGHT="75" STYLEREFS="font0"/><SP WIDTH="24" VPOS="2761" HPOS="604"/><String ID="p806_w521" CONTENT="to" HPOS="628" VPOS="2761" WIDTH="37" HEIGHT="75" STYLEREFS="font0"/><SP WIDTH="24" VPOS="2761" HPOS="665"/><String ID="p806_w522" CONTENT="fine" HPOS="689" VPOS="2761" WIDTH="61" HEIGHT="75" STYLEREFS="font0"/><SP WIDTH="16" VPOS="2761" HPOS="750"/><String ID="p806_w523" CONTENT="and" HPOS="766" VPOS="2761" WIDTH="62" HEIGHT="75" STYLEREFS="font0"/><SP WIDTH="15" VPOS="2761" HPOS="828"/><String ID="p806_w524" CONTENT="fettle" HPOS="843" VPOS="2761" WIDTH="91" HEIGHT="75" STYLEREFS="font0"/><SP WIDTH="16" VPOS="2761" HPOS="934"/><String ID="p806_w525" CONTENT="before" HPOS="950" VPOS="2761" WIDTH="111" HEIGHT="75" STYLEREFS="font0"/><SP WIDTH="16" VPOS="2761" HPOS="1061"/><String ID="p806_w526" CONTENT="the" HPOS="1077" VPOS="2761" WIDTH="55" HEIGHT="75" STYLEREFS="font0"/><SP WIDTH="17" VPOS="2761" HPOS="1132"/><String ID="p806_w527" CONTENT="winter" HPOS="1149" VPOS="2761" WIDTH="114" HEIGHT="75" STYLEREFS="font0"/></TextLine><TextLine WIDTH="1028" HEIGHT="75" ID="p806_t57" HPOS="232" VPOS="2805"><String ID="p806_w528" CONTENT="weather" HPOS="232" VPOS="2805" WIDTH="141" HEIGHT="75" STYLEREFS="font0"/><SP WIDTH="16" VPOS="2805" HPOS="373"/><String ID="p806_w529" CONTENT="is" HPOS="389" VPOS="2805" WIDTH="26" HEIGHT="75" STYLEREFS="font0"/><SP WIDTH="18" VPOS="2805" HPOS="415"/><String ID="p806_w530" CONTENT="advanced." HPOS="433" VPOS="2805" WIDTH="173" HEIGHT="75" STYLEREFS="font0"/><SP WIDTH="48" VPOS="2805" HPOS="606"/><String ID="p806_w531" CONTENT="Now," HPOS="654" VPOS="2805" WIDTH="99" HEIGHT="75" STYLEREFS="font0"/><SP WIDTH="26" VPOS="2805" HPOS="753"/><String ID="p806_w532" CONTENT="cellars" HPOS="779" VPOS="2805" WIDTH="112" HEIGHT="75" STYLEREFS="font0"/><SP WIDTH="27" VPOS="2805" HPOS="891"/><String ID="p806_w533" CONTENT="fhould" HPOS="918" VPOS="2805" WIDTH="111" HEIGHT="75" STYLEREFS="font0"/><SP WIDTH="16" VPOS="2805" HPOS="1029"/><String ID="p806_w534" CONTENT="have" HPOS="1045" VPOS="2805" WIDTH="80" HEIGHT="75" STYLEREFS="font0"/><SP WIDTH="16" VPOS="2805" HPOS="1125"/><String ID="p806_w535" CONTENT="double" HPOS="1141" VPOS="2805" WIDTH="119" HEIGHT="75" STYLEREFS="font0"/></TextLine><TextLine WIDTH="1025" HEIGHT="75" ID="p806_t58" HPOS="235" VPOS="2854"><String ID="p806_w536" CONTENT="or" HPOS="235" VPOS="2854" WIDTH="36" HEIGHT="75" STYLEREFS="font0"/><SP WIDTH="17" VPOS="2854" HPOS="271"/><String ID="p806_w537" CONTENT="treble" HPOS="288" VPOS="2854" WIDTH="101" HEIGHT="75" STYLEREFS="font0"/><SP WIDTH="16" VPOS="2854" HPOS="389"/><String ID="p806_w538" CONTENT="doors," HPOS="405" VPOS="2854" WIDTH="109" HEIGHT="75" STYLEREFS="font0"/><SP WIDTH="25" VPOS="2854" HPOS="514"/><String ID="p806_w539" CONTENT="that" HPOS="539" VPOS="2854" WIDTH="69" HEIGHT="75" STYLEREFS="font0"/><SP WIDTH="27" VPOS="2854" HPOS="608"/><String ID="p806_w540" CONTENT="the" HPOS="635" VPOS="2854" WIDTH="55" HEIGHT="75" STYLEREFS="font0"/><SP WIDTH="25" VPOS="2854" HPOS="690"/><String ID="p806_w541" CONTENT="outer" HPOS="715" VPOS="2854" WIDTH="92" HEIGHT="75" STYLEREFS="font0"/><SP WIDTH="24" VPOS="2854" HPOS="807"/><String ID="p806_w542" CONTENT="one" HPOS="831" VPOS="2854" WIDTH="60" HEIGHT="75" STYLEREFS="font0"/><SP WIDTH="29" VPOS="2854" HPOS="891"/><String ID="p806_w543" CONTENT="may" HPOS="920" VPOS="2854" WIDTH="73" HEIGHT="75" STYLEREFS="font0"/><SP WIDTH="16" VPOS="2854" HPOS="993"/><String ID="p806_w544" CONTENT="be" HPOS="1009" VPOS="2854" WIDTH="38" HEIGHT="75" STYLEREFS="font0"/><SP WIDTH="17" VPOS="2854" HPOS="1047"/><String ID="p806_w545" CONTENT="fhut" HPOS="1064" VPOS="2854" WIDTH="70" HEIGHT="75" STYLEREFS="font0"/><SP WIDTH="16" VPOS="2854" HPOS="1134"/><String ID="p806_w546" CONTENT="before" HPOS="1150" VPOS="2854" WIDTH="110" HEIGHT="75" STYLEREFS="font0"/></TextLine><TextLine WIDTH="1027" HEIGHT="75" ID="p806_t59" HPOS="233" VPOS="2900"><String ID="p806_w547" CONTENT="the" HPOS="233" VPOS="2900" WIDTH="57" HEIGHT="75" STYLEREFS="font0"/><SP WIDTH="17" VPOS="2900" HPOS="290"/><String ID="p806_w548" CONTENT="inner" HPOS="307" VPOS="2900" WIDTH="88" HEIGHT="75" STYLEREFS="font0"/><SP WIDTH="18" VPOS="2900" HPOS="395"/><String ID="p806_w549" CONTENT="one" HPOS="413" VPOS="2900" WIDTH="60" HEIGHT="75" STYLEREFS="font0"/><SP WIDTH="16" VPOS="2900" HPOS="473"/><String ID="p806_w550" CONTENT="is" HPOS="489" VPOS="2900" WIDTH="29" HEIGHT="75" STYLEREFS="font0"/><SP WIDTH="14" VPOS="2900" HPOS="518"/><String ID="p806_w551" CONTENT="opened," HPOS="532" VPOS="2900" WIDTH="135" HEIGHT="75" STYLEREFS="font0"/><SP WIDTH="26" VPOS="2900" HPOS="667"/><String ID="p806_w552" CONTENT="to" HPOS="693" VPOS="2900" WIDTH="34" HEIGHT="75" STYLEREFS="font0"/><SP WIDTH="14" VPOS="2900" HPOS="727"/><String ID="p806_w553" CONTENT="keep" HPOS="741" VPOS="2900" WIDTH="80" HEIGHT="75" STYLEREFS="font0"/><SP WIDTH="17" VPOS="2900" HPOS="821"/><String ID="p806_w554" CONTENT="the" HPOS="838" VPOS="2900" WIDTH="55" HEIGHT="75" STYLEREFS="font0"/><SP WIDTH="11" VPOS="2900" HPOS="893"/><String ID="p806_w555" CONTENT="air" HPOS="904" VPOS="2900" WIDTH="46" HEIGHT="75" STYLEREFS="font0"/><SP WIDTH="12" VPOS="2900" HPOS="950"/><String ID="p806_w556" CONTENT="out." HPOS="962" VPOS="2900" WIDTH="70" HEIGHT="75" STYLEREFS="font0"/><SP WIDTH="48" VPOS="2900" HPOS="1032"/><String ID="p806_w557" CONTENT="If" HPOS="1080" VPOS="2900" WIDTH="38" HEIGHT="75" STYLEREFS="font0"/><SP WIDTH="11" VPOS="2900" HPOS="1118"/><String ID="p806_w558" CONTENT="a" HPOS="1129" VPOS="2900" WIDTH="18" HEIGHT="75" STYLEREFS="font0"/><SP WIDTH="17" VPOS="2900" HPOS="1147"/><String ID="p806_w559" CONTENT="cellar" HPOS="1164" VPOS="2900" WIDTH="96" HEIGHT="75" STYLEREFS="font0"/></TextLine><TextLine WIDTH="1028" HEIGHT="75" ID="p806_t60" HPOS="233" VPOS="2946"><String ID="p806_w560" CONTENT="fee" HPOS="233" VPOS="2946" WIDTH="40" HEIGHT="75" STYLEREFS="font0"/><SP WIDTH="26" VPOS="2946" HPOS="273"/><String ID="p806_w561" CONTENT="kept" HPOS="299" VPOS="2946" WIDTH="77" HEIGHT="75" STYLEREFS="font0"/><SP WIDTH="28" VPOS="2946" HPOS="376"/><String ID="p806_w562" CONTENT="dry," HPOS="404" VPOS="2946" WIDTH="72" HEIGHT="75" STYLEREFS="font0"/><SP WIDTH="39" VPOS="2946" HPOS="476"/><String ID="p806_w563" CONTENT="and" HPOS="515" VPOS="2946" WIDTH="61" HEIGHT="75" STYLEREFS="font0"/><SP WIDTH="25" VPOS="2946" HPOS="576"/><String ID="p806_w564" CONTENT="have" HPOS="601" VPOS="2946" WIDTH="80" HEIGHT="75" STYLEREFS="font0"/><SP WIDTH="27" VPOS="2946" HPOS="681"/><String ID="p806_w565" CONTENT="double" HPOS="708" VPOS="2946" WIDTH="117" HEIGHT="75" STYLEREFS="font0"/><SP WIDTH="27" VPOS="2946" HPOS="825"/><String ID="p806_w566" CONTENT="doors," HPOS="852" VPOS="2946" WIDTH="108" HEIGHT="75" STYLEREFS="font0"/><SP WIDTH="24" VPOS="2946" HPOS="960"/><String ID="p806_w567" CONTENT="it" HPOS="984" VPOS="2946" WIDTH="27" HEIGHT="75" STYLEREFS="font0"/><SP WIDTH="31" VPOS="2946" HPOS="1011"/><String ID="p806_w568" CONTENT="is" HPOS="1042" VPOS="2946" WIDTH="25" HEIGHT="75" STYLEREFS="font0"/><SP WIDTH="34" VPOS="2946" HPOS="1067"/><String ID="p806_w569" CONTENT="reckoned" HPOS="1101" VPOS="2946" WIDTH="160" HEIGHT="75" STYLEREFS="font0"/></TextLine><TextLine WIDTH="1036" HEIGHT="75" ID="p806_t61" HPOS="233" VPOS="2992"><String ID="p806_w570" CONTENT="warm" HPOS="233" VPOS="2992" WIDTH="97" HEIGHT="75" STYLEREFS="font0"/><SP WIDTH="16" VPOS="2992" HPOS="330"/><String ID="p806_w571" CONTENT="in" HPOS="346" VPOS="2992" WIDTH="32" HEIGHT="75" STYLEREFS="font0"/><SP WIDTH="17" VPOS="2992" HPOS="378"/><String ID="p806_w572" CONTENT="winter," HPOS="395" VPOS="2992" WIDTH="125" HEIGHT="75" STYLEREFS="font0"/><SP WIDTH="31" VPOS="2992" HPOS="520"/><String ID="p806_w573" CONTENT="and" HPOS="551" VPOS="2992" WIDTH="59" HEIGHT="75" STYLEREFS="font0"/><SP WIDTH="30" VPOS="2992" HPOS="610"/><String ID="p806_w574" CONTENT="cool" HPOS="640" VPOS="2992" WIDTH="71" HEIGHT="75" STYLEREFS="font0"/><SP WIDTH="27" VPOS="2992" HPOS="711"/><String ID="p806_w575" CONTENT="in" HPOS="738" VPOS="2992" WIDTH="31" HEIGHT="75" STYLEREFS="font0"/><SP WIDTH="17" VPOS="2992" HPOS="769"/><String ID="p806_w576" CONTENT="fummer." HPOS="786" VPOS="2992" WIDTH="148" HEIGHT="75" STYLEREFS="font0"/><SP WIDTH="49" VPOS="2992" HPOS="934"/><String ID="p806_w577" CONTENT="But" HPOS="983" VPOS="2992" WIDTH="67" HEIGHT="75" STYLEREFS="font0"/><SP WIDTH="23" VPOS="2992" HPOS="1050"/><String ID="p806_w578" CONTENT="the" HPOS="1073" VPOS="2992" WIDTH="55" HEIGHT="75" STYLEREFS="font0"/><SP WIDTH="15" VPOS="2992" HPOS="1128"/><String ID="p806_w579" CONTENT="beft" HPOS="1143" VPOS="2992" WIDTH="65" HEIGHT="75" STYLEREFS="font0"/><SP WIDTH="17" VPOS="2992" HPOS="1208"/><String ID="p806_w580" CONTENT="of" HPOS="1225" VPOS="2992" WIDTH="44" HEIGHT="75" STYLEREFS="font0"/></TextLine><TextLine WIDTH="1026" HEIGHT="75" ID="p806_t62" HPOS="233" VPOS="3039"><String ID="p806_w581" CONTENT="ceiims" HPOS="233" VPOS="3039" WIDTH="111" HEIGHT="75" STYLEREFS="font0"/><SP WIDTH="17" VPOS="3039" HPOS="344"/><String ID="p806_w582" CONTENT="are" HPOS="361" VPOS="3039" WIDTH="52" HEIGHT="75" STYLEREFS="font0"/><SP WIDTH="25" VPOS="3039" HPOS="413"/><String ID="p806_w583" CONTENT="thought" HPOS="438" VPOS="3039" WIDTH="137" HEIGHT="75" STYLEREFS="font0"/><SP WIDTH="28" VPOS="3039" HPOS="575"/><String ID="p806_w584" CONTENT="to" HPOS="603" VPOS="3039" WIDTH="35" HEIGHT="75" STYLEREFS="font0"/><SP WIDTH="29" VPOS="3039" HPOS="638"/><String ID="p806_w585" CONTENT="be" HPOS="667" VPOS="3039" WIDTH="40" HEIGHT="75" STYLEREFS="font0"/><SP WIDTH="27" VPOS="3039" HPOS="707"/><String ID="p806_w586" CONTENT="thofe" HPOS="734" VPOS="3039" WIDTH="89" HEIGHT="75" STYLEREFS="font0"/><SP WIDTH="28" VPOS="3039" HPOS="823"/><String ID="p806_w587" CONTENT="in" HPOS="851" VPOS="3039" WIDTH="32" HEIGHT="75" STYLEREFS="font0"/><SP WIDTH="28" VPOS="3039" HPOS="883"/><String ID="p806_w588" CONTENT="chalks,," HPOS="911" VPOS="3039" WIDTH="137" HEIGHT="75" STYLEREFS="font0"/><SP WIDTH="11" VPOS="3039" HPOS="1048"/><String ID="p806_w589" CONTENT="gravels," HPOS="1059" VPOS="3039" WIDTH="137" HEIGHT="75" STYLEREFS="font0"/><SP WIDTH="25" VPOS="3039" HPOS="1196"/><String ID="p806_w590" CONTENT="or" HPOS="1221" VPOS="3039" WIDTH="38" HEIGHT="75" STYLEREFS="font0"/></TextLine><TextLine WIDTH="1031" HEIGHT="75" ID="p806_t63" HPOS="1313" VPOS="258"><String ID="p806_w591" CONTENT="fands;" HPOS="1313" VPOS="258" WIDTH="110" HEIGHT="75" STYLEREFS="font0"/><SP WIDTH="29" VPOS="258" HPOS="1423"/><String ID="p806_w592" CONTENT="and" HPOS="1452" VPOS="258" WIDTH="60" HEIGHT="75" STYLEREFS="font0"/><SP WIDTH="18" VPOS="258" HPOS="1512"/><String ID="p806_w593" CONTENT="particularly" HPOS="1530" VPOS="258" WIDTH="207" HEIGHT="75" STYLEREFS="font0"/><SP WIDTH="18" VPOS="258" HPOS="1737"/><String ID="p806_w594" CONTENT="in" HPOS="1755" VPOS="258" WIDTH="32" HEIGHT="75" STYLEREFS="font0"/><SP WIDTH="18" VPOS="258" HPOS="1787"/><String ID="p806_w595" CONTENT="chalks," HPOS="1805" VPOS="258" WIDTH="122" HEIGHT="75" STYLEREFS="font0"/><SP WIDTH="25" VPOS="258" HPOS="1927"/><String ID="p806_w596" CONTENT="which’are" HPOS="1952" VPOS="258" WIDTH="176" HEIGHT="75" STYLEREFS="font0"/><SP WIDTH="17" VPOS="258" HPOS="2128"/><String ID="p806_w597" CONTENT="of" HPOS="2145" VPOS="258" WIDTH="39" HEIGHT="75" STYLEREFS="font0"/><SP WIDTH="11" VPOS="258" HPOS="2184"/><String ID="p806_w598" CONTENT="a" HPOS="2195" VPOS="258" WIDTH="18" HEIGHT="75" STYLEREFS="font0"/><SP WIDTH="15" VPOS="258" HPOS="2213"/><String ID="p806_w599" CONTENT="drying" HPOS="2228" VPOS="258" WIDTH="116" HEIGHT="75" STYLEREFS="font0"/></TextLine><TextLine WIDTH="1027" HEIGHT="75" ID="p806_t64" HPOS="1315" VPOS="305"><String ID="p806_w600" CONTENT="quality" HPOS="1315" VPOS="305" WIDTH="124" HEIGHT="75" STYLEREFS="font0"/><SP WIDTH="22" VPOS="305" HPOS="1439"/><String ID="p806_w601" CONTENT="more" HPOS="1461" VPOS="305" WIDTH="89" HEIGHT="75" STYLEREFS="font0"/><SP WIDTH="11" VPOS="305" HPOS="1550"/><String ID="p806_w602" CONTENT=".than" HPOS="1561" VPOS="305" WIDTH="94" HEIGHT="75" STYLEREFS="font0"/><SP WIDTH="17" VPOS="305" HPOS="1655"/><String ID="p806_w603" CONTENT="any" HPOS="1672" VPOS="305" WIDTH="61" HEIGHT="75" STYLEREFS="font0"/><SP WIDTH="16" VPOS="305" HPOS="1733"/><String ID="p806_w604" CONTENT="other," HPOS="1749" VPOS="305" WIDTH="106" HEIGHT="75" STYLEREFS="font0"/><SP WIDTH="27" VPOS="305" HPOS="1855"/><String ID="p806_w605" CONTENT="and" HPOS="1882" VPOS="305" WIDTH="61" HEIGHT="75" STYLEREFS="font0"/><SP WIDTH="19" VPOS="305" HPOS="1943"/><String ID="p806_w606" CONTENT="ccnfequently" HPOS="1962" VPOS="305" WIDTH="225" HEIGHT="75" STYLEREFS="font0"/><SP WIDTH="16" VPOS="305" HPOS="2187"/><String ID="p806_w607" CONTENT="tiifiipati:" HPOS="2203" VPOS="305" WIDTH="139" HEIGHT="75" STYLEREFS="font0"/></TextLine><TextLine WIDTH="1036" HEIGHT="75" ID="p806_t65" HPOS="1313" VPOS="352"><String ID="p806_w608" CONTENT="damps" HPOS="1313" VPOS="352" WIDTH="109" HEIGHT="75" STYLEREFS="font0"/><SP WIDTH="16" VPOS="352" HPOS="1422"/><String ID="p806_w609" CONTENT=";" HPOS="1438" VPOS="352" WIDTH="9" HEIGHT="75" STYLEREFS="font0"/><SP WIDTH="28" VPOS="352" HPOS="1447"/><String ID="p806_w610" CONTENT="which" HPOS="1475" VPOS="352" WIDTH="104" HEIGHT="75" STYLEREFS="font0"/><SP WIDTH="17" VPOS="352" HPOS="1579"/><String ID="p806_w611" CONTENT="contributes" HPOS="1596" VPOS="352" WIDTH="197" HEIGHT="75" STYLEREFS="font0"/><SP WIDTH="18" VPOS="352" HPOS="1793"/><String ID="p806_w612" CONTENT="much" HPOS="1811" VPOS="352" WIDTH="93" HEIGHT="75" STYLEREFS="font0"/><SP WIDTH="19" VPOS="352" HPOS="1904"/><String ID="p806_w613" CONTENT="to" HPOS="1923" VPOS="352" WIDTH="33" HEIGHT="75" STYLEREFS="font0"/><SP WIDTH="18" VPOS="352" HPOS="1956"/><String ID="p806_w614" CONTENT="the" HPOS="1974" VPOS="352" WIDTH="54" HEIGHT="75" STYLEREFS="font0"/><SP WIDTH="23" VPOS="352" HPOS="2028"/><String ID="p806_w615" CONTENT="'" HPOS="2051" VPOS="352" WIDTH="7" HEIGHT="75" STYLEREFS="font0"/><String ID="p806_w616" CONTENT="gook" HPOS="2058" VPOS="352" WIDTH="82" HEIGHT="75" STYLEREFS="font0"/><SP WIDTH="19" VPOS="352" HPOS="2140"/><String ID="p806_w617" CONTENT="keeping" HPOS="2159" VPOS="352" WIDTH="134" HEIGHT="75" STYLEREFS="font0"/><SP WIDTH="15" VPOS="352" HPOS="2293"/><String ID="p806_w618" CONTENT="of" HPOS="2308" VPOS="352" WIDTH="41" HEIGHT="75" STYLEREFS="font0"/></TextLine><TextLine WIDTH="1028" HEIGHT="75" ID="p806_t66" HPOS="1315" VPOS="398"><String ID="p806_w619" CONTENT="the" HPOS="1315" VPOS="398" WIDTH="53" HEIGHT="75" STYLEREFS="font0"/><SP WIDTH="17" VPOS="398" HPOS="1368"/><String ID="p806_w620" CONTENT="drink," HPOS="1385" VPOS="398" WIDTH="107" HEIGHT="75" STYLEREFS="font0"/><SP WIDTH="25" VPOS="398" HPOS="1492"/><String ID="p806_w621" CONTENT="for" HPOS="1517" VPOS="398" WIDTH="52" HEIGHT="75" STYLEREFS="font0"/><SP WIDTH="15" VPOS="398" HPOS="1569"/><String ID="p806_w622" CONTENT="all" HPOS="1584" VPOS="398" WIDTH="42" HEIGHT="75" STYLEREFS="font0"/><SP WIDTH="16" VPOS="398" HPOS="1626"/><String ID="p806_w623" CONTENT="damp" HPOS="1642" VPOS="398" WIDTH="95" HEIGHT="75" STYLEREFS="font0"/><SP WIDTH="15" VPOS="398" HPOS="1737"/><String ID="p806_w624" CONTENT="cellars" HPOS="1752" VPOS="398" WIDTH="114" HEIGHT="75" STYLEREFS="font0"/><SP WIDTH="17" VPOS="398" HPOS="1866"/><String ID="p806_w625" CONTENT="are" HPOS="1883" VPOS="398" WIDTH="53" HEIGHT="75" STYLEREFS="font0"/><SP WIDTH="17" VPOS="398" HPOS="1936"/><String ID="p806_w626" CONTENT="prejudicial" HPOS="1953" VPOS="398" WIDTH="184" HEIGHT="75" STYLEREFS="font0"/><SP WIDTH="17" VPOS="398" HPOS="2137"/><String ID="p806_w627" CONTENT="to" HPOS="2154" VPOS="398" WIDTH="35" HEIGHT="75" STYLEREFS="font0"/><SP WIDTH="16" VPOS="398" HPOS="2189"/><String ID="p806_w628" CONTENT="the" HPOS="2205" VPOS="398" WIDTH="54" HEIGHT="75" STYLEREFS="font0"/><SP WIDTH="13" VPOS="398" HPOS="2259"/><String ID="p806_w629" CONTENT="pre-" HPOS="2272" VPOS="398" WIDTH="71" HEIGHT="75" STYLEREFS="font0"/></TextLine><TextLine WIDTH="1029" HEIGHT="75" ID="p806_t67" HPOS="1315" VPOS="446"><String ID="p806_w630" CONTENT="fervation" HPOS="1315" VPOS="446" WIDTH="154" HEIGHT="75" STYLEREFS="font0"/><SP WIDTH="17" VPOS="446" HPOS="1469"/><String ID="p806_w631" CONTENT="of" HPOS="1486" VPOS="446" WIDTH="41" HEIGHT="75" STYLEREFS="font0"/><SP WIDTH="11" VPOS="446" HPOS="1527"/><String ID="p806_w632" CONTENT="beers" HPOS="1538" VPOS="446" WIDTH="91" HEIGHT="75" STYLEREFS="font0"/><SP WIDTH="17" VPOS="446" HPOS="1629"/><String ID="p806_w633" CONTENT="and" HPOS="1646" VPOS="446" WIDTH="62" HEIGHT="75" STYLEREFS="font0"/><SP WIDTH="16" VPOS="446" HPOS="1708"/><String ID="p806_w634" CONTENT="ales," HPOS="1724" VPOS="446" WIDTH="78" HEIGHT="75" STYLEREFS="font0"/><SP WIDTH="24" VPOS="446" HPOS="1802"/><String ID="p806_w635" CONTENT="and" HPOS="1826" VPOS="446" WIDTH="62" HEIGHT="75" STYLEREFS="font0"/><SP WIDTH="17" VPOS="446" HPOS="1888"/><String ID="p806_w636" CONTENT="fooner" HPOS="1905" VPOS="446" WIDTH="111" HEIGHT="75" STYLEREFS="font0"/><SP WIDTH="17" VPOS="446" HPOS="2016"/><String ID="p806_w637" CONTENT="bring" HPOS="2033" VPOS="446" WIDTH="92" HEIGHT="75" STYLEREFS="font0"/><SP WIDTH="22" VPOS="446" HPOS="2125"/><String ID="p806_w638" CONTENT="on" HPOS="2147" VPOS="446" WIDTH="41" HEIGHT="75" STYLEREFS="font0"/><SP WIDTH="17" VPOS="446" HPOS="2188"/><String ID="p806_w639" CONTENT="the" HPOS="2205" VPOS="446" WIDTH="54" HEIGHT="75" STYLEREFS="font0"/><SP WIDTH="18" VPOS="446" HPOS="2259"/><String ID="p806_w640" CONTENT="rot-" HPOS="2277" VPOS="446" WIDTH="67" HEIGHT="75" STYLEREFS="font0"/></TextLine><TextLine WIDTH="1028" HEIGHT="75" ID="p806_t68" HPOS="1314" VPOS="489"><String ID="p806_w641" CONTENT="ting" HPOS="1314" VPOS="489" WIDTH="68" HEIGHT="75" STYLEREFS="font0"/><SP WIDTH="16" VPOS="489" HPOS="1382"/><String ID="p806_w642" CONTENT="of" HPOS="1398" VPOS="489" WIDTH="40" HEIGHT="75" STYLEREFS="font0"/><SP WIDTH="11" VPOS="489" HPOS="1438"/><String ID="p806_w643" CONTENT="the" HPOS="1449" VPOS="489" WIDTH="55" HEIGHT="75" STYLEREFS="font0"/><SP WIDTH="17" VPOS="489" HPOS="1504"/><String ID="p806_w644" CONTENT="cafks" HPOS="1521" VPOS="489" WIDTH="85" HEIGHT="75" STYLEREFS="font0"/><SP WIDTH="18" VPOS="489" HPOS="1606"/><String ID="p806_w645" CONTENT="and" HPOS="1624" VPOS="489" WIDTH="61" HEIGHT="75" STYLEREFS="font0"/><SP WIDTH="17" VPOS="489" HPOS="1685"/><String ID="p806_w646" CONTENT="hoops" HPOS="1702" VPOS="489" WIDTH="101" HEIGHT="75" STYLEREFS="font0"/><SP WIDTH="17" VPOS="489" HPOS="1803"/><String ID="p806_w647" CONTENT="than" HPOS="1820" VPOS="489" WIDTH="77" HEIGHT="75" STYLEREFS="font0"/><SP WIDTH="20" VPOS="489" HPOS="1897"/><String ID="p806_w648" CONTENT="the" HPOS="1917" VPOS="489" WIDTH="54" HEIGHT="75" STYLEREFS="font0"/><SP WIDTH="16" VPOS="489" HPOS="1971"/><String ID="p806_w649" CONTENT="dry" HPOS="1987" VPOS="489" WIDTH="62" HEIGHT="75" STYLEREFS="font0"/><SP WIDTH="15" VPOS="489" HPOS="2049"/><String ID="p806_w650" CONTENT="ones." HPOS="2064" VPOS="489" WIDTH="89" HEIGHT="75" STYLEREFS="font0"/><SP WIDTH="49" VPOS="489" HPOS="2153"/><String ID="p806_w651" CONTENT="Befides," HPOS="2202" VPOS="489" WIDTH="140" HEIGHT="75" STYLEREFS="font0"/></TextLine><TextLine WIDTH="1029" HEIGHT="75" ID="p806_t69" HPOS="1315" VPOS="535"><String ID="p806_w652" CONTENT="in" HPOS="1315" VPOS="535" WIDTH="30" HEIGHT="75" STYLEREFS="font0"/><SP WIDTH="27" VPOS="535" HPOS="1345"/><String ID="p806_w653" CONTENT="fuch" HPOS="1372" VPOS="535" WIDTH="76" HEIGHT="75" STYLEREFS="font0"/><SP WIDTH="17" VPOS="535" HPOS="1448"/><String ID="p806_w654" CONTENT="inclofed" HPOS="1465" VPOS="535" WIDTH="139" HEIGHT="75" STYLEREFS="font0"/><SP WIDTH="16" VPOS="535" HPOS="1604"/><String ID="p806_w655" CONTENT="cellars" HPOS="1620" VPOS="535" WIDTH="111" HEIGHT="75" STYLEREFS="font0"/><SP WIDTH="18" VPOS="535" HPOS="1731"/><String ID="p806_w656" CONTENT="and" HPOS="1749" VPOS="535" WIDTH="63" HEIGHT="75" STYLEREFS="font0"/><SP WIDTH="14" VPOS="535" HPOS="1812"/><String ID="p806_w657" CONTENT="temperate" HPOS="1826" VPOS="535" WIDTH="174" HEIGHT="75" STYLEREFS="font0"/><SP WIDTH="18" VPOS="535" HPOS="2000"/><String ID="p806_w658" CONTENT="air," HPOS="2018" VPOS="535" WIDTH="57" HEIGHT="75" STYLEREFS="font0"/><SP WIDTH="25" VPOS="535" HPOS="2075"/><String ID="p806_w659" CONTENT="the" HPOS="2100" VPOS="535" WIDTH="56" HEIGHT="75" STYLEREFS="font0"/><SP WIDTH="17" VPOS="535" HPOS="2156"/><String ID="p806_w660" CONTENT="beers" HPOS="2173" VPOS="535" WIDTH="89" HEIGHT="75" STYLEREFS="font0"/><SP WIDTH="18" VPOS="535" HPOS="2262"/><String ID="p806_w661" CONTENT="and" HPOS="2280" VPOS="535" WIDTH="64" HEIGHT="75" STYLEREFS="font0"/></TextLine><TextLine WIDTH="1025" HEIGHT="75" ID="p806_t70" HPOS="1315" VPOS="583"><String ID="p806_w662" CONTENT="ales" HPOS="1315" VPOS="583" WIDTH="62" HEIGHT="75" STYLEREFS="font0"/><SP WIDTH="20" VPOS="583" HPOS="1377"/><String ID="p806_w663" CONTENT="ripen" HPOS="1397" VPOS="583" WIDTH="87" HEIGHT="75" STYLEREFS="font0"/><SP WIDTH="16" VPOS="583" HPOS="1484"/><String ID="p806_w664" CONTENT="triore" HPOS="1500" VPOS="583" WIDTH="88" HEIGHT="75" STYLEREFS="font0"/><SP WIDTH="16" VPOS="583" HPOS="1588"/><String ID="p806_w665" CONTENT="kindly," HPOS="1604" VPOS="583" WIDTH="126" HEIGHT="75" STYLEREFS="font0"/><SP WIDTH="25" VPOS="583" HPOS="1730"/><String ID="p806_w666" CONTENT="are" HPOS="1755" VPOS="583" WIDTH="53" HEIGHT="75" STYLEREFS="font0"/><SP WIDTH="20" VPOS="583" HPOS="1808"/><String ID="p806_w667" CONTENT="better" HPOS="1828" VPOS="583" WIDTH="106" HEIGHT="75" STYLEREFS="font0"/><SP WIDTH="16" VPOS="583" HPOS="1934"/><String ID="p806_w668" CONTENT="digefted" HPOS="1950" VPOS="583" WIDTH="139" HEIGHT="75" STYLEREFS="font0"/><SP WIDTH="17" VPOS="583" HPOS="2089"/><String ID="p806_w669" CONTENT="and" HPOS="2106" VPOS="583" WIDTH="61" HEIGHT="75" STYLEREFS="font0"/><SP WIDTH="16" VPOS="583" HPOS="2167"/><String ID="p806_w670" CONTENT="foftened," HPOS="2183" VPOS="583" WIDTH="157" HEIGHT="75" STYLEREFS="font0"/></TextLine><TextLine WIDTH="1028" HEIGHT="75" ID="p806_t71" HPOS="1315" VPOS="630"><String ID="p806_w671" CONTENT="and" HPOS="1315" VPOS="630" WIDTH="60" HEIGHT="75" STYLEREFS="font0"/><SP WIDTH="16" VPOS="630" HPOS="1375"/><String ID="p806_w672" CONTENT="drink" HPOS="1391" VPOS="630" WIDTH="95" HEIGHT="75" STYLEREFS="font0"/><SP WIDTH="18" VPOS="630" HPOS="1486"/><String ID="p806_w673" CONTENT="fmoother" HPOS="1504" VPOS="630" WIDTH="159" HEIGHT="75" STYLEREFS="font0"/><SP WIDTH="16" VPOS="630" HPOS="1663"/><String ID="p806_w674" CONTENT=":" HPOS="1679" VPOS="630" WIDTH="10" HEIGHT="75" STYLEREFS="font0"/><SP WIDTH="25" VPOS="630" HPOS="1689"/><String ID="p806_w675" CONTENT="But," HPOS="1714" VPOS="630" WIDTH="79" HEIGHT="75" STYLEREFS="font0"/><SP WIDTH="25" VPOS="630" HPOS="1793"/><String ID="p806_w676" CONTENT="when" HPOS="1818" VPOS="630" WIDTH="94" HEIGHT="75" STYLEREFS="font0"/><SP WIDTH="16" VPOS="630" HPOS="1912"/><String ID="p806_w677" CONTENT="the" HPOS="1928" VPOS="630" WIDTH="54" HEIGHT="75" STYLEREFS="font0"/><SP WIDTH="17" VPOS="630" HPOS="1982"/><String ID="p806_w678" CONTENT="temperature" HPOS="1999" VPOS="630" WIDTH="214" HEIGHT="75" STYLEREFS="font0"/><SP WIDTH="16" VPOS="630" HPOS="2213"/><String ID="p806_w679" CONTENT="of" HPOS="2229" VPOS="630" WIDTH="40" HEIGHT="75" STYLEREFS="font0"/><SP WIDTH="17" VPOS="630" HPOS="2269"/><String ID="p806_w680" CONTENT="the" HPOS="2286" VPOS="630" WIDTH="57" HEIGHT="75" STYLEREFS="font0"/></TextLine><TextLine WIDTH="1024" HEIGHT="75" ID="p806_t72" HPOS="1315" VPOS="674"><String ID="p806_w681" CONTENT="air" HPOS="1315" VPOS="674" WIDTH="45" HEIGHT="75" STYLEREFS="font0"/><SP WIDTH="16" VPOS="674" HPOS="1360"/><String ID="p806_w682" CONTENT="in" HPOS="1376" VPOS="674" WIDTH="30" HEIGHT="75" STYLEREFS="font0"/><SP WIDTH="18" VPOS="674" HPOS="1406"/><String ID="p806_w683" CONTENT="the" HPOS="1424" VPOS="674" WIDTH="54" HEIGHT="75" STYLEREFS="font0"/><SP WIDTH="24" VPOS="674" HPOS="1478"/><String ID="p806_w684" CONTENT="cellar" HPOS="1502" VPOS="674" WIDTH="96" HEIGHT="75" STYLEREFS="font0"/><SP WIDTH="22" VPOS="674" HPOS="1598"/><String ID="p806_w685" CONTENT="is" HPOS="1620" VPOS="674" WIDTH="27" HEIGHT="75" STYLEREFS="font0"/><SP WIDTH="25" VPOS="674" HPOS="1647"/><String ID="p806_w686" CONTENT="unequal," HPOS="1672" VPOS="674" WIDTH="151" HEIGHT="75" STYLEREFS="font0"/><SP WIDTH="28" VPOS="674" HPOS="1823"/><String ID="p806_w687" CONTENT="the" HPOS="1851" VPOS="674" WIDTH="55" HEIGHT="75" STYLEREFS="font0"/><SP WIDTH="22" VPOS="674" HPOS="1906"/><String ID="p806_w688" CONTENT="drink" HPOS="1928" VPOS="674" WIDTH="94" HEIGHT="75" STYLEREFS="font0"/><SP WIDTH="16" VPOS="674" HPOS="2022"/><String ID="p806_w689" CONTENT="foon" HPOS="2038" VPOS="674" WIDTH="75" HEIGHT="75" STYLEREFS="font0"/><SP WIDTH="18" VPOS="674" HPOS="2113"/><String ID="p806_w690" CONTENT="grows" HPOS="2131" VPOS="674" WIDTH="103" HEIGHT="75" STYLEREFS="font0"/><SP WIDTH="18" VPOS="674" HPOS="2234"/><String ID="p806_w691" CONTENT="ftale." HPOS="2252" VPOS="674" WIDTH="87" HEIGHT="75" STYLEREFS="font0"/></TextLine><TextLine WIDTH="1028" HEIGHT="75" ID="p806_t73" HPOS="1313" VPOS="723"><String ID="p806_w692" CONTENT="Though" HPOS="1313" VPOS="723" WIDTH="143" HEIGHT="75" STYLEREFS="font0"/><SP WIDTH="17" VPOS="723" HPOS="1456"/><String ID="p806_w693" CONTENT="malt-liquor" HPOS="1473" VPOS="723" WIDTH="202" HEIGHT="75" STYLEREFS="font0"/><SP WIDTH="12" VPOS="723" HPOS="1675"/><String ID="p806_w694" CONTENT="be" HPOS="1687" VPOS="723" WIDTH="39" HEIGHT="75" STYLEREFS="font0"/><SP WIDTH="17" VPOS="723" HPOS="1726"/><String ID="p806_w695" CONTENT="truly" HPOS="1743" VPOS="723" WIDTH="86" HEIGHT="75" STYLEREFS="font0"/><SP WIDTH="16" VPOS="723" HPOS="1829"/><String ID="p806_w696" CONTENT="brewed," HPOS="1845" VPOS="723" WIDTH="142" HEIGHT="75" STYLEREFS="font0"/><SP WIDTH="17" VPOS="723" HPOS="1987"/><String ID="p806_w697" CONTENT="yet" HPOS="2004" VPOS="723" WIDTH="55" HEIGHT="75" STYLEREFS="font0"/><SP WIDTH="11" VPOS="723" HPOS="2059"/><String ID="p806_w698" CONTENT="it" HPOS="2070" VPOS="723" WIDTH="26" HEIGHT="75" STYLEREFS="font0"/><SP WIDTH="12" VPOS="723" HPOS="2096"/><String ID="p806_w699" CONTENT="is" HPOS="2108" VPOS="723" WIDTH="25" HEIGHT="75" STYLEREFS="font0"/><SP WIDTH="13" VPOS="723" HPOS="2133"/><String ID="p806_w700" CONTENT="often" HPOS="2146" VPOS="723" WIDTH="87" HEIGHT="75" STYLEREFS="font0"/><SP WIDTH="14" VPOS="723" HPOS="2233"/><String ID="p806_w701" CONTENT="('" HPOS="2247" VPOS="723" WIDTH="20" HEIGHT="75" STYLEREFS="font0"/><String ID="p806_w702" CONTENT="poll-" HPOS="2267" VPOS="723" WIDTH="74" HEIGHT="75" STYLEREFS="font0"/></TextLine><TextLine WIDTH="1026" HEIGHT="75" ID="p806_t74" HPOS="1314" VPOS="767"><String ID="p806_w703" CONTENT="ed" HPOS="1314" VPOS="767" WIDTH="39" HEIGHT="75" STYLEREFS="font0"/><SP WIDTH="17" VPOS="767" HPOS="1353"/><String ID="p806_w704" CONTENT="in" HPOS="1370" VPOS="767" WIDTH="32" HEIGHT="75" STYLEREFS="font0"/><SP WIDTH="17" VPOS="767" HPOS="1402"/><String ID="p806_w705" CONTENT="a" HPOS="1419" VPOS="767" WIDTH="18" HEIGHT="75" STYLEREFS="font0"/><SP WIDTH="15" VPOS="767" HPOS="1437"/><String ID="p806_w706" CONTENT="bad" HPOS="1452" VPOS="767" WIDTH="63" HEIGHT="75" STYLEREFS="font0"/><SP WIDTH="13" VPOS="767" HPOS="1515"/><String ID="p806_w707" CONTENT="cellar," HPOS="1528" VPOS="767" WIDTH="108" HEIGHT="75" STYLEREFS="font0"/><SP WIDTH="27" VPOS="767" HPOS="1636"/><String ID="p806_w708" CONTENT="that" HPOS="1663" VPOS="767" WIDTH="71" HEIGHT="75" STYLEREFS="font0"/><SP WIDTH="16" VPOS="767" HPOS="1734"/><String ID="p806_w709" CONTENT="occafions" HPOS="1750" VPOS="767" WIDTH="156" HEIGHT="75" STYLEREFS="font0"/><SP WIDTH="20" VPOS="767" HPOS="1906"/><String ID="p806_w710" CONTENT="fuch" HPOS="1926" VPOS="767" WIDTH="75" HEIGHT="75" STYLEREFS="font0"/><SP WIDTH="17" VPOS="767" HPOS="2001"/><String ID="p806_w711" CONTENT="alternate" HPOS="2018" VPOS="767" WIDTH="154" HEIGHT="75" STYLEREFS="font0"/><SP WIDTH="16" VPOS="767" HPOS="2172"/><String ID="p806_w712" CONTENT="ferment-" HPOS="2188" VPOS="767" WIDTH="152" HEIGHT="75" STYLEREFS="font0"/></TextLine><TextLine WIDTH="1027" HEIGHT="75" ID="p806_t75" HPOS="1313" VPOS="816"><String ID="p806_w713" CONTENT="ations" HPOS="1313" VPOS="816" WIDTH="102" HEIGHT="75" STYLEREFS="font0"/><SP WIDTH="17" VPOS="816" HPOS="1415"/><String ID="p806_w714" CONTENT="as" HPOS="1432" VPOS="816" WIDTH="33" HEIGHT="75" STYLEREFS="font0"/><SP WIDTH="19" VPOS="816" HPOS="1465"/><String ID="p806_w715" CONTENT="to" HPOS="1484" VPOS="816" WIDTH="33" HEIGHT="75" STYLEREFS="font0"/><SP WIDTH="16" VPOS="816" HPOS="1517"/><String ID="p806_w716" CONTENT="make" HPOS="1533" VPOS="816" WIDTH="92" HEIGHT="75" STYLEREFS="font0"/><SP WIDTH="16" VPOS="816" HPOS="1625"/><String ID="p806_w717" CONTENT="it" HPOS="1641" VPOS="816" WIDTH="27" HEIGHT="75" STYLEREFS="font0"/><SP WIDTH="16" VPOS="816" HPOS="1668"/><String ID="p806_w718" CONTENT="thick" HPOS="1684" VPOS="816" WIDTH="90" HEIGHT="75" STYLEREFS="font0"/><SP WIDTH="16" VPOS="816" HPOS="1774"/><String ID="p806_w719" CONTENT="and" HPOS="1790" VPOS="816" WIDTH="62" HEIGHT="75" STYLEREFS="font0"/><SP WIDTH="16" VPOS="816" HPOS="1852"/><String ID="p806_w720" CONTENT="four," HPOS="1868" VPOS="816" WIDTH="85" HEIGHT="75" STYLEREFS="font0"/><SP WIDTH="26" VPOS="816" HPOS="1953"/><String ID="p806_w721" CONTENT="though" HPOS="1979" VPOS="816" WIDTH="122" HEIGHT="75" STYLEREFS="font0"/><SP WIDTH="17" VPOS="816" HPOS="2101"/><String ID="p806_w722" CONTENT="it" HPOS="2118" VPOS="816" WIDTH="27" HEIGHT="75" STYLEREFS="font0"/><SP WIDTH="16" VPOS="816" HPOS="2145"/><String ID="p806_w723" CONTENT="fometimes" HPOS="2161" VPOS="816" WIDTH="179" HEIGHT="75" STYLEREFS="font0"/></TextLine><TextLine WIDTH="1047" HEIGHT="75" ID="p806_t76" HPOS="1313" VPOS="862"><String ID="p806_w724" CONTENT="happens" HPOS="1313" VPOS="862" WIDTH="139" HEIGHT="75" STYLEREFS="font0"/><SP WIDTH="35" VPOS="862" HPOS="1452"/><String ID="p806_w725" CONTENT="that" HPOS="1487" VPOS="862" WIDTH="71" HEIGHT="75" STYLEREFS="font0"/><SP WIDTH="31" VPOS="862" HPOS="1558"/><String ID="p806_w726" CONTENT="after" HPOS="1589" VPOS="862" WIDTH="83" HEIGHT="75" STYLEREFS="font0"/><SP WIDTH="28" VPOS="862" HPOS="1672"/><String ID="p806_w727" CONTENT="fuch" HPOS="1700" VPOS="862" WIDTH="74" HEIGHT="75" STYLEREFS="font0"/><SP WIDTH="23" VPOS="862" HPOS="1774"/><String ID="p806_w728" CONTENT="changes" HPOS="1797" VPOS="862" WIDTH="138" HEIGHT="75" STYLEREFS="font0"/><SP WIDTH="32" VPOS="862" HPOS="1935"/><String ID="p806_w729" CONTENT="it" HPOS="1967" VPOS="862" WIDTH="26" HEIGHT="75" STYLEREFS="font0"/><SP WIDTH="27" VPOS="862" HPOS="1993"/><String ID="p806_w730" CONTENT="fines" HPOS="2020" VPOS="862" WIDTH="77" HEIGHT="75" STYLEREFS="font0"/><SP WIDTH="27" VPOS="862" HPOS="2097"/><String ID="p806_w731" CONTENT="itfelf" HPOS="2124" VPOS="862" WIDTH="90" HEIGHT="75" STYLEREFS="font0"/><SP WIDTH="23" VPOS="862" HPOS="2214"/><String ID="p806_w732" CONTENT="again.'" HPOS="2237" VPOS="862" WIDTH="123" HEIGHT="75" STYLEREFS="font0"/></TextLine><TextLine WIDTH="1051" HEIGHT="75" ID="p806_t77" HPOS="1311" VPOS="906"><String ID="p806_w733" CONTENT="To" HPOS="1311" VPOS="906" WIDTH="56" HEIGHT="75" STYLEREFS="font0"/><SP WIDTH="13" VPOS="906" HPOS="1367"/><String ID="p806_w734" CONTENT="prevent" HPOS="1380" VPOS="906" WIDTH="130" HEIGHT="75" STYLEREFS="font0"/><SP WIDTH="12" VPOS="906" HPOS="1510"/><String ID="p806_w735" CONTENT="thefe" HPOS="1522" VPOS="906" WIDTH="87" HEIGHT="75" STYLEREFS="font0"/><SP WIDTH="13" VPOS="906" HPOS="1609"/><String ID="p806_w736" CONTENT="commotions" HPOS="1622" VPOS="906" WIDTH="210" HEIGHT="75" STYLEREFS="font0"/><SP WIDTH="12" VPOS="906" HPOS="1832"/><String ID="p806_w737" CONTENT="of" HPOS="1844" VPOS="906" WIDTH="40" HEIGHT="75" STYLEREFS="font0"/><SP WIDTH="11" VPOS="906" HPOS="1884"/><String ID="p806_w738" CONTENT="the" HPOS="1895" VPOS="906" WIDTH="54" HEIGHT="75" STYLEREFS="font0"/><SP WIDTH="12" VPOS="906" HPOS="1949"/><String ID="p806_w739" CONTENT="beer," HPOS="1961" VPOS="906" WIDTH="87" HEIGHT="75" STYLEREFS="font0"/><SP WIDTH="14" VPOS="906" HPOS="2048"/><String ID="p806_w740" CONTENT="fome" HPOS="2062" VPOS="906" WIDTH="85" HEIGHT="75" STYLEREFS="font0"/><SP WIDTH="11" VPOS="906" HPOS="2147"/><String ID="p806_w741" CONTENT="brew" HPOS="2158" VPOS="906" WIDTH="88" HEIGHT="75" STYLEREFS="font0"/><SP WIDTH="13" VPOS="906" HPOS="2246"/><String ID="p806_w742" CONTENT="their-" HPOS="2259" VPOS="906" WIDTH="103" HEIGHT="75" STYLEREFS="font0"/></TextLine><TextLine WIDTH="1028" HEIGHT="75" ID="p806_t78" HPOS="1312" VPOS="952"><String ID="p806_w743" CONTENT="pale" HPOS="1312" VPOS="952" WIDTH="69" HEIGHT="75" STYLEREFS="font0"/><SP WIDTH="18" VPOS="952" HPOS="1381"/><String ID="p806_w744" CONTENT="malt" HPOS="1399" VPOS="952" WIDTH="77" HEIGHT="75" STYLEREFS="font0"/><SP WIDTH="16" VPOS="952" HPOS="1476"/><String ID="p806_w745" CONTENT="in" HPOS="1492" VPOS="952" WIDTH="31" HEIGHT="75" STYLEREFS="font0"/><SP WIDTH="17" VPOS="952" HPOS="1523"/><String ID="p806_w746" CONTENT="March," HPOS="1540" VPOS="952" WIDTH="130" HEIGHT="75" STYLEREFS="font0"/><SP WIDTH="27" VPOS="952" HPOS="1670"/><String ID="p806_w747" CONTENT="and" HPOS="1697" VPOS="952" WIDTH="62" HEIGHT="75" STYLEREFS="font0"/><SP WIDTH="27" VPOS="952" HPOS="1759"/><String ID="p806_w748" CONTENT="their" HPOS="1786" VPOS="952" WIDTH="82" HEIGHT="75" STYLEREFS="font0"/><SP WIDTH="28" VPOS="952" HPOS="1868"/><String ID="p806_w749" CONTENT="brown" HPOS="1896" VPOS="952" WIDTH="110" HEIGHT="75" STYLEREFS="font0"/><SP WIDTH="28" VPOS="952" HPOS="2006"/><String ID="p806_w750" CONTENT="in" HPOS="2034" VPOS="952" WIDTH="31" HEIGHT="75" STYLEREFS="font0"/><SP WIDTH="29" VPOS="952" HPOS="2065"/><String ID="p806_w751" CONTENT="Oftober" HPOS="2094" VPOS="952" WIDTH="142" HEIGHT="75" STYLEREFS="font0"/><SP WIDTH="13" VPOS="952" HPOS="2236"/><String ID="p806_w752" CONTENT=";" HPOS="2249" VPOS="952" WIDTH="9" HEIGHT="75" STYLEREFS="font0"/><SP WIDTH="28" VPOS="952" HPOS="2258"/><String ID="p806_w753" CONTENT="be-" HPOS="2286" VPOS="952" WIDTH="54" HEIGHT="75" STYLEREFS="font0"/></TextLine><TextLine WIDTH="1031" HEIGHT="75" ID="p806_t79" HPOS="1310" VPOS="1000"><String ID="p806_w754" CONTENT="caufe" HPOS="1310" VPOS="1000" WIDTH="90" HEIGHT="75" STYLEREFS="font0"/><SP WIDTH="14" VPOS="1000" HPOS="1400"/><String ID="p806_w755" CONTENT="the" HPOS="1414" VPOS="1000" WIDTH="53" HEIGHT="75" STYLEREFS="font0"/><SP WIDTH="21" VPOS="1000" HPOS="1467"/><String ID="p806_w756" CONTENT="pale" HPOS="1488" VPOS="1000" WIDTH="68" HEIGHT="75" STYLEREFS="font0"/><SP WIDTH="13" VPOS="1000" HPOS="1556"/><String ID="p806_w757" CONTENT="malt," HPOS="1569" VPOS="1000" WIDTH="90" HEIGHT="75" STYLEREFS="font0"/><SP WIDTH="26" VPOS="1000" HPOS="1659"/><String ID="p806_w758" CONTENT="having" HPOS="1685" VPOS="1000" WIDTH="116" HEIGHT="75" STYLEREFS="font0"/><SP WIDTH="16" VPOS="1000" HPOS="1801"/><String ID="p806_w759" CONTENT="not" HPOS="1817" VPOS="1000" WIDTH="56" HEIGHT="75" STYLEREFS="font0"/><SP WIDTH="15" VPOS="1000" HPOS="1873"/><String ID="p806_w760" CONTENT="fp" HPOS="1888" VPOS="1000" WIDTH="34" HEIGHT="75" STYLEREFS="font0"/><SP WIDTH="16" VPOS="1000" HPOS="1922"/><String ID="p806_w761" CONTENT="many" HPOS="1938" VPOS="1000" WIDTH="94" HEIGHT="75" STYLEREFS="font0"/><SP WIDTH="15" VPOS="1000" HPOS="2032"/><String ID="p806_w762" CONTENT="fiery" HPOS="2047" VPOS="1000" WIDTH="79" HEIGHT="75" STYLEREFS="font0"/><SP WIDTH="16" VPOS="1000" HPOS="2126"/><String ID="p806_w763" CONTENT="particles" HPOS="2142" VPOS="1000" WIDTH="149" HEIGHT="75" STYLEREFS="font0"/><SP WIDTH="17" VPOS="1000" HPOS="2291"/><String ID="p806_w764" CONTENT="in" HPOS="2308" VPOS="1000" WIDTH="33" HEIGHT="75" STYLEREFS="font0"/></TextLine><TextLine WIDTH="1031" HEIGHT="75" ID="p806_t80" HPOS="1310" VPOS="1045"><String ID="p806_w765" CONTENT="it" HPOS="1310" VPOS="1045" WIDTH="25" HEIGHT="75" STYLEREFS="font0"/><SP WIDTH="18" VPOS="1045" HPOS="1335"/><String ID="p806_w766" CONTENT="as" HPOS="1353" VPOS="1045" WIDTH="33" HEIGHT="75" STYLEREFS="font0"/><SP WIDTH="17" VPOS="1045" HPOS="1386"/><String ID="p806_w767" CONTENT="the" HPOS="1403" VPOS="1045" WIDTH="55" HEIGHT="75" STYLEREFS="font0"/><SP WIDTH="15" VPOS="1045" HPOS="1458"/><String ID="p806_w768" CONTENT="brown," HPOS="1473" VPOS="1045" WIDTH="123" HEIGHT="75" STYLEREFS="font0"/><SP WIDTH="25" VPOS="1045" HPOS="1596"/><String ID="p806_w769" CONTENT="(lands" HPOS="1621" VPOS="1045" WIDTH="105" HEIGHT="75" STYLEREFS="font0"/><SP WIDTH="27" VPOS="1045" HPOS="1726"/><String ID="p806_w770" CONTENT="more" HPOS="1753" VPOS="1045" WIDTH="89" HEIGHT="75" STYLEREFS="font0"/><SP WIDTH="22" VPOS="1045" HPOS="1842"/><String ID="p806_w771" CONTENT="in" HPOS="1864" VPOS="1045" WIDTH="32" HEIGHT="75" STYLEREFS="font0"/><SP WIDTH="28" VPOS="1045" HPOS="1896"/><String ID="p806_w772" CONTENT="need" HPOS="1924" VPOS="1045" WIDTH="80" HEIGHT="75" STYLEREFS="font0"/><SP WIDTH="28" VPOS="1045" HPOS="2004"/><String ID="p806_w773" CONTENT="of" HPOS="2032" VPOS="1045" WIDTH="38" HEIGHT="75" STYLEREFS="font0"/><SP WIDTH="24" VPOS="1045" HPOS="2070"/><String ID="p806_w774" CONTENT="the" HPOS="2094" VPOS="1045" WIDTH="55" HEIGHT="75" STYLEREFS="font0"/><SP WIDTH="28" VPOS="1045" HPOS="2149"/><String ID="p806_w775" CONTENT="fummer" HPOS="2177" VPOS="1045" WIDTH="133" HEIGHT="75" STYLEREFS="font0"/><SP WIDTH="15" VPOS="1045" HPOS="2310"/><String ID="p806_w776" CONTENT="s" HPOS="2325" VPOS="1045" WIDTH="16" HEIGHT="75" STYLEREFS="font0"/></TextLine><TextLine WIDTH="1032" HEIGHT="75" ID="p806_t81" HPOS="1311" VPOS="1093"><String ID="p806_w777" CONTENT="weather" HPOS="1311" VPOS="1093" WIDTH="142" HEIGHT="75" STYLEREFS="font0"/><SP WIDTH="16" VPOS="1093" HPOS="1453"/><String ID="p806_w778" CONTENT="to" HPOS="1469" VPOS="1093" WIDTH="34" HEIGHT="75" STYLEREFS="font0"/><SP WIDTH="17" VPOS="1093" HPOS="1503"/><String ID="p806_w779" CONTENT="ripen" HPOS="1520" VPOS="1093" WIDTH="88" HEIGHT="75" STYLEREFS="font0"/><SP WIDTH="25" VPOS="1093" HPOS="1608"/><String ID="p806_w780" CONTENT="it," HPOS="1633" VPOS="1093" WIDTH="37" HEIGHT="75" STYLEREFS="font0"/><SP WIDTH="26" VPOS="1093" HPOS="1670"/><String ID="p806_w781" CONTENT="while" HPOS="1696" VPOS="1093" WIDTH="95" HEIGHT="75" STYLEREFS="font0"/><SP WIDTH="28" VPOS="1093" HPOS="1791"/><String ID="p806_w782" CONTENT="the" HPOS="1819" VPOS="1093" WIDTH="55" HEIGHT="75" STYLEREFS="font0"/><SP WIDTH="25" VPOS="1093" HPOS="1874"/><String ID="p806_w783" CONTENT="brown" HPOS="1899" VPOS="1093" WIDTH="109" HEIGHT="75" STYLEREFS="font0"/><SP WIDTH="23" VPOS="1093" HPOS="2008"/><String ID="p806_w784" CONTENT="fort," HPOS="2031" VPOS="1093" WIDTH="77" HEIGHT="75" STYLEREFS="font0"/><SP WIDTH="26" VPOS="1093" HPOS="2108"/><String ID="p806_w785" CONTENT="being" HPOS="2134" VPOS="1093" WIDTH="93" HEIGHT="75" STYLEREFS="font0"/><SP WIDTH="26" VPOS="1093" HPOS="2227"/><String ID="p806_w786" CONTENT="more" HPOS="2253" VPOS="1093" WIDTH="90" HEIGHT="75" STYLEREFS="font0"/></TextLine><TextLine WIDTH="1032" HEIGHT="75" ID="p806_t82" HPOS="1310" VPOS="1139"><String ID="p806_w787" CONTENT="hard" HPOS="1310" VPOS="1139" WIDTH="82" HEIGHT="75" STYLEREFS="font0"/><SP WIDTH="16" VPOS="1139" HPOS="1392"/><String ID="p806_w788" CONTENT="and" HPOS="1408" VPOS="1139" WIDTH="62" HEIGHT="75" STYLEREFS="font0"/><SP WIDTH="25" VPOS="1139" HPOS="1470"/><String ID="p806_w789" CONTENT="dry," HPOS="1495" VPOS="1139" WIDTH="72" HEIGHT="75" STYLEREFS="font0"/><SP WIDTH="25" VPOS="1139" HPOS="1567"/><String ID="p806_w790" CONTENT="is" HPOS="1592" VPOS="1139" WIDTH="27" HEIGHT="75" STYLEREFS="font0"/><SP WIDTH="29" VPOS="1139" HPOS="1619"/><String ID="p806_w791" CONTENT="better" HPOS="1648" VPOS="1139" WIDTH="104" HEIGHT="75" STYLEREFS="font0"/><SP WIDTH="28" VPOS="1139" HPOS="1752"/><String ID="p806_w792" CONTENT="able" HPOS="1780" VPOS="1139" WIDTH="70" HEIGHT="75" STYLEREFS="font0"/><SP WIDTH="17" VPOS="1139" HPOS="1850"/><String ID="p806_w793" CONTENT="to" HPOS="1867" VPOS="1139" WIDTH="34" HEIGHT="75" STYLEREFS="font0"/><SP WIDTH="17" VPOS="1139" HPOS="1901"/><String ID="p806_w794" CONTENT="defend" HPOS="1918" VPOS="1139" WIDTH="117" HEIGHT="75" STYLEREFS="font0"/><SP WIDTH="15" VPOS="1139" HPOS="2035"/><String ID="p806_w795" CONTENT="itfelf" HPOS="2050" VPOS="1139" WIDTH="90" HEIGHT="75" STYLEREFS="font0"/><SP WIDTH="12" VPOS="1139" HPOS="2140"/><String ID="p806_w796" CONTENT="againft" HPOS="2152" VPOS="1139" WIDTH="116" HEIGHT="75" STYLEREFS="font0"/><SP WIDTH="17" VPOS="1139" HPOS="2268"/><String ID="p806_w797" CONTENT="the" HPOS="2285" VPOS="1139" WIDTH="57" HEIGHT="75" STYLEREFS="font0"/></TextLine><TextLine WIDTH="1027" HEIGHT="75" ID="p806_t83" HPOS="1311" VPOS="1187"><String ID="p806_w798" CONTENT="winter-colds" HPOS="1311" VPOS="1187" WIDTH="217" HEIGHT="75" STYLEREFS="font0"/><SP WIDTH="17" VPOS="1187" HPOS="1528"/><String ID="p806_w799" CONTENT="that" HPOS="1545" VPOS="1187" WIDTH="71" HEIGHT="75" STYLEREFS="font0"/><SP WIDTH="18" VPOS="1187" HPOS="1616"/><String ID="p806_w800" CONTENT="will" HPOS="1634" VPOS="1187" WIDTH="65" HEIGHT="75" STYLEREFS="font0"/><SP WIDTH="16" VPOS="1187" HPOS="1699"/><String ID="p806_w801" CONTENT="help" HPOS="1715" VPOS="1187" WIDTH="75" HEIGHT="75" STYLEREFS="font0"/><SP WIDTH="16" VPOS="1187" HPOS="1790"/><String ID="p806_w802" CONTENT="to" HPOS="1806" VPOS="1187" WIDTH="35" HEIGHT="75" STYLEREFS="font0"/><SP WIDTH="16" VPOS="1187" HPOS="1841"/><String ID="p806_w803" CONTENT="fmooth" HPOS="1857" VPOS="1187" WIDTH="123" HEIGHT="75" STYLEREFS="font0"/><SP WIDTH="17" VPOS="1187" HPOS="1980"/><String ID="p806_w804" CONTENT="its" HPOS="1997" VPOS="1187" WIDTH="41" HEIGHT="75" STYLEREFS="font0"/><SP WIDTH="17" VPOS="1187" HPOS="2038"/><String ID="p806_w805" CONTENT="harfh" HPOS="2055" VPOS="1187" WIDTH="90" HEIGHT="75" STYLEREFS="font0"/><SP WIDTH="19" VPOS="1187" HPOS="2145"/><String ID="p806_w806" CONTENT="particles" HPOS="2164" VPOS="1187" WIDTH="149" HEIGHT="75" STYLEREFS="font0"/><SP WIDTH="14" VPOS="1187" HPOS="2313"/><String ID="p806_w807" CONTENT=";" HPOS="2327" VPOS="1187" WIDTH="11" HEIGHT="75" STYLEREFS="font0"/></TextLine><TextLine WIDTH="1028" HEIGHT="75" ID="p806_t84" HPOS="1311" VPOS="1231"><String ID="p806_w808" CONTENT="yet," HPOS="1311" VPOS="1231" WIDTH="66" HEIGHT="75" STYLEREFS="font0"/><SP WIDTH="34" VPOS="1231" HPOS="1377"/><String ID="p806_w809" CONTENT="when" HPOS="1411" VPOS="1231" WIDTH="91" HEIGHT="75" STYLEREFS="font0"/><SP WIDTH="26" VPOS="1231" HPOS="1502"/><String ID="p806_w810" CONTENT="they" HPOS="1528" VPOS="1231" WIDTH="78" HEIGHT="75" STYLEREFS="font0"/><SP WIDTH="25" VPOS="1231" HPOS="1606"/><String ID="p806_w811" CONTENT="happen" HPOS="1631" VPOS="1231" WIDTH="124" HEIGHT="75" STYLEREFS="font0"/><SP WIDTH="25" VPOS="1231" HPOS="1755"/><String ID="p806_w812" CONTENT="to" HPOS="1780" VPOS="1231" WIDTH="33" HEIGHT="75" STYLEREFS="font0"/><SP WIDTH="28" VPOS="1231" HPOS="1813"/><String ID="p806_w813" CONTENT="be" HPOS="1841" VPOS="1231" WIDTH="40" HEIGHT="75" STYLEREFS="font0"/><SP WIDTH="24" VPOS="1231" HPOS="1881"/><String ID="p806_w814" CONTENT="too" HPOS="1905" VPOS="1231" WIDTH="55" HEIGHT="75" STYLEREFS="font0"/><SP WIDTH="25" VPOS="1231" HPOS="1960"/><String ID="p806_w815" CONTENT="Violent," HPOS="1985" VPOS="1231" WIDTH="133" HEIGHT="75" STYLEREFS="font0"/><SP WIDTH="25" VPOS="1231" HPOS="2118"/><String ID="p806_w816" CONTENT="horfe-dung" HPOS="2143" VPOS="1231" WIDTH="196" HEIGHT="75" STYLEREFS="font0"/></TextLine><TextLine WIDTH="1028" HEIGHT="75" ID="p806_t85" HPOS="1311" VPOS="1279"><String ID="p806_w817" CONTENT="(hould" HPOS="1311" VPOS="1279" WIDTH="108" HEIGHT="75" STYLEREFS="font0"/><SP WIDTH="17" VPOS="1279" HPOS="1419"/><String ID="p806_w818" CONTENT="be" HPOS="1436" VPOS="1279" WIDTH="38" HEIGHT="75" STYLEREFS="font0"/><SP WIDTH="17" VPOS="1279" HPOS="1474"/><String ID="p806_w819" CONTENT="laid" HPOS="1491" VPOS="1279" WIDTH="65" HEIGHT="75" STYLEREFS="font0"/><SP WIDTH="16" VPOS="1279" HPOS="1556"/><String ID="p806_w820" CONTENT="to" HPOS="1572" VPOS="1279" WIDTH="34" HEIGHT="75" STYLEREFS="font0"/><SP WIDTH="24" VPOS="1279" HPOS="1606"/><String ID="p806_w821" CONTENT="the" HPOS="1630" VPOS="1279" WIDTH="56" HEIGHT="75" STYLEREFS="font0"/><SP WIDTH="24" VPOS="1279" HPOS="1686"/><String ID="p806_w822" CONTENT="windows" HPOS="1710" VPOS="1279" WIDTH="153" HEIGHT="75" STYLEREFS="font0"/><SP WIDTH="28" VPOS="1279" HPOS="1863"/><String ID="p806_w823" CONTENT="as" HPOS="1891" VPOS="1279" WIDTH="33" HEIGHT="75" STYLEREFS="font0"/><SP WIDTH="28" VPOS="1279" HPOS="1924"/><String ID="p806_w824" CONTENT="a" HPOS="1952" VPOS="1279" WIDTH="19" HEIGHT="75" STYLEREFS="font0"/><SP WIDTH="27" VPOS="1279" HPOS="1971"/><String ID="p806_w825" CONTENT="fortification" HPOS="1998" VPOS="1279" WIDTH="207" HEIGHT="75" STYLEREFS="font0"/><SP WIDTH="18" VPOS="1279" HPOS="2205"/><String ID="p806_w826" CONTENT="apainii" HPOS="2223" VPOS="1279" WIDTH="116" HEIGHT="75" STYLEREFS="font0"/></TextLine><TextLine WIDTH="99" HEIGHT="75" ID="p806_t86" HPOS="1311" VPOS="1325"><String ID="p806_w827" CONTENT="them." HPOS="1311" VPOS="1325" WIDTH="99" HEIGHT="75" STYLEREFS="font0"/></TextLine><TextLine WIDTH="978" HEIGHT="75" ID="p806_t87" HPOS="1357" VPOS="1371"><String ID="p806_w828" CONTENT="Some" HPOS="1357" VPOS="1371" WIDTH="95" HEIGHT="75" STYLEREFS="font0"/><SP WIDTH="17" VPOS="1371" HPOS="1452"/><String ID="p806_w829" CONTENT="are" HPOS="1469" VPOS="1371" WIDTH="53" HEIGHT="75" STYLEREFS="font0"/><SP WIDTH="17" VPOS="1371" HPOS="1522"/><String ID="p806_w830" CONTENT="of" HPOS="1539" VPOS="1371" WIDTH="39" HEIGHT="75" STYLEREFS="font0"/><SP WIDTH="11" VPOS="1371" HPOS="1578"/><String ID="p806_w831" CONTENT="ppinion," HPOS="1589" VPOS="1371" WIDTH="141" HEIGHT="75" STYLEREFS="font0"/><SP WIDTH="24" VPOS="1371" HPOS="1730"/><String ID="p806_w832" CONTENT="that" HPOS="1754" VPOS="1371" WIDTH="71" HEIGHT="75" STYLEREFS="font0"/><SP WIDTH="15" VPOS="1371" HPOS="1825"/><String ID="p806_w833" CONTENT="Oftober" HPOS="1840" VPOS="1371" WIDTH="143" HEIGHT="75" STYLEREFS="font0"/><SP WIDTH="11" VPOS="1371" HPOS="1983"/><String ID="p806_w834" CONTENT="is" HPOS="1994" VPOS="1371" WIDTH="27" HEIGHT="75" STYLEREFS="font0"/><SP WIDTH="15" VPOS="1371" HPOS="2021"/><String ID="p806_w835" CONTENT="the" HPOS="2036" VPOS="1371" WIDTH="56" HEIGHT="75" STYLEREFS="font0"/><SP WIDTH="16" VPOS="1371" HPOS="2092"/><String ID="p806_w836" CONTENT="beft" HPOS="2108" VPOS="1371" WIDTH="66" HEIGHT="75" STYLEREFS="font0"/><SP WIDTH="16" VPOS="1371" HPOS="2174"/><String ID="p806_w837" CONTENT="of" HPOS="2190" VPOS="1371" WIDTH="40" HEIGHT="75" STYLEREFS="font0"/><SP WIDTH="11" VPOS="1371" HPOS="2230"/><String ID="p806_w838" CONTENT="all" HPOS="2241" VPOS="1371" WIDTH="42" HEIGHT="75" STYLEREFS="font0"/><SP WIDTH="17" VPOS="1371" HPOS="2283"/><String ID="p806_w839" CONTENT="o-" HPOS="2300" VPOS="1371" WIDTH="35" HEIGHT="75" STYLEREFS="font0"/></TextLine><TextLine WIDTH="1032" HEIGHT="75" ID="p806_t88" HPOS="1307" VPOS="1415"><String ID="p806_w840" CONTENT="ther" HPOS="1307" VPOS="1415" WIDTH="73" HEIGHT="75" STYLEREFS="font0"/><SP WIDTH="15" VPOS="1415" HPOS="1380"/><String ID="p806_w841" CONTENT="months" HPOS="1395" VPOS="1415" WIDTH="127" HEIGHT="75" STYLEREFS="font0"/><SP WIDTH="17" VPOS="1415" HPOS="1522"/><String ID="p806_w842" CONTENT="to" HPOS="1539" VPOS="1415" WIDTH="34" HEIGHT="75" STYLEREFS="font0"/><SP WIDTH="15" VPOS="1415" HPOS="1573"/><String ID="p806_w843" CONTENT="brew" HPOS="1588" VPOS="1415" WIDTH="88" HEIGHT="75" STYLEREFS="font0"/><SP WIDTH="17" VPOS="1415" HPOS="1676"/><String ID="p806_w844" CONTENT="any" HPOS="1693" VPOS="1415" WIDTH="62" HEIGHT="75" STYLEREFS="font0"/><SP WIDTH="16" VPOS="1415" HPOS="1755"/><String ID="p806_w845" CONTENT="fort" HPOS="1771" VPOS="1415" WIDTH="65" HEIGHT="75" STYLEREFS="font0"/><SP WIDTH="17" VPOS="1415" HPOS="1836"/><String ID="p806_w846" CONTENT="of" HPOS="1853" VPOS="1415" WIDTH="39" HEIGHT="75" STYLEREFS="font0"/><SP WIDTH="11" VPOS="1415" HPOS="1892"/><String ID="p806_w847" CONTENT="malt" HPOS="1903" VPOS="1415" WIDTH="78" HEIGHT="75" STYLEREFS="font0"/><SP WIDTH="16" VPOS="1415" HPOS="1981"/><String ID="p806_w848" CONTENT="in," HPOS="1997" VPOS="1415" WIDTH="45" HEIGHT="75" STYLEREFS="font0"/><SP WIDTH="18" VPOS="1415" HPOS="2042"/><String ID="p806_w849" CONTENT="by" HPOS="2060" VPOS="1415" WIDTH="44" HEIGHT="75" STYLEREFS="font0"/><SP WIDTH="17" VPOS="1415" HPOS="2104"/><String ID="p806_w850" CONTENT="reafon" HPOS="2121" VPOS="1415" WIDTH="108" HEIGHT="75" STYLEREFS="font0"/><SP WIDTH="16" VPOS="1415" HPOS="2229"/><String ID="p806_w851" CONTENT="there" HPOS="2245" VPOS="1415" WIDTH="94" HEIGHT="75" STYLEREFS="font0"/></TextLine><TextLine WIDTH="1028" HEIGHT="75" ID="p806_t89" HPOS="1308" VPOS="1462"><String ID="p806_w852" CONTENT="are" HPOS="1308" VPOS="1462" WIDTH="51" HEIGHT="75" STYLEREFS="font0"/><SP WIDTH="16" VPOS="1462" HPOS="1359"/><String ID="p806_w853" CONTENT="fo" HPOS="1375" VPOS="1462" WIDTH="34" HEIGHT="75" STYLEREFS="font0"/><SP WIDTH="16" VPOS="1462" HPOS="1409"/><String ID="p806_w854" CONTENT="many" HPOS="1425" VPOS="1462" WIDTH="94" HEIGHT="75" STYLEREFS="font0"/><SP WIDTH="15" VPOS="1462" HPOS="1519"/><String ID="p806_w855" CONTENT="cold" HPOS="1534" VPOS="1462" WIDTH="74" HEIGHT="75" STYLEREFS="font0"/><SP WIDTH="14" VPOS="1462" HPOS="1608"/><String ID="p806_w856" CONTENT="months" HPOS="1622" VPOS="1462" WIDTH="129" HEIGHT="75" STYLEREFS="font0"/><SP WIDTH="17" VPOS="1462" HPOS="1751"/><String ID="p806_w857" CONTENT="dire&amp;ly" HPOS="1768" VPOS="1462" WIDTH="133" HEIGHT="75" STYLEREFS="font0"/><SP WIDTH="16" VPOS="1462" HPOS="1901"/><String ID="p806_w858" CONTENT="following," HPOS="1917" VPOS="1462" WIDTH="177" HEIGHT="75" STYLEREFS="font0"/><SP WIDTH="25" VPOS="1462" HPOS="2094"/><String ID="p806_w859" CONTENT="that" HPOS="2119" VPOS="1462" WIDTH="71" HEIGHT="75" STYLEREFS="font0"/><SP WIDTH="16" VPOS="1462" HPOS="2190"/><String ID="p806_w860" CONTENT="will" HPOS="2206" VPOS="1462" WIDTH="66" HEIGHT="75" STYLEREFS="font0"/><SP WIDTH="16" VPOS="1462" HPOS="2272"/><String ID="p806_w861" CONTENT="di-" HPOS="2288" VPOS="1462" WIDTH="48" HEIGHT="75" STYLEREFS="font0"/></TextLine><TextLine WIDTH="1030" HEIGHT="75" ID="p806_t90" HPOS="1308" VPOS="1509"><String ID="p806_w862" CONTENT="geft" HPOS="1308" VPOS="1509" WIDTH="64" HEIGHT="75" STYLEREFS="font0"/><SP WIDTH="15" VPOS="1509" HPOS="1372"/><String ID="p806_w863" CONTENT="the" HPOS="1387" VPOS="1509" WIDTH="56" HEIGHT="75" STYLEREFS="font0"/><SP WIDTH="27" VPOS="1509" HPOS="1443"/><String ID="p806_w864" CONTENT="drink" HPOS="1470" VPOS="1509" WIDTH="94" HEIGHT="75" STYLEREFS="font0"/><SP WIDTH="27" VPOS="1509" HPOS="1564"/><String ID="p806_w865" CONTENT="and" HPOS="1591" VPOS="1509" WIDTH="62" HEIGHT="75" STYLEREFS="font0"/><SP WIDTH="16" VPOS="1509" HPOS="1653"/><String ID="p806_w866" CONTENT="make" HPOS="1669" VPOS="1509" WIDTH="93" HEIGHT="75" STYLEREFS="font0"/><SP WIDTH="26" VPOS="1509" HPOS="1762"/><String ID="p806_w867" CONTENT="it" HPOS="1788" VPOS="1509" WIDTH="25" HEIGHT="75" STYLEREFS="font0"/><SP WIDTH="20" VPOS="1509" HPOS="1813"/><String ID="p806_w868" CONTENT="much" HPOS="1833" VPOS="1509" WIDTH="95" HEIGHT="75" STYLEREFS="font0"/><SP WIDTH="25" VPOS="1509" HPOS="1928"/><String ID="p806_w869" CONTENT="excel" HPOS="1953" VPOS="1509" WIDTH="93" HEIGHT="75" STYLEREFS="font0"/><SP WIDTH="27" VPOS="1509" HPOS="2046"/><String ID="p806_w870" CONTENT="that" HPOS="2073" VPOS="1509" WIDTH="70" HEIGHT="75" STYLEREFS="font0"/><SP WIDTH="16" VPOS="1509" HPOS="2143"/><String ID="p806_w871" CONTENT="brewed" HPOS="2159" VPOS="1509" WIDTH="129" HEIGHT="75" STYLEREFS="font0"/><SP WIDTH="16" VPOS="1509" HPOS="2288"/><String ID="p806_w872" CONTENT="in" HPOS="2304" VPOS="1509" WIDTH="34" HEIGHT="75" STYLEREFS="font0"/></TextLine><TextLine WIDTH="1029" HEIGHT="75" ID="p806_t91" HPOS="1309" VPOS="1556"><String ID="p806_w873" CONTENT="March," HPOS="1309" VPOS="1556" WIDTH="134" HEIGHT="75" STYLEREFS="font0"/><SP WIDTH="19" VPOS="1556" HPOS="1443"/><String ID="p806_w874" CONTENT="becaufe" HPOS="1462" VPOS="1556" WIDTH="132" HEIGHT="75" STYLEREFS="font0"/><SP WIDTH="15" VPOS="1556" HPOS="1594"/><String ID="p806_w875" CONTENT="fuch" HPOS="1609" VPOS="1556" WIDTH="76" HEIGHT="75" STYLEREFS="font0"/><SP WIDTH="17" VPOS="1556" HPOS="1685"/><String ID="p806_w876" CONTENT="beer" HPOS="1702" VPOS="1556" WIDTH="74" HEIGHT="75" STYLEREFS="font0"/><SP WIDTH="28" VPOS="1556" HPOS="1776"/><String ID="p806_w877" CONTENT="will" HPOS="1804" VPOS="1556" WIDTH="65" HEIGHT="75" STYLEREFS="font0"/><SP WIDTH="25" VPOS="1556" HPOS="1869"/><String ID="p806_w878" CONTENT="not" HPOS="1894" VPOS="1556" WIDTH="56" HEIGHT="75" STYLEREFS="font0"/><SP WIDTH="27" VPOS="1556" HPOS="1950"/><String ID="p806_w879" CONTENT="want" HPOS="1977" VPOS="1556" WIDTH="85" HEIGHT="75" STYLEREFS="font0"/><SP WIDTH="28" VPOS="1556" HPOS="2062"/><String ID="p806_w880" CONTENT="that" HPOS="2090" VPOS="1556" WIDTH="70" HEIGHT="75" STYLEREFS="font0"/><SP WIDTH="27" VPOS="1556" HPOS="2160"/><String ID="p806_w881" CONTENT="care" HPOS="2187" VPOS="1556" WIDTH="72" HEIGHT="75" STYLEREFS="font0"/><SP WIDTH="16" VPOS="1556" HPOS="2259"/><String ID="p806_w882" CONTENT="and" HPOS="2275" VPOS="1556" WIDTH="63" HEIGHT="75" STYLEREFS="font0"/></TextLine><TextLine WIDTH="1026" HEIGHT="75" ID="p806_t92" HPOS="1309" VPOS="1603"><String ID="p806_w883" CONTENT="watching," HPOS="1309" VPOS="1603" WIDTH="170" HEIGHT="75" STYLEREFS="font0"/><SP WIDTH="25" VPOS="1603" HPOS="1479"/><String ID="p806_w884" CONTENT="as" HPOS="1504" VPOS="1603" WIDTH="33" HEIGHT="75" STYLEREFS="font0"/><SP WIDTH="23" VPOS="1603" HPOS="1537"/><String ID="p806_w885" CONTENT="that" HPOS="1560" VPOS="1603" WIDTH="71" HEIGHT="75" STYLEREFS="font0"/><SP WIDTH="24" VPOS="1603" HPOS="1631"/><String ID="p806_w886" CONTENT="brewed" HPOS="1655" VPOS="1603" WIDTH="126" HEIGHT="75" STYLEREFS="font0"/><SP WIDTH="17" VPOS="1603" HPOS="1781"/><String ID="p806_w887" CONTENT="in" HPOS="1798" VPOS="1603" WIDTH="31" HEIGHT="75" STYLEREFS="font0"/><SP WIDTH="16" VPOS="1603" HPOS="1829"/><String ID="p806_w888" CONTENT="March" HPOS="1845" VPOS="1603" WIDTH="119" HEIGHT="75" STYLEREFS="font0"/><SP WIDTH="24" VPOS="1603" HPOS="1964"/><String ID="p806_w889" CONTENT="abfolutely" HPOS="1988" VPOS="1603" WIDTH="176" HEIGHT="75" STYLEREFS="font0"/><SP WIDTH="16" VPOS="1603" HPOS="2164"/><String ID="p806_w890" CONTENT="requires," HPOS="2180" VPOS="1603" WIDTH="155" HEIGHT="75" STYLEREFS="font0"/></TextLine><TextLine WIDTH="1030" HEIGHT="75" ID="p806_t93" HPOS="1309" VPOS="1648"><String ID="p806_w891" CONTENT="by" HPOS="1309" VPOS="1648" WIDTH="42" HEIGHT="75" STYLEREFS="font0"/><SP WIDTH="13" VPOS="1648" HPOS="1351"/><String ID="p806_w892" CONTENT="often" HPOS="1364" VPOS="1648" WIDTH="87" HEIGHT="75" STYLEREFS="font0"/><SP WIDTH="17" VPOS="1648" HPOS="1451"/><String ID="p806_w893" CONTENT="taking" HPOS="1468" VPOS="1648" WIDTH="110" HEIGHT="75" STYLEREFS="font0"/><SP WIDTH="12" VPOS="1648" HPOS="1578"/><String ID="p806_w894" CONTENT="out" HPOS="1590" VPOS="1648" WIDTH="56" HEIGHT="75" STYLEREFS="font0"/><SP WIDTH="12" VPOS="1648" HPOS="1646"/><String ID="p806_w895" CONTENT="and" HPOS="1658" VPOS="1648" WIDTH="60" HEIGHT="75" STYLEREFS="font0"/><SP WIDTH="14" VPOS="1648" HPOS="1718"/><String ID="p806_w896" CONTENT="putting" HPOS="1732" VPOS="1648" WIDTH="125" HEIGHT="75" STYLEREFS="font0"/><SP WIDTH="16" VPOS="1648" HPOS="1857"/><String ID="p806_w897" CONTENT="in" HPOS="1873" VPOS="1648" WIDTH="32" HEIGHT="75" STYLEREFS="font0"/><SP WIDTH="17" VPOS="1648" HPOS="1905"/><String ID="p806_w898" CONTENT="the" HPOS="1922" VPOS="1648" WIDTH="54" HEIGHT="75" STYLEREFS="font0"/><SP WIDTH="15" VPOS="1648" HPOS="1976"/><String ID="p806_w899" CONTENT="vent-peg" HPOS="1991" VPOS="1648" WIDTH="153" HEIGHT="75" STYLEREFS="font0"/><SP WIDTH="17" VPOS="1648" HPOS="2144"/><String ID="p806_w900" CONTENT="on" HPOS="2161" VPOS="1648" WIDTH="41" HEIGHT="75" STYLEREFS="font0"/><SP WIDTH="13" VPOS="1648" HPOS="2202"/><String ID="p806_w901" CONTENT="change" HPOS="2215" VPOS="1648" WIDTH="124" HEIGHT="75" STYLEREFS="font0"/></TextLine><TextLine WIDTH="1027" HEIGHT="75" ID="p806_t94" HPOS="1309" VPOS="1694"><String ID="p806_w902" CONTENT="of" HPOS="1309" VPOS="1694" WIDTH="39" HEIGHT="75" STYLEREFS="font0"/><SP WIDTH="12" VPOS="1694" HPOS="1348"/><String ID="p806_w903" CONTENT="weather" HPOS="1360" VPOS="1694" WIDTH="140" HEIGHT="75" STYLEREFS="font0"/><SP WIDTH="14" VPOS="1694" HPOS="1500"/><String ID="p806_w904" CONTENT=";" HPOS="1514" VPOS="1694" WIDTH="10" HEIGHT="75" STYLEREFS="font0"/><SP WIDTH="27" VPOS="1694" HPOS="1524"/><String ID="p806_w905" CONTENT="and," HPOS="1551" VPOS="1694" WIDTH="74" HEIGHT="75" STYLEREFS="font0"/><SP WIDTH="25" VPOS="1694" HPOS="1625"/><String ID="p806_w906" CONTENT="if" HPOS="1650" VPOS="1694" WIDTH="30" HEIGHT="75" STYLEREFS="font0"/><SP WIDTH="12" VPOS="1694" HPOS="1680"/><String ID="p806_w907" CONTENT="it" HPOS="1692" VPOS="1694" WIDTH="26" HEIGHT="75" STYLEREFS="font0"/><SP WIDTH="16" VPOS="1694" HPOS="1718"/><String ID="p806_w908" CONTENT="is" HPOS="1734" VPOS="1694" WIDTH="27" HEIGHT="75" STYLEREFS="font0"/><SP WIDTH="23" VPOS="1694" HPOS="1761"/><String ID="p806_w909" CONTENT="always" HPOS="1784" VPOS="1694" WIDTH="117" HEIGHT="75" STYLEREFS="font0"/><SP WIDTH="24" VPOS="1694" HPOS="1901"/><String ID="p806_w910" CONTENT="left" HPOS="1925" VPOS="1694" WIDTH="61" HEIGHT="75" STYLEREFS="font0"/><SP WIDTH="24" VPOS="1694" HPOS="1986"/><String ID="p806_w911" CONTENT="out," HPOS="2010" VPOS="1694" WIDTH="68" HEIGHT="75" STYLEREFS="font0"/><SP WIDTH="26" VPOS="1694" HPOS="2078"/><String ID="p806_w912" CONTENT="then" HPOS="2104" VPOS="1694" WIDTH="77" HEIGHT="75" STYLEREFS="font0"/><SP WIDTH="15" VPOS="1694" HPOS="2181"/><String ID="p806_w913" CONTENT="it" HPOS="2196" VPOS="1694" WIDTH="27" HEIGHT="75" STYLEREFS="font0"/><SP WIDTH="16" VPOS="1694" HPOS="2223"/><String ID="p806_w914" CONTENT="dead-" HPOS="2239" VPOS="1694" WIDTH="97" HEIGHT="75" STYLEREFS="font0"/></TextLine><TextLine WIDTH="1028" HEIGHT="75" ID="p806_t95" HPOS="1309" VPOS="1742"><String ID="p806_w915" CONTENT="ens" HPOS="1309" VPOS="1742" WIDTH="55" HEIGHT="75" STYLEREFS="font0"/><SP WIDTH="18" VPOS="1742" HPOS="1364"/><String ID="p806_w916" CONTENT="and" HPOS="1382" VPOS="1742" WIDTH="61" HEIGHT="75" STYLEREFS="font0"/><SP WIDTH="23" VPOS="1742" HPOS="1443"/><String ID="p806_w917" CONTENT="palls" HPOS="1466" VPOS="1742" WIDTH="81" HEIGHT="75" STYLEREFS="font0"/><SP WIDTH="17" VPOS="1742" HPOS="1547"/><String ID="p806_w918" CONTENT="the" HPOS="1564" VPOS="1742" WIDTH="53" HEIGHT="75" STYLEREFS="font0"/><SP WIDTH="15" VPOS="1742" HPOS="1617"/><String ID="p806_w919" CONTENT="drink;" HPOS="1632" VPOS="1742" WIDTH="118" HEIGHT="75" STYLEREFS="font0"/><SP WIDTH="26" VPOS="1742" HPOS="1750"/><String ID="p806_w920" CONTENT="yet,-if" HPOS="1776" VPOS="1742" WIDTH="123" HEIGHT="75" STYLEREFS="font0"/><SP WIDTH="22" VPOS="1742" HPOS="1899"/><String ID="p806_w921" CONTENT="due" HPOS="1921" VPOS="1742" WIDTH="62" HEIGHT="75" STYLEREFS="font0"/><SP WIDTH="28" VPOS="1742" HPOS="1983"/><String ID="p806_w922" CONTENT="care" HPOS="2011" VPOS="1742" WIDTH="72" HEIGHT="75" STYLEREFS="font0"/><SP WIDTH="27" VPOS="1742" HPOS="2083"/><String ID="p806_w923" CONTENT="is" HPOS="2110" VPOS="1742" WIDTH="26" HEIGHT="75" STYLEREFS="font0"/><SP WIDTH="27" VPOS="1742" HPOS="2136"/><String ID="p806_w924" CONTENT="not" HPOS="2163" VPOS="1742" WIDTH="56" HEIGHT="75" STYLEREFS="font0"/><SP WIDTH="23" VPOS="1742" HPOS="2219"/><String ID="p806_w925" CONTENT="taken" HPOS="2242" VPOS="1742" WIDTH="95" HEIGHT="75" STYLEREFS="font0"/></TextLine><TextLine WIDTH="1026" HEIGHT="75" ID="p806_t96" HPOS="1309" VPOS="1786"><String ID="p806_w926" CONTENT="in" HPOS="1309" VPOS="1786" WIDTH="31" HEIGHT="75" STYLEREFS="font0"/><SP WIDTH="18" VPOS="1786" HPOS="1340"/><String ID="p806_w927" CONTENT="this" HPOS="1358" VPOS="1786" WIDTH="63" HEIGHT="75" STYLEREFS="font0"/><SP WIDTH="18" VPOS="1786" HPOS="1421"/><String ID="p806_w928" CONTENT="refpeft," HPOS="1439" VPOS="1786" WIDTH="128" HEIGHT="75" STYLEREFS="font0"/><SP WIDTH="26" VPOS="1786" HPOS="1567"/><String ID="p806_w929" CONTENT="a" HPOS="1593" VPOS="1786" WIDTH="18" HEIGHT="75" STYLEREFS="font0"/><SP WIDTH="16" VPOS="1786" HPOS="1611"/><String ID="p806_w930" CONTENT="thunder" HPOS="1627" VPOS="1786" WIDTH="138" HEIGHT="75" STYLEREFS="font0"/><SP WIDTH="23" VPOS="1786" HPOS="1765"/><String ID="p806_w931" CONTENT="or" HPOS="1788" VPOS="1786" WIDTH="37" HEIGHT="75" STYLEREFS="font0"/><SP WIDTH="24" VPOS="1786" HPOS="1825"/><String ID="p806_w932" CONTENT="ftormy" HPOS="1849" VPOS="1786" WIDTH="117" HEIGHT="75" STYLEREFS="font0"/><SP WIDTH="17" VPOS="1786" HPOS="1966"/><String ID="p806_w933" CONTENT="night" HPOS="1983" VPOS="1786" WIDTH="91" HEIGHT="75" STYLEREFS="font0"/><SP WIDTH="16" VPOS="1786" HPOS="2074"/><String ID="p806_w934" CONTENT="may" HPOS="2090" VPOS="1786" WIDTH="72" HEIGHT="75" STYLEREFS="font0"/><SP WIDTH="19" VPOS="1786" HPOS="2162"/><String ID="p806_w935" CONTENT="marr" HPOS="2181" VPOS="1786" WIDTH="83" HEIGHT="75" STYLEREFS="font0"/><SP WIDTH="16" VPOS="1786" HPOS="2264"/><String ID="p806_w936" CONTENT="all," HPOS="2280" VPOS="1786" WIDTH="55" HEIGHT="75" STYLEREFS="font0"/></TextLine><TextLine WIDTH="1030" HEIGHT="75" ID="p806_t97" HPOS="1309" VPOS="1834"><String ID="p806_w937" CONTENT="by" HPOS="1309" VPOS="1834" WIDTH="43" HEIGHT="75" STYLEREFS="font0"/><SP WIDTH="16" VPOS="1834" HPOS="1352"/><String ID="p806_w938" CONTENT="making" HPOS="1368" VPOS="1834" WIDTH="128" HEIGHT="75" STYLEREFS="font0"/><SP WIDTH="24" VPOS="1834" HPOS="1496"/><String ID="p806_w939" CONTENT="the" HPOS="1520" VPOS="1834" WIDTH="55" HEIGHT="75" STYLEREFS="font0"/><SP WIDTH="24" VPOS="1834" HPOS="1575"/><String ID="p806_w940" CONTENT="drink" HPOS="1599" VPOS="1834" WIDTH="96" HEIGHT="75" STYLEREFS="font0"/><SP WIDTH="25" VPOS="1834" HPOS="1695"/><String ID="p806_w941" CONTENT="ferment" HPOS="1720" VPOS="1834" WIDTH="138" HEIGHT="75" STYLEREFS="font0"/><SP WIDTH="26" VPOS="1834" HPOS="1858"/><String ID="p806_w942" CONTENT="and" HPOS="1884" VPOS="1834" WIDTH="62" HEIGHT="75" STYLEREFS="font0"/><SP WIDTH="27" VPOS="1834" HPOS="1946"/><String ID="p806_w943" CONTENT="burft" HPOS="1973" VPOS="1834" WIDTH="87" HEIGHT="75" STYLEREFS="font0"/><SP WIDTH="25" VPOS="1834" HPOS="2060"/><String ID="p806_w944" CONTENT="the" HPOS="2085" VPOS="1834" WIDTH="56" HEIGHT="75" STYLEREFS="font0"/><SP WIDTH="28" VPOS="1834" HPOS="2141"/><String ID="p806_w945" CONTENT="ca(k;" HPOS="2169" VPOS="1834" WIDTH="90" HEIGHT="75" STYLEREFS="font0"/><SP WIDTH="27" VPOS="1834" HPOS="2259"/><String ID="p806_w946" CONTENT="for" HPOS="2286" VPOS="1834" WIDTH="53" HEIGHT="75" STYLEREFS="font0"/></TextLine><TextLine WIDTH="1027" HEIGHT="75" ID="p806_t98" HPOS="1310" VPOS="1880"><String ID="p806_w947" CONTENT="which" HPOS="1310" VPOS="1880" WIDTH="104" HEIGHT="75" STYLEREFS="font0"/><SP WIDTH="18" VPOS="1880" HPOS="1414"/><String ID="p806_w948" CONTENT="redfon," HPOS="1432" VPOS="1880" WIDTH="120" HEIGHT="75" STYLEREFS="font0"/><SP WIDTH="25" VPOS="1880" HPOS="1552"/><String ID="p806_w949" CONTENT="as" HPOS="1577" VPOS="1880" WIDTH="34" HEIGHT="75" STYLEREFS="font0"/><SP WIDTH="16" VPOS="1880" HPOS="1611"/><String ID="p806_w950" CONTENT="iron" HPOS="1627" VPOS="1880" WIDTH="71" HEIGHT="75" STYLEREFS="font0"/><SP WIDTH="24" VPOS="1880" HPOS="1698"/><String ID="p806_w951" CONTENT="hoops" HPOS="1722" VPOS="1880" WIDTH="101" HEIGHT="75" STYLEREFS="font0"/><SP WIDTH="26" VPOS="1880" HPOS="1823"/><String ID="p806_w952" CONTENT="are" HPOS="1849" VPOS="1880" WIDTH="54" HEIGHT="75" STYLEREFS="font0"/><SP WIDTH="27" VPOS="1880" HPOS="1903"/><String ID="p806_w953" CONTENT="moft" HPOS="1930" VPOS="1880" WIDTH="80" HEIGHT="75" STYLEREFS="font0"/><SP WIDTH="22" VPOS="1880" HPOS="2010"/><String ID="p806_w954" CONTENT="in" HPOS="2032" VPOS="1880" WIDTH="33" HEIGHT="75" STYLEREFS="font0"/><SP WIDTH="23" VPOS="1880" HPOS="2065"/><String ID="p806_w955" CONTENT="fafhion" HPOS="2088" VPOS="1880" WIDTH="119" HEIGHT="75" STYLEREFS="font0"/><SP WIDTH="18" VPOS="1880" HPOS="2207"/><String ID="p806_w956" CONTENT="at" HPOS="2225" VPOS="1880" WIDTH="32" HEIGHT="75" STYLEREFS="font0"/><SP WIDTH="17" VPOS="1880" HPOS="2257"/><String ID="p806_w957" CONTENT="this" HPOS="2274" VPOS="1880" WIDTH="63" HEIGHT="75" STYLEREFS="font0"/></TextLine><TextLine WIDTH="1027" HEIGHT="75" ID="p806_t99" HPOS="1310" VPOS="1927"><String ID="p806_w958" CONTENT="time," HPOS="1310" VPOS="1927" WIDTH="88" HEIGHT="75" STYLEREFS="font0"/><SP WIDTH="25" VPOS="1927" HPOS="1398"/><String ID="p806_w959" CONTENT="they" HPOS="1423" VPOS="1927" WIDTH="77" HEIGHT="75" STYLEREFS="font0"/><SP WIDTH="17" VPOS="1927" HPOS="1500"/><String ID="p806_w960" CONTENT="are" HPOS="1517" VPOS="1927" WIDTH="53" HEIGHT="75" STYLEREFS="font0"/><SP WIDTH="17" VPOS="1927" HPOS="1570"/><String ID="p806_w961" CONTENT="certainly" HPOS="1587" VPOS="1927" WIDTH="157" HEIGHT="75" STYLEREFS="font0"/><SP WIDTH="13" VPOS="1927" HPOS="1744"/><String ID="p806_w962" CONTENT="the" HPOS="1757" VPOS="1927" WIDTH="57" HEIGHT="75" STYLEREFS="font0"/><SP WIDTH="17" VPOS="1927" HPOS="1814"/><String ID="p806_w963" CONTENT="greateft" HPOS="1831" VPOS="1927" WIDTH="132" HEIGHT="75" STYLEREFS="font0"/><SP WIDTH="19" VPOS="1927" HPOS="1963"/><String ID="p806_w964" CONTENT="fecurity" HPOS="1982" VPOS="1927" WIDTH="135" HEIGHT="75" STYLEREFS="font0"/><SP WIDTH="18" VPOS="1927" HPOS="2117"/><String ID="p806_w965" CONTENT="to" HPOS="2135" VPOS="1927" WIDTH="35" HEIGHT="75" STYLEREFS="font0"/><SP WIDTH="15" VPOS="1927" HPOS="2170"/><String ID="p806_w966" CONTENT="the" HPOS="2185" VPOS="1927" WIDTH="56" HEIGHT="75" STYLEREFS="font0"/><SP WIDTH="15" VPOS="1927" HPOS="2241"/><String ID="p806_w967" CONTENT="fafe-" HPOS="2256" VPOS="1927" WIDTH="81" HEIGHT="75" STYLEREFS="font0"/></TextLine><TextLine WIDTH="1029" HEIGHT="75" ID="p806_t100" HPOS="1310" VPOS="1972"><String ID="p806_w968" CONTENT="ty" HPOS="1310" VPOS="1972" WIDTH="37" HEIGHT="75" STYLEREFS="font0"/><SP WIDTH="16" VPOS="1972" HPOS="1347"/><String ID="p806_w969" CONTENT="of" HPOS="1363" VPOS="1972" WIDTH="39" HEIGHT="75" STYLEREFS="font0"/><SP WIDTH="18" VPOS="1972" HPOS="1402"/><String ID="p806_w970" CONTENT="the" HPOS="1420" VPOS="1972" WIDTH="55" HEIGHT="75" STYLEREFS="font0"/><SP WIDTH="16" VPOS="1972" HPOS="1475"/><String ID="p806_w971" CONTENT="drink" HPOS="1491" VPOS="1972" WIDTH="95" HEIGHT="75" STYLEREFS="font0"/><SP WIDTH="20" VPOS="1972" HPOS="1586"/><String ID="p806_w972" CONTENT="thus" HPOS="1606" VPOS="1972" WIDTH="74" HEIGHT="75" STYLEREFS="font0"/><SP WIDTH="17" VPOS="1972" HPOS="1680"/><String ID="p806_w973" CONTENT="expofed;" HPOS="1697" VPOS="1972" WIDTH="161" HEIGHT="75" STYLEREFS="font0"/><SP WIDTH="27" VPOS="1972" HPOS="1858"/><String ID="p806_w974" CONTENT="and" HPOS="1885" VPOS="1972" WIDTH="61" HEIGHT="75" STYLEREFS="font0"/><SP WIDTH="19" VPOS="1972" HPOS="1946"/><String ID="p806_w975" CONTENT="next" HPOS="1965" VPOS="1972" WIDTH="80" HEIGHT="75" STYLEREFS="font0"/><SP WIDTH="22" VPOS="1972" HPOS="2045"/><String ID="p806_w976" CONTENT="to" HPOS="2067" VPOS="1972" WIDTH="36" HEIGHT="75" STYLEREFS="font0"/><SP WIDTH="23" VPOS="1972" HPOS="2103"/><String ID="p806_w977" CONTENT="tliem" HPOS="2126" VPOS="1972" WIDTH="88" HEIGHT="75" STYLEREFS="font0"/><SP WIDTH="25" VPOS="1972" HPOS="2214"/><String ID="p806_w978" CONTENT="is" HPOS="2239" VPOS="1972" WIDTH="26" HEIGHT="75" STYLEREFS="font0"/><SP WIDTH="17" VPOS="1972" HPOS="2265"/><String ID="p806_w979" CONTENT="the" HPOS="2282" VPOS="1972" WIDTH="57" HEIGHT="75" STYLEREFS="font0"/></TextLine><TextLine WIDTH="1028" HEIGHT="75" ID="p806_t101" HPOS="1311" VPOS="2019"><String ID="p806_w980" CONTENT="chefnut-hoop;" HPOS="1311" VPOS="2019" WIDTH="250" HEIGHT="75" STYLEREFS="font0"/><SP WIDTH="20" VPOS="2019" HPOS="1561"/><String ID="p806_w981" CONTENT="both" HPOS="1581" VPOS="2019" WIDTH="78" HEIGHT="75" STYLEREFS="font0"/><SP WIDTH="14" VPOS="2019" HPOS="1659"/><String ID="p806_w982" CONTENT="which" HPOS="1673" VPOS="2019" WIDTH="105" HEIGHT="75" STYLEREFS="font0"/><SP WIDTH="12" VPOS="2019" HPOS="1778"/><String ID="p806_w983" CONTENT="will" HPOS="1790" VPOS="2019" WIDTH="65" HEIGHT="75" STYLEREFS="font0"/><SP WIDTH="18" VPOS="2019" HPOS="1855"/><String ID="p806_w984" CONTENT="endure" HPOS="1873" VPOS="2019" WIDTH="118" HEIGHT="75" STYLEREFS="font0"/><SP WIDTH="17" VPOS="2019" HPOS="1991"/><String ID="p806_w985" CONTENT="a" HPOS="2008" VPOS="2019" WIDTH="18" HEIGHT="75" STYLEREFS="font0"/><SP WIDTH="15" VPOS="2019" HPOS="2026"/><String ID="p806_w986" CONTENT="(horter" HPOS="2041" VPOS="2019" WIDTH="122" HEIGHT="75" STYLEREFS="font0"/><SP WIDTH="14" VPOS="2019" HPOS="2163"/><String ID="p806_w987" CONTENT="or" HPOS="2177" VPOS="2019" WIDTH="37" HEIGHT="75" STYLEREFS="font0"/><SP WIDTH="11" VPOS="2019" HPOS="2214"/><String ID="p806_w988" CONTENT="longer" HPOS="2225" VPOS="2019" WIDTH="114" HEIGHT="75" STYLEREFS="font0"/></TextLine><TextLine WIDTH="1028" HEIGHT="75" ID="p806_t102" HPOS="1310" VPOS="2065"><String ID="p806_w989" CONTENT="time," HPOS="1310" VPOS="2065" WIDTH="87" HEIGHT="75" STYLEREFS="font0"/><SP WIDTH="16" VPOS="2065" HPOS="1397"/><String ID="p806_w990" CONTENT="as" HPOS="1413" VPOS="2065" WIDTH="32" HEIGHT="75" STYLEREFS="font0"/><SP WIDTH="12" VPOS="2065" HPOS="1445"/><String ID="p806_w991" CONTENT="the" HPOS="1457" VPOS="2065" WIDTH="54" HEIGHT="75" STYLEREFS="font0"/><SP WIDTH="14" VPOS="2065" HPOS="1511"/><String ID="p806_w992" CONTENT="cellar" HPOS="1525" VPOS="2065" WIDTH="95" HEIGHT="75" STYLEREFS="font0"/><SP WIDTH="12" VPOS="2065" HPOS="1620"/><String ID="p806_w993" CONTENT="is" HPOS="1632" VPOS="2065" WIDTH="26" HEIGHT="75" STYLEREFS="font0"/><SP WIDTH="13" VPOS="2065" HPOS="1658"/><String ID="p806_w994" CONTENT="more" HPOS="1671" VPOS="2065" WIDTH="89" HEIGHT="75" STYLEREFS="font0"/><SP WIDTH="11" VPOS="2065" HPOS="1760"/><String ID="p806_w995" CONTENT="or" HPOS="1771" VPOS="2065" WIDTH="36" HEIGHT="75" STYLEREFS="font0"/><SP WIDTH="13" VPOS="2065" HPOS="1807"/><String ID="p806_w996" CONTENT="lefs" HPOS="1820" VPOS="2065" WIDTH="60" HEIGHT="75" STYLEREFS="font0"/><SP WIDTH="13" VPOS="2065" HPOS="1880"/><String ID="p806_w997" CONTENT="dry," HPOS="1893" VPOS="2065" WIDTH="73" HEIGHT="75" STYLEREFS="font0"/><SP WIDTH="14" VPOS="2065" HPOS="1966"/><String ID="p806_w998" CONTENT="and" HPOS="1980" VPOS="2065" WIDTH="61" HEIGHT="75" STYLEREFS="font0"/><SP WIDTH="12" VPOS="2065" HPOS="2041"/><String ID="p806_w999" CONTENT="according" HPOS="2053" VPOS="2065" WIDTH="168" HEIGHT="75" STYLEREFS="font0"/><SP WIDTH="13" VPOS="2065" HPOS="2221"/><String ID="p806_w1000" CONTENT="to" HPOS="2234" VPOS="2065" WIDTH="34" HEIGHT="75" STYLEREFS="font0"/><SP WIDTH="14" VPOS="2065" HPOS="2268"/><String ID="p806_w1001" CONTENT="the" HPOS="2282" VPOS="2065" WIDTH="56" HEIGHT="75" STYLEREFS="font0"/></TextLine><TextLine WIDTH="1027" HEIGHT="75" ID="p806_t103" HPOS="1309" VPOS="2112"><String ID="p806_w1002" CONTENT="management" HPOS="1309" VPOS="2112" WIDTH="220" HEIGHT="75" STYLEREFS="font0"/><SP WIDTH="20" VPOS="2112" HPOS="1529"/><String ID="p806_w1003" CONTENT="attending" HPOS="1549" VPOS="2112" WIDTH="164" HEIGHT="75" STYLEREFS="font0"/><SP WIDTH="16" VPOS="2112" HPOS="1713"/><String ID="p806_w1004" CONTENT="them" HPOS="1729" VPOS="2112" WIDTH="89" HEIGHT="75" STYLEREFS="font0"/><SP WIDTH="12" VPOS="2112" HPOS="1818"/><String ID="p806_w1005" CONTENT=":" HPOS="1830" VPOS="2112" WIDTH="9" HEIGHT="75" STYLEREFS="font0"/><SP WIDTH="25" VPOS="2112" HPOS="1839"/><String ID="p806_w1006" CONTENT="The" HPOS="1864" VPOS="2112" WIDTH="77" HEIGHT="75" STYLEREFS="font0"/><SP WIDTH="16" VPOS="2112" HPOS="1941"/><String ID="p806_w1007" CONTENT="iron" HPOS="1957" VPOS="2112" WIDTH="70" HEIGHT="75" STYLEREFS="font0"/><SP WIDTH="16" VPOS="2112" HPOS="2027"/><String ID="p806_w1008" CONTENT="hoops" HPOS="2043" VPOS="2112" WIDTH="102" HEIGHT="75" STYLEREFS="font0"/><SP WIDTH="28" VPOS="2112" HPOS="2145"/><String ID="p806_w1009" CONTENT="generally" HPOS="2173" VPOS="2112" WIDTH="163" HEIGHT="75" STYLEREFS="font0"/></TextLine><TextLine WIDTH="1031" HEIGHT="75" ID="p806_t104" HPOS="1310" VPOS="2158"><String ID="p806_w1010" CONTENT="begin" HPOS="1310" VPOS="2158" WIDTH="95" HEIGHT="75" STYLEREFS="font0"/><SP WIDTH="24" VPOS="2158" HPOS="1405"/><String ID="p806_w1011" CONTENT="to" HPOS="1429" VPOS="2158" WIDTH="33" HEIGHT="75" STYLEREFS="font0"/><SP WIDTH="18" VPOS="2158" HPOS="1462"/><String ID="p806_w1012" CONTENT="mil" HPOS="1480" VPOS="2158" WIDTH="63" HEIGHT="75" STYLEREFS="font0"/><SP WIDTH="15" VPOS="2158" HPOS="1543"/><String ID="p806_w1013" CONTENT="firft" HPOS="1558" VPOS="2158" WIDTH="65" HEIGHT="75" STYLEREFS="font0"/><SP WIDTH="16" VPOS="2158" HPOS="1623"/><String ID="p806_w1014" CONTENT="at" HPOS="1639" VPOS="2158" WIDTH="36" HEIGHT="75" STYLEREFS="font0"/><SP WIDTH="16" VPOS="2158" HPOS="1675"/><String ID="p806_w1015" CONTENT="the" HPOS="1691" VPOS="2158" WIDTH="55" HEIGHT="75" STYLEREFS="font0"/><SP WIDTH="17" VPOS="2158" HPOS="1746"/><String ID="p806_w1016" CONTENT="edges," HPOS="1763" VPOS="2158" WIDTH="110" HEIGHT="75" STYLEREFS="font0"/><SP WIDTH="28" VPOS="2158" HPOS="1873"/><String ID="p806_w1017" CONTENT="and" HPOS="1901" VPOS="2158" WIDTH="62" HEIGHT="75" STYLEREFS="font0"/><SP WIDTH="16" VPOS="2158" HPOS="1963"/><String ID="p806_w1018" CONTENT="therefore" HPOS="1979" VPOS="2158" WIDTH="160" HEIGHT="75" STYLEREFS="font0"/><SP WIDTH="17" VPOS="2158" HPOS="2139"/><String ID="p806_w1019" CONTENT="ftiould" HPOS="2156" VPOS="2158" WIDTH="112" HEIGHT="75" STYLEREFS="font0"/><SP WIDTH="30" VPOS="2158" HPOS="2268"/><String ID="p806_w1020" CONTENT="be" HPOS="2298" VPOS="2158" WIDTH="43" HEIGHT="75" STYLEREFS="font0"/></TextLine><TextLine WIDTH="984" HEIGHT="75" ID="p806_t105" HPOS="1310" VPOS="2205"><String ID="p806_w1021" CONTENT="rubbed" HPOS="1310" VPOS="2205" WIDTH="122" HEIGHT="75" STYLEREFS="font0"/><SP WIDTH="17" VPOS="2205" HPOS="1432"/><String ID="p806_w1022" CONTENT="off," HPOS="1449" VPOS="2205" WIDTH="59" HEIGHT="75" STYLEREFS="font0"/><SP WIDTH="25" VPOS="2205" HPOS="1508"/><String ID="p806_w1023" CONTENT="and" HPOS="1533" VPOS="2205" WIDTH="63" HEIGHT="75" STYLEREFS="font0"/><SP WIDTH="16" VPOS="2205" HPOS="1596"/><String ID="p806_w1024" CONTENT="be" HPOS="1612" VPOS="2205" WIDTH="39" HEIGHT="75" STYLEREFS="font0"/><SP WIDTH="19" VPOS="2205" HPOS="1651"/><String ID="p806_w1025" CONTENT="kept" HPOS="1670" VPOS="2205" WIDTH="76" HEIGHT="75" STYLEREFS="font0"/><SP WIDTH="17" VPOS="2205" HPOS="1746"/><String ID="p806_w1026" CONTENT="from" HPOS="1763" VPOS="2205" WIDTH="82" HEIGHT="75" STYLEREFS="font0"/><SP WIDTH="17" VPOS="2205" HPOS="1845"/><String ID="p806_w1027" CONTENT="wet" HPOS="1862" VPOS="2205" WIDTH="64" HEIGHT="75" STYLEREFS="font0"/><SP WIDTH="16" VPOS="2205" HPOS="1926"/><String ID="p806_w1028" CONTENT="as" HPOS="1942" VPOS="2205" WIDTH="36" HEIGHT="75" STYLEREFS="font0"/><SP WIDTH="14" VPOS="2205" HPOS="1978"/><String ID="p806_w1029" CONTENT="much" HPOS="1992" VPOS="2205" WIDTH="94" HEIGHT="75" STYLEREFS="font0"/><SP WIDTH="18" VPOS="2205" HPOS="2086"/><String ID="p806_w1030" CONTENT="as" HPOS="2104" VPOS="2205" WIDTH="33" HEIGHT="75" STYLEREFS="font0"/><SP WIDTH="16" VPOS="2205" HPOS="2137"/><String ID="p806_w1031" CONTENT="poflihle." HPOS="2153" VPOS="2205" WIDTH="141" HEIGHT="75" STYLEREFS="font0"/></TextLine><TextLine WIDTH="817" HEIGHT="75" ID="p806_t106" HPOS="1415" VPOS="2310"><String ID="p806_w1032" CONTENT="Of" HPOS="1415" VPOS="2310" WIDTH="59" HEIGHT="75" STYLEREFS="font0"/><SP WIDTH="17" VPOS="2310" HPOS="1474"/><String ID="p806_w1033" CONTENT="Cleaning" HPOS="1491" VPOS="2310" WIDTH="177" HEIGHT="75" STYLEREFS="font0"/><SP WIDTH="25" VPOS="2310" HPOS="1668"/><String ID="p806_w1034" CONTENT="and" HPOS="1693" VPOS="2310" WIDTH="74" HEIGHT="75" STYLEREFS="font0"/><SP WIDTH="25" VPOS="2310" HPOS="1767"/><String ID="p806_w1035" CONTENT="Sweetening" HPOS="1792" VPOS="2310" WIDTH="233" HEIGHT="75" STYLEREFS="font0"/><SP WIDTH="23" VPOS="2310" HPOS="2025"/><String ID="p806_w1036" CONTENT="of" HPOS="2048" VPOS="2310" WIDTH="48" HEIGHT="75" STYLEREFS="font0"/><SP WIDTH="18" VPOS="2310" HPOS="2096"/><String ID="p806_w1037" CONTENT="Cafks." HPOS="2114" VPOS="2310" WIDTH="118" HEIGHT="75" STYLEREFS="font0"/></TextLine><TextLine WIDTH="981" HEIGHT="75" ID="p806_t107" HPOS="1357" VPOS="2390"><String ID="p806_w1038" CONTENT="In" HPOS="1357" VPOS="2390" WIDTH="39" HEIGHT="75" STYLEREFS="font0"/><SP WIDTH="20" VPOS="2390" HPOS="1396"/><String ID="p806_w1039" CONTENT="cafe" HPOS="1416" VPOS="2390" WIDTH="68" HEIGHT="75" STYLEREFS="font0"/><SP WIDTH="12" VPOS="2390" HPOS="1484"/><String ID="p806_w1040" CONTENT="your" HPOS="1496" VPOS="2390" WIDTH="82" HEIGHT="75" STYLEREFS="font0"/><SP WIDTH="16" VPOS="2390" HPOS="1578"/><String ID="p806_w1041" CONTENT="c?.(k" HPOS="1594" VPOS="2390" WIDTH="70" HEIGHT="75" STYLEREFS="font0"/><SP WIDTH="16" VPOS="2390" HPOS="1664"/><String ID="p806_w1042" CONTENT="is" HPOS="1680" VPOS="2390" WIDTH="27" HEIGHT="75" STYLEREFS="font0"/><SP WIDTH="17" VPOS="2390" HPOS="1707"/><String ID="p806_w1043" CONTENT="a" HPOS="1724" VPOS="2390" WIDTH="19" HEIGHT="75" STYLEREFS="font0"/><SP WIDTH="15" VPOS="2390" HPOS="1743"/><String ID="p806_w1044" CONTENT="butt," HPOS="1758" VPOS="2390" WIDTH="84" HEIGHT="75" STYLEREFS="font0"/><SP WIDTH="25" VPOS="2390" HPOS="1842"/><String ID="p806_w1045" CONTENT="then" HPOS="1867" VPOS="2390" WIDTH="75" HEIGHT="75" STYLEREFS="font0"/><SP WIDTH="18" VPOS="2390" HPOS="1942"/><String ID="p806_w1046" CONTENT="with" HPOS="1960" VPOS="2390" WIDTH="77" HEIGHT="75" STYLEREFS="font0"/><SP WIDTH="18" VPOS="2390" HPOS="2037"/><String ID="p806_w1047" CONTENT="cold" HPOS="2055" VPOS="2390" WIDTH="74" HEIGHT="75" STYLEREFS="font0"/><SP WIDTH="12" VPOS="2390" HPOS="2129"/><String ID="p806_w1048" CONTENT="water" HPOS="2141" VPOS="2390" WIDTH="99" HEIGHT="75" STYLEREFS="font0"/><SP WIDTH="16" VPOS="2390" HPOS="2240"/><String ID="p806_w1049" CONTENT="rinfe" HPOS="2256" VPOS="2390" WIDTH="82" HEIGHT="75" STYLEREFS="font0"/></TextLine><TextLine WIDTH="1028" HEIGHT="75" ID="p806_t108" HPOS="1310" VPOS="2436"><String ID="p806_w1050" CONTENT="out" HPOS="1310" VPOS="2436" WIDTH="58" HEIGHT="75" STYLEREFS="font0"/><SP WIDTH="22" VPOS="2436" HPOS="1368"/><String ID="p806_w1051" CONTENT="the" HPOS="1390" VPOS="2436" WIDTH="58" HEIGHT="75" STYLEREFS="font0"/><SP WIDTH="14" VPOS="2436" HPOS="1448"/><String ID="p806_w1052" CONTENT="lees" HPOS="1462" VPOS="2436" WIDTH="64" HEIGHT="75" STYLEREFS="font0"/><SP WIDTH="17" VPOS="2436" HPOS="1526"/><String ID="p806_w1053" CONTENT="clean," HPOS="1543" VPOS="2436" WIDTH="101" HEIGHT="75" STYLEREFS="font0"/><SP WIDTH="26" VPOS="2436" HPOS="1644"/><String ID="p806_w1054" CONTENT="and." HPOS="1670" VPOS="2436" WIDTH="67" HEIGHT="75" STYLEREFS="font0"/><SP WIDTH="19" VPOS="2436" HPOS="1737"/><String ID="p806_w1055" CONTENT="have" HPOS="1756" VPOS="2436" WIDTH="80" HEIGHT="75" STYLEREFS="font0"/><SP WIDTH="28" VPOS="2436" HPOS="1836"/><String ID="p806_w1056" CONTENT="ready" HPOS="1864" VPOS="2436" WIDTH="98" HEIGHT="75" STYLEREFS="font0"/><SP WIDTH="26" VPOS="2436" HPOS="1962"/><String ID="p806_w1057" CONTENT="boiling" HPOS="1988" VPOS="2436" WIDTH="121" HEIGHT="75" STYLEREFS="font0"/><SP WIDTH="16" VPOS="2436" HPOS="2109"/><String ID="p806_w1058" CONTENT="or" HPOS="2125" VPOS="2436" WIDTH="37" HEIGHT="75" STYLEREFS="font0"/><SP WIDTH="23" VPOS="2436" HPOS="2162"/><String ID="p806_w1059" CONTENT="very" HPOS="2185" VPOS="2436" WIDTH="77" HEIGHT="75" STYLEREFS="font0"/><SP WIDTH="16" VPOS="2436" HPOS="2262"/><String ID="p806_w1060" CONTENT="hot" HPOS="2278" VPOS="2436" WIDTH="60" HEIGHT="75" STYLEREFS="font0"/></TextLine><TextLine WIDTH="1027" HEIGHT="75" ID="p806_t109" HPOS="1310" VPOS="2482"><String ID="p806_w1061" CONTENT="water," HPOS="1310" VPOS="2482" WIDTH="110" HEIGHT="75" STYLEREFS="font0"/><SP WIDTH="25" VPOS="2482" HPOS="1420"/><String ID="p806_w1062" CONTENT="which" HPOS="1445" VPOS="2482" WIDTH="106" HEIGHT="75" STYLEREFS="font0"/><SP WIDTH="17" VPOS="2482" HPOS="1551"/><String ID="p806_w1063" CONTENT="put" HPOS="1568" VPOS="2482" WIDTH="56" HEIGHT="75" STYLEREFS="font0"/><SP WIDTH="16" VPOS="2482" HPOS="1624"/><String ID="p806_w1064" CONTENT="in," HPOS="1640" VPOS="2482" WIDTH="44" HEIGHT="75" STYLEREFS="font0"/><SP WIDTH="26" VPOS="2482" HPOS="1684"/><String ID="p806_w1065" CONTENT="and," HPOS="1710" VPOS="2482" WIDTH="74" HEIGHT="75" STYLEREFS="font0"/><SP WIDTH="25" VPOS="2482" HPOS="1784"/><String ID="p806_w1066" CONTENT="with" HPOS="1809" VPOS="2482" WIDTH="78" HEIGHT="75" STYLEREFS="font0"/><SP WIDTH="25" VPOS="2482" HPOS="1887"/><String ID="p806_w1067" CONTENT="a" HPOS="1912" VPOS="2482" WIDTH="18" HEIGHT="75" STYLEREFS="font0"/><SP WIDTH="26" VPOS="2482" HPOS="1930"/><String ID="p806_w1068" CONTENT="Jong" HPOS="1956" VPOS="2482" WIDTH="78" HEIGHT="75" STYLEREFS="font0"/><SP WIDTH="16" VPOS="2482" HPOS="2034"/><String ID="p806_w1069" CONTENT="dale" HPOS="2050" VPOS="2482" WIDTH="75" HEIGHT="75" STYLEREFS="font0"/><SP WIDTH="16" VPOS="2482" HPOS="2125"/><String ID="p806_w1070" CONTENT="$nd" HPOS="2141" VPOS="2482" WIDTH="61" HEIGHT="75" STYLEREFS="font0"/><SP WIDTH="17" VPOS="2482" HPOS="2202"/><String ID="p806_w1071" CONTENT="a" HPOS="2219" VPOS="2482" WIDTH="19" HEIGHT="75" STYLEREFS="font0"/><SP WIDTH="15" VPOS="2482" HPOS="2238"/><String ID="p806_w1072" CONTENT="little" HPOS="2253" VPOS="2482" WIDTH="84" HEIGHT="75" STYLEREFS="font0"/></TextLine><TextLine WIDTH="1035" HEIGHT="75" ID="p806_t110" HPOS="1309" VPOS="2530"><String ID="p806_w1073" CONTENT="birch" HPOS="1309" VPOS="2530" WIDTH="92" HEIGHT="75" STYLEREFS="font0"/><SP WIDTH="17" VPOS="2530" HPOS="1401"/><String ID="p806_w1074" CONTENT="faftened" HPOS="1418" VPOS="2530" WIDTH="140" HEIGHT="75" STYLEREFS="font0"/><SP WIDTH="11" VPOS="2530" HPOS="1558"/><String ID="p806_w1075" CONTENT="to" HPOS="1569" VPOS="2530" WIDTH="34" HEIGHT="75" STYLEREFS="font0"/><SP WIDTH="17" VPOS="2530" HPOS="1603"/><String ID="p806_w1076" CONTENT="its" HPOS="1620" VPOS="2530" WIDTH="43" HEIGHT="75" STYLEREFS="font0"/><SP WIDTH="10" VPOS="2530" HPOS="1663"/><String ID="p806_w1077" CONTENT="end," HPOS="1673" VPOS="2530" WIDTH="75" HEIGHT="75" STYLEREFS="font0"/><SP WIDTH="17" VPOS="2530" HPOS="1748"/><String ID="p806_w1078" CONTENT="fcrub" HPOS="1765" VPOS="2530" WIDTH="92" HEIGHT="75" STYLEREFS="font0"/><SP WIDTH="17" VPOS="2530" HPOS="1857"/><String ID="p806_w1079" CONTENT="the" HPOS="1874" VPOS="2530" WIDTH="54" HEIGHT="75" STYLEREFS="font0"/><SP WIDTH="16" VPOS="2530" HPOS="1928"/><String ID="p806_w1080" CONTENT="bottom" HPOS="1944" VPOS="2530" WIDTH="127" HEIGHT="75" STYLEREFS="font0"/><SP WIDTH="16" VPOS="2530" HPOS="2071"/><String ID="p806_w1081" CONTENT="as" HPOS="2087" VPOS="2530" WIDTH="33" HEIGHT="75" STYLEREFS="font0"/><SP WIDTH="13" VPOS="2530" HPOS="2120"/><String ID="p806_w1082" CONTENT="well" HPOS="2133" VPOS="2530" WIDTH="71" HEIGHT="75" STYLEREFS="font0"/><SP WIDTH="18" VPOS="2530" HPOS="2204"/><String ID="p806_w1083" CONTENT="as" HPOS="2222" VPOS="2530" WIDTH="34" HEIGHT="75" STYLEREFS="font0"/><SP WIDTH="16" VPOS="2530" HPOS="2256"/><String ID="p806_w1084" CONTENT="voir" HPOS="2272" VPOS="2530" WIDTH="72" HEIGHT="75" STYLEREFS="font0"/></TextLine><TextLine WIDTH="1029" HEIGHT="75" ID="p806_t111" HPOS="1310" VPOS="2576"><String ID="p806_w1085" CONTENT="can" HPOS="1310" VPOS="2576" WIDTH="58" HEIGHT="75" STYLEREFS="font0"/><SP WIDTH="14" VPOS="2576" HPOS="1368"/><String ID="p806_w1086" CONTENT=":" HPOS="1382" VPOS="2576" WIDTH="9" HEIGHT="75" STYLEREFS="font0"/><SP WIDTH="29" VPOS="2576" HPOS="1391"/><String ID="p806_w1087" CONTENT="At" HPOS="1420" VPOS="2576" WIDTH="47" HEIGHT="75" STYLEREFS="font0"/><SP WIDTH="24" VPOS="2576" HPOS="1467"/><String ID="p806_w1088" CONTENT="the" HPOS="1491" VPOS="2576" WIDTH="56" HEIGHT="75" STYLEREFS="font0"/><SP WIDTH="11" VPOS="2576" HPOS="1547"/><String ID="p806_w1089" CONTENT="'" HPOS="1558" VPOS="2576" WIDTH="7" HEIGHT="75" STYLEREFS="font0"/><String ID="p806_w1090" CONTENT="fame" HPOS="1565" VPOS="2576" WIDTH="83" HEIGHT="75" STYLEREFS="font0"/><SP WIDTH="23" VPOS="2576" HPOS="1648"/><String ID="p806_w1091" CONTENT="time" HPOS="1671" VPOS="2576" WIDTH="77" HEIGHT="75" STYLEREFS="font0"/><SP WIDTH="26" VPOS="2576" HPOS="1748"/><String ID="p806_w1092" CONTENT="let" HPOS="1774" VPOS="2576" WIDTH="48" HEIGHT="75" STYLEREFS="font0"/><SP WIDTH="24" VPOS="2576" HPOS="1822"/><String ID="p806_w1093" CONTENT="there" HPOS="1846" VPOS="2576" WIDTH="90" HEIGHT="75" STYLEREFS="font0"/><SP WIDTH="24" VPOS="2576" HPOS="1936"/><String ID="p806_w1094" CONTENT="be," HPOS="1960" VPOS="2576" WIDTH="53" HEIGHT="75" STYLEREFS="font0"/><SP WIDTH="15" VPOS="2576" HPOS="2013"/><String ID="p806_w1095" CONTENT="provided" HPOS="2028" VPOS="2576" WIDTH="154" HEIGHT="75" STYLEREFS="font0"/><SP WIDTH="23" VPOS="2576" HPOS="2182"/><String ID="p806_w1096" CONTENT="another" HPOS="2205" VPOS="2576" WIDTH="134" HEIGHT="75" STYLEREFS="font0"/></TextLine><TextLine WIDTH="1026" HEIGHT="75" ID="p806_t112" HPOS="1312" VPOS="2623"><String ID="p806_w1097" CONTENT="(hotter" HPOS="1312" VPOS="2623" WIDTH="118" HEIGHT="75" STYLEREFS="font0"/><SP WIDTH="17" VPOS="2623" HPOS="1430"/><String ID="p806_w1098" CONTENT="broom" HPOS="1447" VPOS="2623" WIDTH="114" HEIGHT="75" STYLEREFS="font0"/><SP WIDTH="16" VPOS="2623" HPOS="1561"/><String ID="p806_w1099" CONTENT="of" HPOS="1577" VPOS="2623" WIDTH="40" HEIGHT="75" STYLEREFS="font0"/><SP WIDTH="11" VPOS="2623" HPOS="1617"/><String ID="p806_w1100" CONTENT="about" HPOS="1628" VPOS="2623" WIDTH="97" HEIGHT="75" STYLEREFS="font0"/><SP WIDTH="17" VPOS="2623" HPOS="1725"/><String ID="p806_w1101" CONTENT="a" HPOS="1742" VPOS="2623" WIDTH="19" HEIGHT="75" STYLEREFS="font0"/><SP WIDTH="16" VPOS="2623" HPOS="1761"/><String ID="p806_w1102" CONTENT="foot" HPOS="1777" VPOS="2623" WIDTH="69" HEIGHT="75" STYLEREFS="font0"/><SP WIDTH="18" VPOS="2623" HPOS="1846"/><String ID="p806_w1103" CONTENT="and" HPOS="1864" VPOS="2623" WIDTH="61" HEIGHT="75" STYLEREFS="font0"/><SP WIDTH="16" VPOS="2623" HPOS="1925"/><String ID="p806_w1104" CONTENT="a" HPOS="1941" VPOS="2623" WIDTH="18" HEIGHT="75" STYLEREFS="font0"/><SP WIDTH="16" VPOS="2623" HPOS="1959"/><String ID="p806_w1105" CONTENT="half" HPOS="1975" VPOS="2623" WIDTH="74" HEIGHT="75" STYLEREFS="font0"/><SP WIDTH="10" VPOS="2623" HPOS="2049"/><String ID="p806_w1106" CONTENT="long," HPOS="2059" VPOS="2623" WIDTH="87" HEIGHT="75" STYLEREFS="font0"/><SP WIDTH="25" VPOS="2623" HPOS="2146"/><String ID="p806_w1107" CONTENT="that" HPOS="2171" VPOS="2623" WIDTH="71" HEIGHT="75" STYLEREFS="font0"/><SP WIDTH="17" VPOS="2623" HPOS="2242"/><String ID="p806_w1108" CONTENT="with" HPOS="2259" VPOS="2623" WIDTH="79" HEIGHT="75" STYLEREFS="font0"/></TextLine><TextLine WIDTH="1026" HEIGHT="75" ID="p806_t113" HPOS="1312" VPOS="2669"><String ID="p806_w1109" CONTENT="one" HPOS="1312" VPOS="2669" WIDTH="59" HEIGHT="75" STYLEREFS="font0"/><SP WIDTH="15" VPOS="2669" HPOS="1371"/><String ID="p806_w1110" CONTENT="hand" HPOS="1386" VPOS="2669" WIDTH="84" HEIGHT="75" STYLEREFS="font0"/><SP WIDTH="29" VPOS="2669" HPOS="1470"/><String ID="p806_w1111" CONTENT="may" HPOS="1499" VPOS="2669" WIDTH="71" HEIGHT="75" STYLEREFS="font0"/><SP WIDTH="18" VPOS="2669" HPOS="1570"/><String ID="p806_w1112" CONTENT="be" HPOS="1588" VPOS="2669" WIDTH="40" HEIGHT="75" STYLEREFS="font0"/><SP WIDTH="15" VPOS="2669" HPOS="1628"/><String ID="p806_w1113" CONTENT="fo" HPOS="1643" VPOS="2669" WIDTH="35" HEIGHT="75" STYLEREFS="font0"/><SP WIDTH="16" VPOS="2669" HPOS="1678"/><String ID="p806_w1114" CONTENT="employe-d" HPOS="1694" VPOS="2669" WIDTH="168" HEIGHT="75" STYLEREFS="font0"/><SP WIDTH="26" VPOS="2669" HPOS="1862"/><String ID="p806_w1115" CONTENT="In" HPOS="1888" VPOS="2669" WIDTH="31" HEIGHT="75" STYLEREFS="font0"/><SP WIDTH="28" VPOS="2669" HPOS="1919"/><String ID="p806_w1116" CONTENT="the" HPOS="1947" VPOS="2669" WIDTH="56" HEIGHT="75" STYLEREFS="font0"/><SP WIDTH="23" VPOS="2669" HPOS="2003"/><String ID="p806_w1117" CONTENT="upper" HPOS="2026" VPOS="2669" WIDTH="100" HEIGHT="75" STYLEREFS="font0"/><SP WIDTH="29" VPOS="2669" HPOS="2126"/><String ID="p806_w1118" CONTENT="and" HPOS="2155" VPOS="2669" WIDTH="62" HEIGHT="75" STYLEREFS="font0"/><SP WIDTH="26" VPOS="2669" HPOS="2217"/><String ID="p806_w1119" CONTENT="other" HPOS="2243" VPOS="2669" WIDTH="95" HEIGHT="75" STYLEREFS="font0"/></TextLine><TextLine WIDTH="1027" HEIGHT="75" ID="p806_t114" HPOS="1312" VPOS="2716"><String ID="p806_w1120" CONTENT="parts" HPOS="1312" VPOS="2716" WIDTH="87" HEIGHT="75" STYLEREFS="font0"/><SP WIDTH="22" VPOS="2716" HPOS="1399"/><String ID="p806_w1121" CONTENT="as" HPOS="1421" VPOS="2716" WIDTH="32" HEIGHT="75" STYLEREFS="font0"/><SP WIDTH="17" VPOS="2716" HPOS="1453"/><String ID="p806_w1122" CONTENT="to" HPOS="1470" VPOS="2716" WIDTH="36" HEIGHT="75" STYLEREFS="font0"/><SP WIDTH="21" VPOS="2716" HPOS="1506"/><String ID="p806_w1123" CONTENT="clean" HPOS="1527" VPOS="2716" WIDTH="88" HEIGHT="75" STYLEREFS="font0"/><SP WIDTH="17" VPOS="2716" HPOS="1615"/><String ID="p806_w1124" CONTENT="the" HPOS="1632" VPOS="2716" WIDTH="56" HEIGHT="75" STYLEREFS="font0"/><SP WIDTH="16" VPOS="2716" HPOS="1688"/><String ID="p806_w1125" CONTENT="cafe" HPOS="1704" VPOS="2716" WIDTH="71" HEIGHT="75" STYLEREFS="font0"/><SP WIDTH="16" VPOS="2716" HPOS="1775"/><String ID="p806_w1126" CONTENT="well" HPOS="1791" VPOS="2716" WIDTH="71" HEIGHT="75" STYLEREFS="font0"/><SP WIDTH="17" VPOS="2716" HPOS="1862"/><String ID="p806_w1127" CONTENT=":" HPOS="1879" VPOS="2716" WIDTH="8" HEIGHT="75" STYLEREFS="font0"/><SP WIDTH="40" VPOS="2716" HPOS="1887"/><String ID="p806_w1128" CONTENT="So" HPOS="1927" VPOS="2716" WIDTH="46" HEIGHT="75" STYLEREFS="font0"/><SP WIDTH="27" VPOS="2716" HPOS="1973"/><String ID="p806_w1129" CONTENT="in" HPOS="2000" VPOS="2716" WIDTH="31" HEIGHT="75" STYLEREFS="font0"/><SP WIDTH="27" VPOS="2716" HPOS="2031"/><String ID="p806_w1130" CONTENT="a" HPOS="2058" VPOS="2716" WIDTH="19" HEIGHT="75" STYLEREFS="font0"/><SP WIDTH="27" VPOS="2716" HPOS="2077"/><String ID="p806_w1131" CONTENT="hogfhead," HPOS="2104" VPOS="2716" WIDTH="170" HEIGHT="75" STYLEREFS="font0"/><SP WIDTH="27" VPOS="2716" HPOS="2274"/><String ID="p806_w1132" CONTENT="or" HPOS="2301" VPOS="2716" WIDTH="38" HEIGHT="75" STYLEREFS="font0"/></TextLine><TextLine WIDTH="1026" HEIGHT="75" ID="p806_t115" HPOS="1312" VPOS="2761"><String ID="p806_w1133" CONTENT="other," HPOS="1312" VPOS="2761" WIDTH="100" HEIGHT="75" STYLEREFS="font0"/><SP WIDTH="8" VPOS="2761" HPOS="1412"/><String ID="p806_w1134" CONTENT="fmaller" HPOS="1420" VPOS="2761" WIDTH="125" HEIGHT="75" STYLEREFS="font0"/><SP WIDTH="14" VPOS="2761" HPOS="1545"/><String ID="p806_w1135" CONTENT="veffel," HPOS="1559" VPOS="2761" WIDTH="107" HEIGHT="75" STYLEREFS="font0"/><SP WIDTH="25" VPOS="2761" HPOS="1666"/><String ID="p806_w1136" CONTENT="the" HPOS="1691" VPOS="2761" WIDTH="55" HEIGHT="75" STYLEREFS="font0"/><SP WIDTH="16" VPOS="2761" HPOS="1746"/><String ID="p806_w1137" CONTENT="one-handed" HPOS="1762" VPOS="2761" WIDTH="204" HEIGHT="75" STYLEREFS="font0"/><SP WIDTH="16" VPOS="2761" HPOS="1966"/><String ID="p806_w1138" CONTENT="(hart" HPOS="1982" VPOS="2761" WIDTH="85" HEIGHT="75" STYLEREFS="font0"/><SP WIDTH="16" VPOS="2761" HPOS="2067"/><String ID="p806_w1139" CONTENT="broom" HPOS="2083" VPOS="2761" WIDTH="112" HEIGHT="75" STYLEREFS="font0"/><SP WIDTH="18" VPOS="2761" HPOS="2195"/><String ID="p806_w1140" CONTENT="may" HPOS="2213" VPOS="2761" WIDTH="71" HEIGHT="75" STYLEREFS="font0"/><SP WIDTH="14" VPOS="2761" HPOS="2284"/><String ID="p806_w1141" CONTENT="be" HPOS="2298" VPOS="2761" WIDTH="40" HEIGHT="75" STYLEREFS="font0"/></TextLine><TextLine WIDTH="1026" HEIGHT="75" ID="p806_t116" HPOS="1312" VPOS="2807"><String ID="p806_w1142" CONTENT="ufed" HPOS="1312" VPOS="2807" WIDTH="75" HEIGHT="75" STYLEREFS="font0"/><SP WIDTH="15" VPOS="2807" HPOS="1387"/><String ID="p806_w1143" CONTENT="with" HPOS="1402" VPOS="2807" WIDTH="76" HEIGHT="75" STYLEREFS="font0"/><SP WIDTH="19" VPOS="2807" HPOS="1478"/><String ID="p806_w1144" CONTENT="water," HPOS="1497" VPOS="2807" WIDTH="111" HEIGHT="75" STYLEREFS="font0"/><SP WIDTH="25" VPOS="2807" HPOS="1608"/><String ID="p806_w1145" CONTENT="or" HPOS="1633" VPOS="2807" WIDTH="38" HEIGHT="75" STYLEREFS="font0"/><SP WIDTH="17" VPOS="2807" HPOS="1671"/><String ID="p806_w1146" CONTENT="with" HPOS="1688" VPOS="2807" WIDTH="76" HEIGHT="75" STYLEREFS="font0"/><SP WIDTH="18" VPOS="2807" HPOS="1764"/><String ID="p806_w1147" CONTENT="water," HPOS="1782" VPOS="2807" WIDTH="110" HEIGHT="75" STYLEREFS="font0"/><SP WIDTH="25" VPOS="2807" HPOS="1892"/><String ID="p806_w1148" CONTENT="fjmd," HPOS="1917" VPOS="2807" WIDTH="87" HEIGHT="75" STYLEREFS="font0"/><SP WIDTH="26" VPOS="2807" HPOS="2004"/><String ID="p806_w1149" CONTENT="or" HPOS="2030" VPOS="2807" WIDTH="36" HEIGHT="75" STYLEREFS="font0"/><SP WIDTH="25" VPOS="2807" HPOS="2066"/><String ID="p806_w1150" CONTENT="a(hes," HPOS="2091" VPOS="2807" WIDTH="97" HEIGHT="75" STYLEREFS="font0"/><SP WIDTH="26" VPOS="2807" HPOS="2188"/><String ID="p806_w1151" CONTENT="and" HPOS="2214" VPOS="2807" WIDTH="62" HEIGHT="75" STYLEREFS="font0"/><SP WIDTH="22" VPOS="2807" HPOS="2276"/><String ID="p806_w1152" CONTENT="be" HPOS="2298" VPOS="2807" WIDTH="40" HEIGHT="75" STYLEREFS="font0"/></TextLine><TextLine WIDTH="1027" HEIGHT="75" ID="p806_t117" HPOS="1311" VPOS="2853"><String ID="p806_w1153" CONTENT="effeftually" HPOS="1311" VPOS="2853" WIDTH="179" HEIGHT="75" STYLEREFS="font0"/><SP WIDTH="22" VPOS="2853" HPOS="1490"/><String ID="p806_w1154" CONTENT="cleaned;" HPOS="1512" VPOS="2853" WIDTH="153" HEIGHT="75" STYLEREFS="font0"/><SP WIDTH="24" VPOS="2853" HPOS="1665"/><String ID="p806_w1155" CONTENT="the" HPOS="1689" VPOS="2853" WIDTH="56" HEIGHT="75" STYLEREFS="font0"/><SP WIDTH="26" VPOS="2853" HPOS="1745"/><String ID="p806_w1156" CONTENT="outfide" HPOS="1771" VPOS="2853" WIDTH="119" HEIGHT="75" STYLEREFS="font0"/><SP WIDTH="26" VPOS="2853" HPOS="1890"/><String ID="p806_w1157" CONTENT="of" HPOS="1916" VPOS="2853" WIDTH="40" HEIGHT="75" STYLEREFS="font0"/><SP WIDTH="26" VPOS="2853" HPOS="1956"/><String ID="p806_w1158" CONTENT="the." HPOS="1982" VPOS="2853" WIDTH="66" HEIGHT="75" STYLEREFS="font0"/><SP WIDTH="14" VPOS="2853" HPOS="2048"/><String ID="p806_w1159" CONTENT="calk" HPOS="2062" VPOS="2853" WIDTH="69" HEIGHT="75" STYLEREFS="font0"/><SP WIDTH="28" VPOS="2853" HPOS="2131"/><String ID="p806_w1160" CONTENT="about" HPOS="2159" VPOS="2853" WIDTH="98" HEIGHT="75" STYLEREFS="font0"/><SP WIDTH="24" VPOS="2853" HPOS="2257"/><String ID="p806_w1161" CONTENT="the" HPOS="2281" VPOS="2853" WIDTH="57" HEIGHT="75" STYLEREFS="font0"/></TextLine><TextLine WIDTH="1026" HEIGHT="75" ID="p806_t118" HPOS="1313" VPOS="2900"><String ID="p806_w1162" CONTENT="bung-hole" HPOS="1313" VPOS="2900" WIDTH="175" HEIGHT="75" STYLEREFS="font0"/><SP WIDTH="28" VPOS="2900" HPOS="1488"/><String ID="p806_w1163" CONTENT="(hould" HPOS="1516" VPOS="2900" WIDTH="111" HEIGHT="75" STYLEREFS="font0"/><SP WIDTH="28" VPOS="2900" HPOS="1627"/><String ID="p806_w1164" CONTENT="be" HPOS="1655" VPOS="2900" WIDTH="39" HEIGHT="75" STYLEREFS="font0"/><SP WIDTH="26" VPOS="2900" HPOS="1694"/><String ID="p806_w1165" CONTENT="well" HPOS="1720" VPOS="2900" WIDTH="73" HEIGHT="75" STYLEREFS="font0"/><SP WIDTH="28" VPOS="2900" HPOS="1793"/><String ID="p806_w1166" CONTENT="waftred," HPOS="1821" VPOS="2900" WIDTH="135" HEIGHT="75" STYLEREFS="font0"/><SP WIDTH="24" VPOS="2900" HPOS="1956"/><String ID="p806_w1167" CONTENT="left-the" HPOS="1980" VPOS="2900" WIDTH="136" HEIGHT="75" STYLEREFS="font0"/><SP WIDTH="22" VPOS="2900" HPOS="2116"/><String ID="p806_w1168" CONTENT="yeaft," HPOS="2138" VPOS="2900" WIDTH="96" HEIGHT="75" STYLEREFS="font0"/><SP WIDTH="27" VPOS="2900" HPOS="2234"/><String ID="p806_w1169" CONTENT="as" HPOS="2261" VPOS="2900" WIDTH="33" HEIGHT="75" STYLEREFS="font0"/><SP WIDTH="17" VPOS="2900" HPOS="2294"/><String ID="p806_w1170" CONTENT="it" HPOS="2311" VPOS="2900" WIDTH="28" HEIGHT="75" STYLEREFS="font0"/></TextLine><TextLine WIDTH="781" HEIGHT="75" ID="p806_t119" HPOS="1311" VPOS="2946"><String ID="p806_w1171" CONTENT="works" HPOS="1311" VPOS="2946" WIDTH="103" HEIGHT="75" STYLEREFS="font0"/><SP WIDTH="20" VPOS="2946" HPOS="1414"/><String ID="p806_w1172" CONTENT="over," HPOS="1434" VPOS="2946" WIDTH="88" HEIGHT="75" STYLEREFS="font0"/><SP WIDTH="26" VPOS="2946" HPOS="1522"/><String ID="p806_w1173" CONTENT="carry" HPOS="1548" VPOS="2946" WIDTH="92" HEIGHT="75" STYLEREFS="font0"/><SP WIDTH="14" VPOS="2946" HPOS="1640"/><String ID="p806_w1174" CONTENT="fome" HPOS="1654" VPOS="2946" WIDTH="86" HEIGHT="75" STYLEREFS="font0"/><SP WIDTH="16" VPOS="2946" HPOS="1740"/><String ID="p806_w1175" CONTENT="of" HPOS="1756" VPOS="2946" WIDTH="41" HEIGHT="75" STYLEREFS="font0"/><SP WIDTH="10" VPOS="2946" HPOS="1797"/><String ID="p806_w1176" CONTENT="its" HPOS="1807" VPOS="2946" WIDTH="41" HEIGHT="75" STYLEREFS="font0"/><SP WIDTH="24" VPOS="2946" HPOS="1848"/><String ID="p806_w1177" CONTENT="filth" HPOS="1872" VPOS="2946" WIDTH="69" HEIGHT="75" STYLEREFS="font0"/><SP WIDTH="18" VPOS="2946" HPOS="1941"/><String ID="p806_w1178" CONTENT="with" HPOS="1959" VPOS="2946" WIDTH="77" HEIGHT="75" STYLEREFS="font0"/><SP WIDTH="17" VPOS="2946" HPOS="2036"/><String ID="p806_w1179" CONTENT="it." HPOS="2053" VPOS="2946" WIDTH="39" HEIGHT="75" STYLEREFS="font0"/></TextLine><TextLine WIDTH="979" HEIGHT="75" ID="p806_t120" HPOS="1359" VPOS="2992"><String ID="p806_w1180" CONTENT="But," HPOS="1359" VPOS="2992" WIDTH="77" HEIGHT="75" STYLEREFS="font0"/><SP WIDTH="27" VPOS="2992" HPOS="1436"/><String ID="p806_w1181" CONTENT="to" HPOS="1463" VPOS="2992" WIDTH="34" HEIGHT="75" STYLEREFS="font0"/><SP WIDTH="17" VPOS="2992" HPOS="1497"/><String ID="p806_w1182" CONTENT="fweeten" HPOS="1514" VPOS="2992" WIDTH="134" HEIGHT="75" STYLEREFS="font0"/><SP WIDTH="18" VPOS="2992" HPOS="1648"/><String ID="p806_w1183" CONTENT="a" HPOS="1666" VPOS="2992" WIDTH="18" HEIGHT="75" STYLEREFS="font0"/><SP WIDTH="17" VPOS="2992" HPOS="1684"/><String ID="p806_w1184" CONTENT="barrel," HPOS="1701" VPOS="2992" WIDTH="114" HEIGHT="75" STYLEREFS="font0"/><SP WIDTH="25" VPOS="2992" HPOS="1815"/><String ID="p806_w1185" CONTENT="kilderkin," HPOS="1840" VPOS="2992" WIDTH="172" HEIGHT="75" STYLEREFS="font0"/><SP WIDTH="24" VPOS="2992" HPOS="2012"/><String ID="p806_w1186" CONTENT="firkin," HPOS="2036" VPOS="2992" WIDTH="107" HEIGHT="75" STYLEREFS="font0"/><SP WIDTH="25" VPOS="2992" HPOS="2143"/><String ID="p806_w1187" CONTENT="or" HPOS="2168" VPOS="2992" WIDTH="37" HEIGHT="75" STYLEREFS="font0"/><SP WIDTH="16" VPOS="2992" HPOS="2205"/><String ID="p806_w1188" CONTENT="pin," HPOS="2221" VPOS="2992" WIDTH="66" HEIGHT="75" STYLEREFS="font0"/><SP WIDTH="17" VPOS="2992" HPOS="2287"/><String ID="p806_w1189" CONTENT="in" HPOS="2304" VPOS="2992" WIDTH="34" HEIGHT="75" STYLEREFS="font0"/></TextLine><TextLine WIDTH="1025" HEIGHT="75" ID="p806_t121" HPOS="1312" VPOS="3039"><String ID="p806_w1190" CONTENT="the" HPOS="1312" VPOS="3039" WIDTH="54" HEIGHT="75" STYLEREFS="font0"/><SP WIDTH="19" VPOS="3039" HPOS="1366"/><String ID="p806_w1191" CONTENT="great" HPOS="1385" VPOS="3039" WIDTH="91" HEIGHT="75" STYLEREFS="font0"/><SP WIDTH="20" VPOS="3039" HPOS="1476"/><String ID="p806_w1192" CONTENT="hxewhoufes," HPOS="1496" VPOS="3039" WIDTH="215" HEIGHT="75" STYLEREFS="font0"/><SP WIDTH="24" VPOS="3039" HPOS="1711"/><String ID="p806_w1193" CONTENT="they" HPOS="1735" VPOS="3039" WIDTH="77" HEIGHT="75" STYLEREFS="font0"/><SP WIDTH="21" VPOS="3039" HPOS="1812"/><String ID="p806_w1194" CONTENT="put" HPOS="1833" VPOS="3039" WIDTH="59" HEIGHT="75" STYLEREFS="font0"/><SP WIDTH="24" VPOS="3039" HPOS="1892"/><String ID="p806_w1195" CONTENT="them" HPOS="1916" VPOS="3039" WIDTH="88" HEIGHT="75" STYLEREFS="font0"/><SP WIDTH="22" VPOS="3039" HPOS="2004"/><String ID="p806_w1196" CONTENT="over" HPOS="2026" VPOS="3039" WIDTH="77" HEIGHT="75" STYLEREFS="font0"/><SP WIDTH="23" VPOS="3039" HPOS="2103"/><String ID="p806_w1197" CONTENT="the" HPOS="2126" VPOS="3039" WIDTH="55" HEIGHT="75" STYLEREFS="font0"/><SP WIDTH="24" VPOS="3039" HPOS="2181"/><String ID="p806_w1198" CONTENT="copper-" HPOS="2205" VPOS="3039" WIDTH="132" HEIGHT="75" STYLEREFS="font0"/></TextLine><TextLine WIDTH="76" HEIGHT="75" ID="p806_t122" HPOS="2262" VPOS="3086"><String ID="p806_w1199" CONTENT="hole" HPOS="2262" VPOS="3086" WIDTH="76" HEIGHT="75" STYLEREFS="font0"/></TextLine></PrintSpace></Page></Layout></alto>