2483 3387
632 157 40 75 A
749 157 37 75 It
861 157 19 75 I
954 157 41 75 T
1072 157 44 75 H
1195 157 48 75 M
1323 157 35 75 E
1430 157 40 75 T
1545 157 19 75 I
1643 157 37 75 C
1759 157 50 75 K.

2234 157 95 75 3%

200 235 48 75 by
263 235 56 75 the
333 235 64 75 firH:
413 235 94 75 term,
533 235 59 75 and
610 235 56 75 the
682 235 80 75 quot
784 235 38 75 15
841 235 26 75 is
885 235 55 75 the
957 235 131 75 anfwer,
1114 235 40 75 of
1176 235 56 75 the

203 281 83 75 fame
303 281 91 75 name
409 281 81 75 with
505 281 56 75 the
577 281 119 75 middie
714 281 92 75 term,
832 281 68 75 viz.
928 281 44 75 L.
990 281 155 75 Sterling.

251 327 78 75 And
345 327 131 75 becaufe
491 327 56 75 the
563 327 116 75 divifor
695 327 140 75 happens
852 327 35 75 to
904 327 40 75 be
960 327 55 75 the
1039 327 144 75 extreme
1199 327 33 75 in

203 374 56 75 the
275 374 201 75 fuppofition,
502 374 55 75 the
574 374 186 75 proportion
777 374 26 75 is
820 374 112 75 direft.

250 420 152 75 Quest.
430 420 33 75 3.
512 420 37 75 If
567 420 38 75 13
624 420 95 75 yards
744 420 42 75 of
804 420 105 75 velvet
926 420 64 75 coft
1007 420 43 75 L.
1064 420 56 75 21,
1144 420 90 75 what

202 466 64 75 will
286 466 43 75 27
347 466 95 75 yards
459 466 64 75 cod
541 466 34 75 at
590 466 71 75 that
676 466 68 75 rate
755 466 12 75 ?

272 512 35 75 r.
374 512 41 75 l.
498 512 37 75 r.

201 562 38 75 If
269 562 38 75 13
337 562 8 75 :
375 562 39 75 21
439 562 24 75 ::
486 562 42 75 27
576 544 21 49 #
597 562 109 75 Rem.
727 562 61 75 4s.

374 609 42 75 27

706 609 39 75 12

355 711 63 75 M7

353 753 42 75 42

271 840 248 75 13)567(43!,.

341 892 39 75 52

358 989 45 75 47

360 1036 44 75 39

262 1118 98 75 Rem.
387 1118 19 75 8
420 1118 45 75 L.

391 1165 44 75 20

298 1259 192 75 13)160(12
504 1259 27 75 s.

360 1315 38 75 13

645 700 145 75 13)48(3
804 700 35 75 d.

747 746 43 75 39

919 746 110 75 When
1046 746 90 75 there
1151 746 80 75 hap-

743 792 49 75 —
870 792 76 75 pens
963 792 36 75 to
1014 792 40 75 be
1066 792 19 75 a
1096 792 136 75 remain-

616 839 96 75 Rem.
755 839 21 75 9
788 839 36 75 d.
871 839 70 75 der,
959 839 26 75 it
998 839 73 75 may
1083 839 39 75 be
1135 839 95 75 redu-

754 885 20 75 4
869 885 60 75 ced
948 885 35 75 to
1004 885 55 75 the
1083 885 78 75 next
1181 885 49 75 in-

731 931 47 75 —
871 931 101 75 ferior
980 931 249 75 denomination,

668 980 182 75 13)36.(2^
874 980 62 75 and
960 980 71 75 *the
1064 980 165 75 operation

735 1025 44 75 26
874 1025 183 75 continued,
1075 1025 33 75 as
1125 1025 32 75 in
1174 1025 56 75 the

734 1070 48 75 —
876 1070 119 75 margin
1008 1070 10 75 ;
1045 1070 63 75 and
1119 1070 31 75 in
1163 1070 64 75 this

609 1117 97 75 Rem.
737 1117 40 75 10
793 1117 27 75 f.
876 1117 69 75 cafe
975 1117 53 75 the
1055 1117 81 75 quot
1160 1117 74 75 will'

875 1161 108 75 confirt
1014 1161 41 75 of
1090 1161 66 75 two
1187 1161 39 75 or

876 1210 88 75 more
987 1210 101 75 parts.

366 1350 58 75 —

589 1350 42 75 L.
678 1350 29 75 s.
742 1350 32 75 d.
796 1350 35 75 r

381 1397 42 75 30
479 1397 81 75 Jnf.
588 1397 56 75 43-
674 1397 46 75 12.
743 1397 17 75 3
790 1397 70 75 24t

379 1444 44 75 26

214 1535 20 75 *
259 1535 97 75 Rem.
396 1535 21 75 4
430 1535 27 75 s.

236 1581 87 75 Such
348 1581 192 75 remainders
564 1581 53 75 are
643 1581 117 75 always
786 1581 42 75 of
845 1581 55 75 the
925 1581 83 75 fame
1030 1581 92 75 name
1138 1581 79 75 with

185 1628 56 75 the
257 1628 171 75 preceding
443 1628 71 75 part
527 1628 40 75 of
585 1628 56 75 the
658 1628 92 75 quot.
799 1628 109 75 Thus,
933 1628 55 75 the
1006 1628 63 75 firft
1082 1628 136 75 remain-

185 1673 58 75 der
260 1673 34 75 8,
313 1673 62 75 and
387 1673 54 75 the
453 1673 65 75 firft
529 1673 72 75 part
612 1673 40 75 of
663 1673 55 75 the
731 1673 80 75 quot
824 1673 129 75 43,-are
970 1673 80 75 both
1067 1673 123 75 pounds
1202 1673 11 75 ;

185 1720 63 75 and
263 1720 55 75 the
333 1720 117 75 fecond
472 1720 177 75 remainder
667 1720 33 75 4,
726 1720 61 75 and
810 1720 55 75 the
882 1720 115 75 fecond
1013 1720 71 75 part
1101 1720 40 75 of
1159 1720 56 75 the

183 1767 82 75 quot
285 1767 55 75 12,
365 1767 52 75 are
433 1767 82 75 both
530 1767 162 75 {hillings;
719 1767 63 75 and
798 1767 55 75 the
869 1767 89 75 third
983 1767 178 75 remainder
1178 1767 49 75 9,,

183 1815 63 75 and
263 1815 54 75 the
333 1815 89 75 third
444 1815 72 75 part
532 1815 40 75 of
591 1815 55 75 the
669 1815 81 75 quot
769 1815 32 75 3,
827 1815 53 75 are
904 1815 79 75 both
1003 1815 119 75 pence;
1150 1815 62 75 and

182 1861 64 75 the.
255 1861 111 75 fourth
383 1861 177 75 remainder
580 1861 53 75 10,
660 1861 62 75 and
733 1861 56 75 the
805 1861 111 75 fonrth
932 1861 72 75 part
1015 1861 40 75 of
1066 1861 55 75 the
1134 1861 83 75 quot

183 1910 34 75 2,
243 1910 53 75 are
309 1910 77 75 both
403 1910 172 75 farthings.

228 1954 49 75 As
301 1954 49 75 we
373 1954 81 75 have
479 1954 43 75 no
546 1954 116 75 money
684 1954 101 75 under
807 1954 170 75 farthings,
1007 1954 56 75 the
1085 1954 58 75 laft
1161 1954 51 75 re-

181 2001 142 75 mainder
338 2001 117 75 cannot
469 2001 42 75 be
527 2001 139 75 reduced
682 2001 62 75 any
762 2001 136 75 lower;'
909 2001 35 75 fo
964 2001 90 75 there
1077 2001 134 75 remains

186 2048 41 75 10
243 2048 159 75 farthings
418 2048 36 75 to
469 2048 42 75 be
527 2048 129 75 divided
672 2048 44 75 by
733 2048 37 75 13
784 2048 10 75 ;
821 2048 70 75 that
907 2048 148 75 is,‘there
1071 2048 27 75 is
1110 2048 102 75 want-

179 2093 55 75 ing
250 2093 35 75 to
302 2093 158 75 complete
477 2093 54 75 the
547 2093 93 75 quot,
665 2093 55 75 the
736 2093 177 75 thirteenth
935 2093 71 75 part
1024 2093 47 75 of:
1087 2093 40 75 10
1144 2093 66 75 far-

179 2139 122 75 things,
319 2139 38 75 or
368 2139 55 75 the
434 2139 177 75 thirteenth
623 2139 70 75 part
706 2139 39 75 of
752 2139 96 75 every
858 2139 175 75 remaining
1044 2139 162 75 farthing;
1215 2139 6 75 •

180 2185 71 75 that
266 2185 39 75 is,
330 2185 55 75 ten
405 2185 176 75 thirteenth
598 2185 89 75 parts
707 2185 41 75 of
767 2185 60 75 one
848 2185 163 75 farthing;
1036 2185 35 75 fo
1082 2185 63 75 you
1161 2185 49 75 fet

179 2232 56 75 the
254 2232 176 75 remainder
451 2232 42 75 10
509 2232 112 75 aboye,
647 2232 61 75 and
725 2232 55 75 the
796 2232 118 75 divifor
934 2232 38 75 13
992 2232 103 75 below
1111 2232 18 75 a
1145 2232 65 75 line

179 2279 108 75 drawn
304 2279 144 75 between
463 2279 101 75 them,
581 2279 32 75 in
631 2279 56 75 the
703 2279 84 75 form
799 2279 39 75 of
850 2279 19 75 a
877 2279 150 75 fraftion,
1053 2279 40 75 of
1103 2279 106 75 which

178 2326 57 75 the
258 2326 178 75 remainder
458 2326 32 75 ia
507 2326 56 75 the
578 2326 196 75 numerator,
784 2326 7 75 .
799 2326 64 75 and
878 2326 55 75 the
950 2326 118 75 divifor
1083 2326 54 75 the
1153 2326 61 75 de-

179 2373 192 75 nominator.

321 2476 48 75 II.
411 2476 79 75 The-
501 2476 122 75 Simple
639 2476 84 75 Rule
740 2476 43 75 of
797 2476 104 75 Three
918 2476 145 75 Inverfe.

224 2554 151 75 Quest,
399 2554 30 75 i.
477 2554 38 75 If
533 2554 20 75 8
572 2554 71 75 men
661 2554 57 75 can
740 2554 43 75 do
799 2554 19 75 a
834 2554 88 75 piece
945 2554 40 75 of
1004 2554 90 75 work
1110 2554 32 75 in
1163 2554 50 75 12.

177 2602 91 75 days,
294 2602 31 75 in
342 2602 74 75 how
432 2602 94 75 many
538 2602 77 75 days
631 2602 66 75 will
719 2602 40 75 16
776 2602 71 75 men
869 2602 43 75 do
928 2602 56 75 the
1000 2602 82 75 fame
1095 2602 12 75 ?

224 2647 38 75 In
274 2647 65 75 this
351 2647 142 75 queftion
509 2647 56 75 the
579 2647 190 75 fuppofition
783 2647 40 75 is,
848 2647 38 75 If
898 2647 20 75 8
936 2647 73 75 men
1025 2647 43 75 do
1081 2647 18 75 a
1115 2647 90 75 piece

176 2695 41 75 of
236 2695 90 75 work
342 2695 32 75 in
395 2695 39 75 12
453 2695 92 75 days,
570 2695 61 75 and
650 2695 54 75 the
728 2695 66 75 two
817 2695 98 75 terms
939 2695 169 75 contained
1128 2695 33 75 in
1177 2695 26 75 it

176 2741 53 75 are
247 2741 20 75 8
284 2741 73 75 men
374 2741 60 75 and
456 2741 39 75 12
509 2741 99 75 days:
634 2741 76 75 The
722 2741 135 75 demand
869 2741 58 75 lies
938 2741 34 75 in
983 2741 86 75 thefe
1080 2741 122 75 words.

175 2787 39 75 In
231 2787 75 75 how
321 2787 95 75 many
438 2787 79 75 days
533 2787 67 75 will
622 2787 41 75 16
686 2787 72 75 men
783 2787 43 75 do
850 2787 56 75 the
927 2787 109 75 fame-?
1063 2787 63 75 and
1147 2787 75 75 the-

175 2832 78 75 only
268 2832 82 75 term
366 2832 167 75 contained
549 2832 32 75 in
597 2832 26 75 it
638 2832 27 75 is
683 2832 40 75 16
741 2832 85 75 men.

222 2878 76 75 The
314 2878 133 75 number
461 2878 116 75 fought
592 2878 76 75 here
684 2878 26 75 is
727 2878 56 75 the
799 2878 78 75 days
893 2878 33 75 in
941 2878 108 75 which
1074 2878 39 75 16
1130 2878 72 75 men

173 2926 127 75 will'do
309 2926 57 75 the
376 2926 104 75 work,
506 2926 62 75 and
582 2926 57 75 the
654 2926 82 75 term
756 2926 33 75 in
805 2926 56 75 the
877 2926 190 75 fuppofition
1089 2926 39 75 of
1147 2926 55 75 the

173 2971 85 75 feme
274 2971 77 75 kind
367 2971 26 75 is
416 2971 39 75 12
472 2971 101 75 days;
599 2971 178 75 wherefore
793 2971 17 75 I
828 2971 88 75 place
938 2971 37 75 12
996 2971 77 75 days
1094 2971 34 75 as
1145 2971 56 75 the

174 3020 119 75 middle
316 3020 95 75 term,
437 3020 171 75 according
629 3020 39 75 to
693 3020 86 75 Rule
803 3020 30 75 I.
859 3020 54 75 the
938 3020 66 75 two
1025 3020 176 75 remaining

1875 325 95 75 Men.
1982 325 74 75 days
2096 325 83 75 men,

1879 374 39 75 16
1946 374 9 75 :
1987 374 39 75 12
2056 374 9 75 :
2088 374 9 75 :
2125 374 21 75 8

2006 421 19 75 8

1925 514 148 75 16)96(6
2091 514 93 75 days.
2226 514 97 75 Anf.-

1988 560 44 75 96

1977 663 56 75 <P)

1280 229 97 75 terms
1394 229 54 75 are
1465 229 173 75 extremes,
1664 229 63 75 and
1739 229 40 75 of
1798 229 56 75 the
1870 229 83 75 fame
1968 229 91 75 kind,
2085 229 70 75 viz,
2181 229 80 75 both
2278 229 48 75 oP

1280 276 87 75 them
1384 276 85 75 men.

1328 322 32 75 It
1381 322 27 75 is
1433 322 133 75 obvious
1591 322 70 75 that
1691 322 55 75 the
1770 322 55 75 an-

1281 369 79 75 fwer
1372 369 79 75 muft
1463 369 38 75 be
1513 369 59 75 lefs
1585 369 77 75 than
1674 369 56 75 the
1742 369 83 75 mid-

1281 416 52 75 dle
1349 416 104 75 term;
1480 416 51 75 for
1553 416 39 75 16
1610 416 71 75 men
1698 416 66 75 will
1780 416 44 75 do

1280 462 56 75 the
1348 462 90 75 work
1454 462 32 75 in
1503 462 100 75 fewer
1616 462 79 75 days
1712 462 77 75 than
1803 462 20 75 8

1281 508 92 75 men;
1400 508 62 75 and
1479 508 172 75 therefore,
1677 508 42 75 by
1738 508 88 75 Rule

1281 555 48 75 II.
1355 555 55 75 the
1426 555 138 75 greateft
1575 555 157 75 extreme,
1753 555 70 75 viz.

1285 604 54 75 16,
1372 604 27 75 is
1436 604 56 75 the
1522 604 120 75 divifor
1660 604 10 75 ;
1717 604 106 75 which

1280 649 90 75 place
1385 649 43 75 on
1440 649 55 75 the
1505 649 60 75 left
1577 649 98 75 hand,
1692 649 63 75 and
1766 649 57 75 the

1278 695 93 75 other
1384 695 144 75 extreme
1539 695 42 75 on
1598 695 55 75 the
1670 695 98 75 right,
1787 695 34 75 as

1279 742 140 75 directed
1435 742 31 75 in
1484 742 86 75 Rule
1586 742 66 75 III.
1699 742 99 75 Then
1815 742 205 75 multiplying
2035 742 56 75 the
2114 742 114 75 fecond
2245 742 75 75 and-

1279 788 99 75 third,
1403 788 62 75 and
1481 788 144 75 dividing
1641 788 84 75 their
1745 788 135 75 produdt
1902 788 43 75 by
1967 788 57 75 the
2047 788 76 75 firft,
2147 788 56 75 the
2226 788 85 75 quot

1280 836 105 75 comes
1402 836 57 75 out
1475 836 33 75 in
1524 836 101 75 days;
1651 836 70 75 that
1738 836 40 75 is,
1803 836 40 75 of
1861 836 55 75 the
1932 836 85 75 fame
2038 836 91 75 name
2151 836 79 75 with
2252 836 56 75 the

1278 883 120 75 middle
1409 883 96 75 term.

1326 928 76 75 And
1419 928 132 75 becaufe
1566 928 55 75 the
1635 928 146 75 extreme
1807 928 99 75 found
1930 928 33 75 in
1985 928 57 75 the
2066 928 138 75 demand
2225 928 79 75 hap-

1277 974 75 75 pens
1370 974 35 75 to
1422 974 39 75 be
1474 974 55 75 the
1547 974 128 75 divifor,
1701 974 55 75 the
1771 974 187 75 proportion
1974 974 26 75 is
2017 974 133 75 inverfe.

1325 1022 114 75 Quef.
1459 1022 33 75 2.
1533 1022 88 75 How
1645 1022 95 75 much
1765 1022 88 75 plulh
1875 1022 38 75 of
1934 1022 17 75 3
1971 1022 144 75 quarters
2138 1022 83 75 wide
2237 1022 69 75 will

1275 1068 62 75 line
1354 1068 19 75 a
1389 1068 93 75 cloak
1504 1068 70 75 that
1590 1068 80 75 hath
1685 1068 33 75 in
1734 1068 25 75 it
1777 1068 20 75 4
1821 1068 95 75 yards
1933 1068 40 75 of
1992 1068 18 75 7
2029 1068 146 75 quarters
2191 1068 83 75 wide
2286 1068 13 75 ?

1929 1118 73 75 yds.
2065 1118 48 75 9.

1322 1162 88 75 Here
1434 1162 55 75 the
1519 1162 125 75 arrfwer
1670 1162 80 75 mull
1777 1162 41 75 be

1274 1208 127 75 greater
1416 1208 76 75 than
1510 1208 55 75 the
1581 1208 120 75 middle
1711 1208 103 75 term;

1274 1254 52 75 for
1347 1254 67 75 the,
1424 1254 91 75 plulh
1537 1254 96 75 being
1655 1254 163 75 narrower

1275 1301 75 75 than
1376 1301 55 75 the
1456 1301 88 75 cloth
1567 1301 40 75 of
1626 1301 108 75 which
1761 1301 56 75 the

1275 1348 93 75 cloak
1395 1348 25 75 is
1449 1348 105 75 made,
1590 1348 66 75 will
1691 1348 127 75 require

1274 1397 88 75 more
1378 1397 125 75 length.

1920 1166 4 75 :
1951 1166 21 75 4
2000 1166 40 75 ::
2071 1166 17 75 7

1954 1224 29 75 T

1868 1309 36 75 3)
1929 1309 43 75 28
1992 1309 188 75 (9yards.
2219 1309 97 75 Anf..

1929 1356 43 75 27

1922 1451 55 75 (1)

1319 1489 114 75 Queft.
1455 1489 32 75 3.
1529 1489 38 75 If
1588 1489 44 75 36
1648 1489 96 75 yards
1761 1489 39 75 be
1817 1489 19 75 a
1851 1489 82 75 rood
1958 1489 40 75 of
2016 1489 226 75 mafon-work,
2269 1489 35 75 at

1272 1536 17 75 3
1303 1536 67 75 feet
1386 1536 91 75 high,
1501 1536 76 75 how
1596 1536 95 75 many
1712 1536 95 75 yards
1823 1536 67 75 will
1906 1536 92 75 make
2016 1536 19 75 a
2051 1536 81 75 rood
2147 1536 33 75 at
2197 1536 20 75 9
2235 1536 83 75 feeta

1268 1582 76 75 high
1359 1582 12 75 ?

1646 1633 86 75 Feet.
1760 1633 76 75 yds.
1859 1633 90 75 feet.

1670 1682 21 75 9
1728 1682 10 75 :
1779 1682 43 75 36
1850 1682 40 75 ::
1920 1682 17 75 3

1804 1738 18 75 3

1702 1821 118 75 9)108
1883 1821 21 75 -

1638 1911 82 75 Anf.
1774 1911 38 75 j2
1841 1911 125 75 yards..

1387 2015 115 75 Sect.
1519 2015 48 75 II.
1620 2015 67 75 The
1703 2015 184 75 Compound
1899 2015 85 75 Rule
2000 2015 44 75 of
2059 2015 114 75 Three.

1308 2094 85 75 The
1414 2094 193 75 Compound
1622 2094 88 75 Rule
1721 2094 40 75 of
1771 2094 126 75 Three,
1921 2094 85 75 from
2017 2094 61 75 five
2090 2094 92 75 given
2199 2094 93 75 num-

1259 2140 72 75 bers
1355 2140 81 75 finds
1454 2140 18 75 a
1488 2140 96 75 fixth,
1612 2140 38 75 or
1664 2140 84 75 from
1765 2140 93 75 feven
1875 2140 91 75 given
1983 2140 149 75 numbers
2150 2140 81 75 finds
2250 2140 41 75 an

1259 2186 123 75 eighth,
1407 2186 38 75 or
1460 2186 84 75 from
1561 2186 110 75 eleven
1687 2186 82 75 finds
1786 2186 19 75 a
1821 2186 140 75 twelfth,
1986 2186 66 75 <bc.

1307 2233 84 75 This
1409 2233 68 75 rule
1492 2233 97 75 eafily
1612 2233 62 75 and
1698 2233 159 75 naturally
1880 2233 115 75 admits
2013 2233 40 75 of
2070 2233 218 75 fubdivifions,

1259 2279 118 75 which,
1402 2279 84 75 from
1503 2279 56 75 the
1571 2279 134 75 number
1719 2279 40 75 of
1778 2279 55 75 the
1849 2279 97 75 terms
1963 2279 107 75 given,
2094 2279 73 75 may
2179 2279 40 75 be
2232 2279 55 75 de-

1259 2328 183 75 nominated
1459 2328 56 75 the
1528 2328 70 75 rule
1617 2328 40 75 of
1676 2328 90 75 Five,
1792 2328 55 75 the
1863 2328 67 75 rule
1944 2328 42 75 of
2006 2328 116 75 Seven,
2146 2328 56 75 the
2219 2328 69 75 rule

1259 2371 40 75 of
1317 2371 99 75 Nine,
1442 2371 55 75 the
1510 2371 73 75 rule
1598 2371 40 75 of
1657 2371 136 75 Eleven,

1306 2420 170 75 Queftions
1491 2420 37 75 in
1541 2420 58 75 the
1615 2420 194 75 Compound
1824 2420 69 75 rule
1912 2420 40 75 of
1969 2420 92 75 three
2076 2420 54 75 are
2146 2420 67 75 alfo
2237 2420 49 75 re-

1259 2465 107 75 folved
1382 2465 68 75 into
1466 2465 66 75 two
1549 2465 101 75 parts,
1673 2465 71 75 viz.
1769 2465 17 75 a
1803 2465 188 75 fuppofition
2015 2465 63 75 and
2101 2465 20 75 a
2137 2465 148 75 demand.

1305 2511 36 75 If
1351 2511 61 75 five
1428 2511 96 75 terms
1542 2511 41 75 be
1598 2511 105 75 given,
1716 2511 103 75 three-
1828 2511 40 75 of
1878 2511 88 75 thefe
1983 2511 52 75 are
2053 2511 117 75 always
2184 2511 102 75 found

1257 2558 31 75 in
1316 2558 55 75 the
1398 2558 205 75 fuppofition,
1636 2558 61 75 and
1721 2558 65 75 two
1809 2558 33 75 in
1868 2558 57 75 the
1948 2558 157 75 demand;
2143 2558 31 75 if
2191 2558 94 75 feven
2301 2532 5 104 ■

1256 2605 98 75 terms
1371 2605 39 75 be
1426 2605 104 75 given;
1555 2605 74 75 four
1644 2605 42 75 of
1704 2605 86 75 thefe
1806 2605 53 75 are
1875 2605 35 75 in
1922 2605 58 75 the
1995 2605 202 75 fuppofition,
2222 2605 64 75 and

1256 2651 89 75 three
1362 2651 32 75 in
1419 2651 56 75 the
1499 2651 156 75 demand;
1687 2651 35 75 if
1737 2651 72 75 nine
1833 2651 99 75 terms
1954 2651 53 75 are
2032 2651 108 75 given,
2163 2651 61 75 five
2247 2651 42 75 of

1255 2698 87 75 thefe
1359 2698 53 75 are
1429 2698 32 75 in
1479 2698 54 75 the
1548 2698 201 75 fuppofition,
1774 2698 62 75 and
1855 2698 74 75 four
1953 2698 33 75 in
2002 2698 55 75 the
2073 2698 157 75 demand;
2255 2698 33 75 if

1254 2744 109 75 eleven
1379 2744 97 75 terms
1493 2744 40 75 be
1548 2744 105 75 given,
1671 2744 47 75 fix
1734 2744 40 75 of
1784 2744 88 75 thefe
1889 2744 53 75 are
1958 2744 33 75 in
2003 2744 56 75 the
2075 2744 204 75 fuppofition,

1253 2792 62 75 and
1331 2792 59 75 five
1407 2792 32 75 in
1453 2792 57 75 the
1522 2792 148 75 demand,
1695 2792 65 75 <bc.

1299 2837 76 75 The
1391 2837 188 75 fuppofition
1596 2837 61 75 and
1674 2837 135 75 demand
1831 2837 95 75 being
1945 2837 233 75 dillinguilhed,
2204 2837 75 75 pro-

1253 2884 77 75 ceed
1346 2884 35 75 to
1394 2884 79 75 flate
1489 2884 57 75 the
1561 2884 164 75 queftion;
1752 2884 126 75 that-is,
1903 2884 36 75 to
1962 2884 58 75 put
2045 2884 54 75 the
2123 2884 99 75 terms
2246 2884 34 75 in

1252 2931 62 75 due
1330 2931 94 75 order
1440 2931 51 75 for
1506 2931 177 75 operation,
1709 2931 34 75 as
1760 2931 57 75 the
1832 2931 167 75 following
2015 2931 84 75 rules
2116 2931 112 75 diredh

1299 2979 106 75 Rule
1425 2979 30 75 I.
1504 2979 95 75 Place
1615 2979 72 75 that
1701 2979 83 75 term
1800 2979 40 75 of
1858 2979 56 75 the
1925 2979 190 75 fuppofition
2128 2979 104 75 which
2248 2979 30 75 is

1252 3025 40 75 of
1309 3025 56 75 the
1380 3025 83 75 fame
1478 3025 80 75 kind
1572 3025 80 75 with
1669 3025 55 75 the
1736 3025 134 75 number
1882 3025 128 75 fought,
2027 3025 33 75 in
2071 3025 56 75 the
2144 3025 133 75 middle.

2203 3076 98 75 The-:
