2396 3377
464 152 227 75 ALL

1029 152 18 75 (
1112 152 78 75 120
1248 152 19 75 )

138 225 35 75 to
182 225 8 75 '
190 225 109 75 adore.
339 225 34 75 It
386 225 25 75 is
424 225 56 75 tire
492 225 84 75 fame
588 225 78 75 with
678 225 57 75 the
747 225 142 75 Hebrew
902 225 102 75 cloak,
1021 225 123 75 which'

139 271 134 75 fignifies
292 271 59 75 the
367 271 151 75 adorable
535 271 121 75 Being.

92 319 297 75 ALLANTOIS,
414 319 37 75 or
467 319 297 75 Allantoides,
783 319 18 75 a
813 319 190 75 gut-ftiaped
1017 319 112 75 veficle

136 364 154 75 inverting
307 364 55 75 the
385 364 98 75 foetus
509 364 40 75 of
568 364 99 75 cows,
693 364 103 75 goats,
822 364 104 75 flieep,
953 364 65 75 <&c.
1042 364 89 75 filled

140 412 79 75 with
237 412 18 75 a
266 412 108 75 liquor
390 412 164 75 conveyed
563 412 36 75 to
614 412 25 75 it
656 412 85 75 from
757 412 56 75 the
829 412 151 75 urachus.

93 458 179 75 ALLAY,
322 458 63 75 See
402 458 151 75 Alloy.

94 506 285 75 ALLEGATA,
405 506 33 75 in
455 506 129 75 Roman
601 506 174 75 antiquity,
794 506 18 75 a
828 506 79 75 kind
924 506 40 75 of
975 506 155 75 fubfcrip-

144 551 68 75 tion
225 551 77 75 ufed
312 551 44 75 by
367 551 57 75 the
435 551 176 75 emperors,
629 551 172 75 importing
813 551 55 75 tire
881 551 144 75 writings
1042 551 35 75 to
1093 551 41 75 be

141 598 145 75 verified.

95 647 340 75 ALLEGATION,
459 647 33 75 in
517 647 133 75 matters
672 647 41 75 of
730 647 178 75 literature,
933 647 27 75 is
977 647 57 75 the
1050 647 82 75 quo-

144 691 68 75 ting
228 691 38 75 an
285 691 114 75 author
415 691 32 75 in
464 691 116 75 regard
597 691 34 75 to
650 691 54 75 the
720 691 120 75 fubjedt
857 691 31 75 in
906 691 99 75 hand.

96 740 336 75 ALLEGIANCE,
457 740 31 75 in
505 740 75 75 law,
605 740 132 75 denotes
753 740 56 75 the
826 740 175 75 obedience
1026 740 105 75 which

143 784 96 75 every
250 784 123 75 fubjedt
384 784 85 75 owes
486 784 35 75 to
537 784 49 75 his
604 784 112 75 lawful
732 784 176 75 fovereign.

97 832 85 75 Oath
199 832 42 75 of
253 832 273 75 Allegiance,
551 832 32 75 in
601 832 56 75 the
669 832 118 75 Britilh
804 832 120 75 policy,
949 832 70 75 that
1034 832 98 75 taken

143 879 33 75 in
199 879 296 75 acknowledgment
512 879 39 75 of
570 879 56 75 the
642 879 77 75 king
743 879 33 75 as
795 879 17 75 a
828 879 157 75 temporal
1001 879 130 75 prince;

144 926 34 75 as
195 926 55 75 the
272 926 78 75 oath
374 926 42 75 of
433 926 184 75 fupremacy
642 926 242 75 acknowledges
908 926 67 75 him
1000 926 53 75 for
1077 926 56 75 the

145 974 143 75 fupreme
304 974 85 75 head
404 974 40 75 of
463 974 55 75 the
531 974 132 75 church.

98 1021 368 75 ALLEGORICAL,
493 1021 19 75 a
527 1021 82 75 term
626 1021 127 75 applied
770 1021 35 75 to
822 1021 162 75 whatever
1000 1021 147 75 belongs,

148 1065 47 75 to,
222 1065 37 75 or
283 1065 149 75 partakes
457 1065 47 75 of,
529 1065 55 75 tlje
607 1065 113 75 nature
744 1065 40 75 of
801 1065 42 75 an
865 1065 156 75 allegory.
1072 1065 63 75 See

148 1115 235 75 Axlegory.

99 1162 331 75 ALLEGORIST,
462 1162 60 75 one
549 1162 76 75 who
652 1162 88 75 deals
766 1162 34 75 in
827 1162 189 75 allegories:
1058 1162 77 75 fuch

147 1208 85 75 were
248 1208 96 75 many
361 1208 39 75 of
419 1208 56 75 the
493 1208 159 75 Chriftian
669 1208 135 75 fathers.

99 1255 284 75 ALLEGORY,
409 1255 32 75 in
458 1255 218 75 compofition,
701 1255 123 75 confirts
841 1255 32 75 in
896 1255 127 75 chufing
1047 1255 20 75 a
1084 1255 51 75 ie-

149 1301 140 75 condary
305 1301 133 75 fubjedt,
462 1301 117 75 having
596 1301 41 75 all
654 1301 42 75 its
719 1301 178 75 properties
915 1301 61 75 and
1000 1301 135 75 circum-

148 1349 118 75 ftances
284 1349 187 75 refembling
488 1349 89 75 thofe
600 1349 40 75 of
659 1349 57 75 the
740 1349 153 75 principal
917 1349 131 75 fubjedt,
1073 1349 64 75 and

149 1396 177 75 defcribing
339 1396 55 75 the
411 1396 120 75 former
546 1396 31 75 in
596 1396 73 75 fuch
684 1396 17 75 a
717 1396 132 75 manner
864 1396 34 75 as
918 1396 35 75 to
977 1396 160 75 reprefent

148 1443 56 75 the
220 1443 109 75 latter.
378 1443 78 75 The
472 1443 152 75 principal
642 1443 120 75 fubjedt
778 1443 25 75 is
820 1443 76 75 thus
921 1443 76 75 kept
1021 1443 57 75 out
1102 1443 40 75 of

151 1488 94 75 view,
270 1488 64 75 and
350 1488 48 75 we
415 1488 54 75 are
484 1488 61 75 left
562 1488 34 75 to
616 1488 142 75 difcover
775 1488 26 75 it
817 1488 43 75 by
877 1488 173 75 refiedtion.
1098 1488 38 75 In

150 1536 94 75 other
254 1536 122 75 words,
394 1536 39 75 an
446 1536 143 75 allegory
600 1536 40 75 is,
665 1536 32 75 in
714 1536 97 75 every
827 1536 132 75 refpedt,
976 1536 161 75 fimilarto

149 1583 40 75 an
205 1583 252 75 hicroglyphical
481 1583 157 75 painting,
662 1583 171 75 excepting
852 1583 76 75 only
944 1583 71 75 that
1031 1583 107 75 words

150 1631 54 75 are
220 1631 76 75 ufed
311 1631 121 75 inftead
447 1631 40 75 of
505 1631 140 75 colours.
692 1631 108 75 Their
816 1631 109 75 effedts
938 1631 53 75 are
1003 1631 135 75 precife-

151 1677 35 75 ly
201 1677 57 75 the
274 1677 81 75 fame
367 1677 9 75 :
404 1677 55 75 An
475 1677 222 75 Hieroglyphic
712 1677 96 75 taifes
825 1677 66 75 two
903 1677 119 75 images
1034 1677 32 75 in
1082 1677 57 75 the

152 1723 110 75 mind;
289 1723 60 75 one
366 1723 85 75 feen,
476 1723 70 75 that
564 1723 175 75 reprefents
763 1723 60 75 one
839 1723 71 75 that
927 1723 26 75 is
971 1723 56 75 not
1043 1723 71 75 feen
1127 1723 9 75 :

152 1771 54 75 An
224 1771 143 75 allegory
383 1771 78 75 does
478 1771 56 75 the
550 1771 105 75 fame;
682 1771 55 75 the
760 1771 247 75 reprefentative
1022 1771 118 75 fubjedt

152 1818 28 75 is
196 1818 186 75 defcribed;
409 1818 63 75 and
496 1818 54 75 the
575 1818 212 75 refemblance
810 1818 88 75 leads
924 1818 37 75 us
986 1818 34 75 to
1045 1818 95 75 apply

153 1864 56 75 the
227 1864 192 75 defcription
437 1864 33 75 to
487 1864 56 75 the
560 1864 119 75 fubjedt
699 1864 216 75 reprefented.
958 1864 9 75 .

199 1910 113 75 There
337 1910 115 75 cannot
474 1910 40 75 be
539 1910 19 75 a
581 1910 78 75 finer
684 1910 150 75 or-more
859 1910 122 75 corredt
998 1910 142 75 allegory

155 1957 78 75 than
250 1957 55 75 the
322 1957 178 75 following,
526 1957 33 75 in
574 1957 105 75 which
697 1957 19 75 a
727 1957 153 75 vineyard
895 1957 27 75 is
934 1957 93 75 made
1044 1957 34 75 to
1090 1957 35 75 re

154 2003 126 75 ptefent
296 2003 109 75 God’s
422 2003 72 75 own
506 2003 112 75 people
634 2003 56 75 the
707 2003 87 75 Jews

207 2049 23 75 “
254 2049 103 75 Thou
380 2049 68 75 haft
472 2049 141 75 brought
638 2049 19 75 a
680 2049 73 75 vine
769 2049 57 75 out
843 2049 40 75 of
901 2049 134 75 Egypt;
1062 2049 79 75 thou

156 2097 25 75 “
206 2097 67 75 haft
290 2097 69 75 cart'
377 2097 57 75 out
457 2097 56 75 the
536 2097 152 75 heathen,
713 2097 63 75 and
801 2097 132 75 planted
954 2097 39 75 it.
1041 2097 102 75 Thou

156 2143 26 75 “
207 2143 82 75 didft
314 2143 89 75 caufe
427 2143 26 75 it
478 2143 36 75 to
537 2143 75 75 take
636 2143 81 75 deep
741 2143 85 75 root,
852 2143 64 75 and
935 2143 26 75 it
976 2143 88 75 filled
1087 2143 56 75 the

159 2190 23 75 “
207 2190 89 75 land.
336 2190 77 75 The
428 2190 75 75 hills
520 2190 85 75 were
620 2190 137 75 covered
773 2190 78 75 with
867 2190 42 75 its
926 2190 138 75 ftiadow,
1080 2190 64 75 and

160 2235 23 75 “
208 2235 57 75 the
292 2235 125 75 boughs
440 2235 131 75 thereof
596 2235 83 75 were
704 2235 64 75 like
792 2235 55 75 the
872 2235 121 75 goodly
1018 2235 125 75 cedars.

160 2283 24 75 “
208 2283 95 75 Why
318 2283 68 75 hart
402 2283 80 75 thou
506 2283 77 75 then
607 2283 122 75 broken
754 2283 96 75 down
873 2283 57 75 her
952 2283 133 75 hedges,
1110 2283 35 75 fo

159 2329 26 75 “
209 2329 71 75 that
297 2329 43 75 all
362 2329 72 75 that
449 2329 68 75 pafs
534 2329 43 75 do
593 2329 96 75 pluck
705 2329 59 75 her
776 2329 12 75 ?
825 2329 77 75 The
926 2329 78 75 boar
1028 2329 57 75 out
1110 2329 41 75 of

160 2375 26 75 V
210 2375 57 75 the
283 2375 95 75 wood
393 2375 80 75 doth
490 2375 92 75 wafte
592 2375 40 75 it,
658 2375 61 75 and
735 2375 55 75 the
806 2375 76 75 wild
897 2375 85 75 heart
997 2375 80 75 doth
1089 2375 57 75 de-

161 2421 24 75 “
209 2421 82 75 vour
306 2421 39 75 it.
385 2421 139 75 Return,
541 2421 48 75 we
601 2421 132 75 befeech
745 2421 87 75 thee,
849 2421 33 75 O
895 2421 82 75 God
988 2421 40 75 of
1037 2421 105 75 horts:

163 2469 24 75 “
210 2469 78 75 Jook
303 2469 95 75 down
414 2469 85 75 from
516 2469 134 75 heaven,
675 2469 63 75 and
752 2469 133 75 behold,
910 2469 63 75 and
997 2469 67 75 vifit
1081 2469 64 75 this

164 2515 24 75 “
212 2515 72 75 vine
307 2515 62 75 and
384 2515 56 75 the
456 2515 153 75 vineyard
624 2515 61 75 thy
701 2515 86 75 right
803 2515 88 75 hand
905 2515 80 75 hath
1001 2515 143 75 planted,

162 2561 25 75 “
214 2561 62 75 and
302 2561 56 75 the
380 2561 122 75 branch
529 2561 80 75 thou
632 2561 119 75 madeft
776 2561 109 75 ftrong
908 2561 54 75 for
990 2561 156 75 thyfelf.”

162 2609 86 75 Pfal.
260 2609 99 75 Ixxx.

211 2654 149 75 Nothing
385 2654 88 75 gives
497 2654 126 75 greater
649 2654 144 75 pleafure
820 2654 77 75 than
926 2654 38 75 an
989 2654 156 75 allegory,

163 2701 93 75 •when
272 2701 55 75 the
344 2701 243 75 reprefentative
603 2701 119 75 fubjed
736 2701 92 75 bears
842 2701 18 75 a
874 2701 108 75 ftrong
998 2701 148 75 analogy,

163 2749 33 75 in
213 2749 42 75 all
271 2749 42 75 its
330 2749 250 75 circumftances,
605 2749 35 75 to
665 2749 71 75 that
759 2749 106 75 which
889 2749 27 75 is
933 2749 215 75 reprefented.

165 2795 67 75 But
248 2795 79 75 moll
336 2795 127 75 writers
476 2795 53 75 are
545 2795 141 75 unlucky
703 2795 32 75 in
752 2795 85 75 their
853 2795 123 75 choice,
1000 2795 55 75 the
1073 2795 73 75 ana-

162 2841 80 75 logy
258 2841 93 75 being
370 2841 162 75 generally
544 2841 32 75 fo
593 2841 80 75 faint
689 2841 63 75 and
767 2841 144 75 obfcure,
937 2841 34 75 as
989 2841 106 75 rather
1111 2841 36 75 to

165 2886 117 75 puzzle
298 2886 78 75 than
398 2886 36 75 to
457 2886 115 75 pleafe.
620 2886 197 75 Allegories,
841 2886 34 75 as
899 2886 74 75 well
996 2886 33 75 as
1046 2886 100 75 meta-

165 2934 96 75 phors
278 2934 62 75 and
355 2934 138 75 fimilies,
518 2934 54 75 are
587 2934 167 75 unnatural
769 2934 33 75 in
819 2934 174 75 exprefling
1015 2934 60 75 any
1098 2934 48 75 fe-

166 2981 73 75 vere
263 2981 115 75 palfion
401 2981 105 75 which
529 2981 116 75 totally
668 2981 145 75 occupies
840 2981 56 75 the
923 2981 101 75 mind.
1081 2981 66 75 For

167 3028 64 75 this
246 3028 122 75 reafon,
392 3028 56 75 the
463 3028 167 75 following
644 3028 112 75 fpeech
778 3028 40 75 of
835 3028 159 75 Macbeth
1008 3028 28 75 is
1049 3028 99 75 julily

1615 149 41 75 A
1712 149 37 75 I.
1805 149 36 75 L

1224 218 199 75 condemned
1438 218 45 75 by
1498 218 56 75 the
1569 218 133 75 learned
1718 218 116 75 author
1850 218 40 75 of
1908 218 60 75 the
1988 218 167 75 Elements
2179 218 40 75 of

1226 267 185 75 Criticifm:

1274 339 202 75 Methought
1491 339 17 75 I
1524 339 102 75 hea/d
1642 339 18 75 a
1676 339 88 75 voice
1777 339 69 75 cry,
1873 339 94 75 Sleep
1981 339 40 75 no
2037 339 90 75 more
2140 339 9 75 !

1276 386 159 75 Macbeth
1452 386 80 75 doth
1549 386 145 75 murther
1709 386 97 75 Sleep
1818 386 10 75 ;
1856 386 55 75 the
1927 386 150 75 innocent
2092 386 82 75 fleep
2186 386 11 75 ;

1277 434 96 75 Sleep
1388 434 72 75 that
1475 434 87 75 knits
1578 434 43 75 up
1638 434 55 75 the
1710 434 134 75 ravell’d
1860 434 99 75 fleeve
1976 434 41 75 of
2036 434 97 75 Care,

1275 482 77 75 The
1368 482 88 75 birth
1473 482 40 75 of
1533 482 78 75 each
1627 482 91 75 day’s
1732 482 73 75 life,
1829 482 70 75 fore
1915 482 161 75 Labour’s
2092 482 92 75 bath,

1276 528 94 75 Balm
1387 528 40 75 of
1446 528 77 75 hurt
1539 528 117 75 minds,
1680 528 91 75 great
1787 528 154 75 Nature’s
1961 528 117 75 fecond
2094 528 121 75 courfe.

1278 576 104 75 Chief
1400 576 163 75 nourilher
1579 576 34 75 in
1627 576 85 75 life’s
1728 576 89 75 feaft.

1963 576 66 75 A<3:
2043 576 36 75 ii.
2106 576 56 75 Sc.
2182 576 33 75 3.

1182 651 250 75 ALLEGRO,
1458 651 32 75 in
1507 651 107 75 mufic,
1640 651 39 75 an
1704 651 116 75 Italian
1842 651 104 75 word,
1971 651 152 75 denoting
2145 651 73 75 that

1229 697 54 75 the
1300 697 71 75 part
1387 697 27 75 is
1431 697 36 75 to
1490 697 40 75 be
1555 697 117 75 played
1695 697 33 75 in
1753 697 18 75 a
1787 697 170 75 fprightly,
1984 697 95 75 brilk,
2104 697 111 75 lively,

1232 745 63 75 and
1307 745 62 75 g..y
1385 745 142 75 manner.

1182 792 67 75 Piu
1269 792 205 75 Allegro,
1499 792 147 75 fignifies,
1671 792 72 75 that
1769 792 55 75 the
1849 792 72 75 part
1945 792 26 75 it
1995 792 26 75 is
2043 792 115 75 joined
2181 792 35 75 to

1230 837 110 75 Ihould
1357 837 39 75 be
1407 837 80 75 fung
1502 837 38 75 or
1556 837 117 75 played
1689 837 155 75 quicker;
1872 837 32 75 as

1183 885 84 75 Paco
1278 885 60 75 piu
1356 885 202 75 Allegro,
1584 885 173 75 intimates,
1782 885 71 75 that
1869 885 56 75 the
1941 885 71 75 part
2028 885 35 75 to
2074 885 105 75 which
2192 885 26 75 it

1231 930 111 75 refers,
1368 930 102 75 ought
1486 930 36 75 to
1538 930 39 75 be
1594 930 117 75 played
1726 930 38 75 or
1786 930 78 75 fung
1881 930 77 75 only
1981 930 19 75 a
2020 930 86 75 little
2129 930 90 75 more

1230 978 118 75 brifldy
1364 978 77 75 than
1459 978 120 75 allegro
1597 978 91 75 alone
1705 978 158 75 requires.

1184 1023 271 75 ALLEGRET
1518 1023 63 75 See
1598 1023 257 75 Alegrette.

1184 1071 386 75 ALLELENGYON,
1593 1071 33 75 in
1643 1071 174 75 antiquity,
1835 1071 17 75 a
1864 1071 57 75 tax
1933 1071 134 75 paid^by
2083 1071 54 75 the
2151 1071 69 75 rich

1232 1118 51 75 for
1299 1118 55 75 the
1371 1118 92 75 poor,
1488 1118 93 75 when
1598 1118 109 75 abfent
1723 1118 32 75 in
1768 1118 56 75 the
1840 1118 102 75 army.

1185 1163 366 75 ALLELOPHAGI,
1576 1163 19 75 a
1611 1163 81 75 term
1717 1163 76 75 ufed
1817 1163 43 75 by
1876 1163 85 75 fome
1984 1163 131 75 authors
2132 1163 53 75 for
2201 1163 20 75 3

1233 1211 78 75 kind
1327 1211 40 75 of
1385 1211 67 75 flies
1464 1211 106 75 which
1584 1211 52 75 are
1651 1211 66 75 laid
1729 1211 35 75 to
1781 1211 73 75 feed
1873 1211 82 75 upon
1968 1211 77 75 each
2063 1211 107 75 other.

1184 1257 306 75 ALLELUJAH,
1513 1257 33 75 in
1571 1257 133 75 botany,
1736 1257 39 75 an
1799 1257 143 75 obfolete
1970 1257 91 75 name
2086 1257 52 75 for
2163 1257 57 75 the

1232 1304 93 75 oxys,
1379 1304 194 75 SeeOxvs.

1186 1350 248 75 Allelujah,
1460 1350 115 75 among
1598 1350 216 75 ecclefiaftical
1839 1350 137 75 writers.
2026 1350 62 75 See
2116 1350 102 75 Hal-

1235 1396 184 75 lelujah.

1184 1443 295 75 ALLEMAND,
1498 1443 18 75 a
1532 1443 65 75 fort
1613 1443 40 75 of
1664 1443 96 75 grave
1776 1443 119 75 folemn
1912 1443 106 75 mufic,
2037 1443 78 75 widi
2134 1443 87 75 good

1233 1491 152 75 meafure,
1411 1491 62 75 and
1497 1491 18 75 a
1541 1491 75 75 flow
1640 1491 192 75 movement.
1883 1491 31 75 It
1939 1491 25 75 is
1994 1491 64 75 aifo
2091 1491 18 75 a
2137 1491 86 75 brilk

1234 1538 78 75 kind
1337 1538 39 75 of
1395 1538 114 75 dance,
1533 1538 79 75 very
1632 1538 146 75 common
1794 1538 32 75 in
1844 1538 166 75 Germany
2027 1538 63 75 and
2123 1538 95 75 Swit-

1234 1588 142 75 zerland.

1187 1630 343 75 ALLEMANNIC,
1554 1630 32 75 in
1604 1630 18 75 a
1633 1630 126 75 general
1777 1630 96 75 fenfe,
1900 1630 133 75 denotes
2049 1630 65 75 any
2128 1630 94 75 thing

1234 1677 171 75 belonging
1427 1677 35 75 to
1486 1677 57 75 the
1568 1677 124 75 ancient
1708 1677 173 75 Germans.
1930 1677 110 75 Thus,
2065 1677 49 75 we
2136 1677 85 75 meet

1236 1725 78 75 with
1344 1725 203 75 Allemannic
1573 1725 132 75 hiftory,
1730 1725 205 75 Allemannic
1961 1725 168 75 language,
2159 1725 61 75 Ai-

1238 1770 155 75 lemannic
1410 1770 74 75 law,
1511 1770 62 75 &c.

1188 1816 315 75 ALLENDORF,
1536 1816 20 75 a
1582 1816 84 75 little
1695 1816 66 75 city
1789 1816 32 75 in
1849 1816 55 75 the
1932 1816 225 75 Landgravate
2185 1816 42 75 of

1236 1863 217 75 Hefle-Caflel
1471 1863 32 75 in
1520 1863 179 75 Germany,
1724 1863 134 75 fituated
1876 1863 81 75 upon
1971 1863 54 75 the
2042 1863 85 75 river
2140 1863 80 75 We-

1237 1910 69 75 fer;
1332 1910 31 75 E
1395 1910 86 75 long.
1507 1910 72 75 io°,
1604 1910 48 75 N.
1671 1910 55 75 lat.
1749 1910 40 75 51
1789 1892 23 49 0
1831 1910 54 75 30'

1189 1958 178 75 ALLER,
1399 1958 19 75 a
1445 1958 83 75 river
1551 1958 107 75 which
1683 1958 74 75 runs
1781 1958 140 75 through
1947 1958 54 75 the
2027 1958 138 75 Dutchy
2186 1958 41 75 of

1237 2001 209 75 Lunenburg,
1472 2001 63 75 and
1550 2001 73 75 falls
1640 2001 68 75 into
1732 2001 57 75 the
1813 2001 128 75 Wefer,
1967 2001 19 75 a
2008 2001 85 75 little
2115 2001 105 75 below
2220 1983 7 49 1

1239 2049 143 75 Verden.

1191 2097 149 75 Aller,
1365 2097 37 75 or
1420 2097 148 75 Alder,
1594 2097 20 75 a
1628 2097 83 75 term
1734 2097 78 75 ufed
1834 2097 33 75 in
1891 2097 59 75 our
1972 2097 57 75 old
2045 2097 127 75 writers
2185 2097 37 75 to

1239 2144 115 75 denote
1370 2144 56 75 the
1442 2144 189 75 fuperlative
1654 2144 127 75 degree.
1832 2144 110 75 Thus,
1966 2144 180 75 aller-good
2163 2144 58 75 fig-

1241 2190 89 75 nifies
1347 2190 55 75 the
1419 2190 134 75 greatefl
1570 2190 85 75 good

1192 2236 267 75 ALLERION,
1484 2236 38 75 or
1537 2236 193 75 Alerion,
1748 2236 31 75 in
1791 2236 165 75 heraldry,
1974 2236 18 75 a
2003 2236 65 75 fort
2080 2236 41 75 of
2131 2236 91 75 eagle

1240 2283 138 75 without
1400 2283 82 75 beak
1505 2283 38 75 or
1558 2283 78 75 feet,
1660 2283 117 75 having
1801 2283 134 75 nothing
1958 2283 119 75 perfedt
2093 2283 57 75 but
2167 2283 55 75 the

1241 2330 114 75 wings.
1402 2330 100 75 They
1525 2330 96 75 differ
1648 2330 85 75 from
1759 2330 144 75 martlets
1933 2330 40 75 by
1997 2330 118 75 having
2134 2330 90 75 .their

1240 2377 101 75 wings
1367 2377 181 75 expanded,
1581 2377 142 75 whereas
1751 2377 88 75 thofe
1866 2377 41 75 of
1933 2377 56 75 the
2016 2377 129 75 martlet
2169 2377 54 75 are

1241 2424 102 75 clofe;
1370 2424 62 75 and
1448 2424 115 75 denote
1579 2424 197 75 imperialifts
1792 2424 192 75 vanquifhed
2007 2424 63 75 and
2091 2424 143 75 difarm--

1242 2471 39 75 ed
1293 2471 10 75 ;
1328 2471 52 75 for
1395 2471 106 75 which
1512 2471 109 75 reafon
1638 2471 77 75 they
1727 2471 53 75 are
1792 2471 87 75 more
1888 2471 148 75 common
2048 2471 32 75 in
2096 2471 128 75 French

1241 2517 76 75 than
1333 2517 33 75 in
1378 2517 144 75 German
1538 2517 89 75 coats
1643 2517 39 75 of
1701 2517 94 75 arms.

1193 2564 148 75 ALEU,
1374 2564 38 75 or
1437 2564 176 75 Allode.
1664 2564 63 75 See
1751 2564 224 75 Allodial,
2007 2564 62 75 and
2091 2564 131 75 Allo-

1243 2609 114 75 dium.

1194 2655 295 75 ALLEVIARE,
1513 2655 33 75 in
1563 2655 56 75 old
1635 2655 141 75 records,
1800 2655 133 75 fignifies
1951 2655 35 75 to
2001 2655 73 75 levy
2091 2655 37 75 or
2144 2655 79 75 raife

1188 2705 5 75 ,
1206 2705 15 75 c
1240 2705 39 75 an
1296 2705 198 75 accuftomed
1510 2705 62 75 fine
1589 2705 38 75 or
1642 2705 191 75 impofition.

1160 2749 387 75 /ALLEVIATION,
1572 2749 28 75 is
1615 2749 56 75 the
1683 2749 49 75 adt
1747 2749 41 75 of
1805 2749 128 75 making
1950 2749 19 75 a
1984 2749 92 75 thing
2090 2749 130 75 lighter,

1240 2796 37 75 or
1292 2796 90 75 more
1397 2796 73 75 eafy
1485 2796 36 75 to
1538 2796 40 75 be
1595 2796 111 75 borne.

1196 2840 311 75 ALLEVEURE,
1534 2840 18 75 a
1567 2840 90 75 fmall
1673 2840 86 75 brafs
1787 2840 142 75 Swedifli
1945 2840 85 75 coin,
2056 2840 105 75 worth
2185 2840 33 75 a-

1239 2888 78 75 bout
1335 2888 79 75 2-JA
1432 2888 132 75 Englilh
1581 2888 129 75 money.

1193 2935 176 75 ALLEY,
1393 2935 33 75 in
1442 2935 186 75 gardening,
1653 2935 18 75 a
1687 2935 130 75 flraight
1833 2935 131 75 parallel
1976 2935 96 75 walk,
2096 2935 124 75 bound-

1243 2983 39 75 ed
1299 2983 41 75 on
1356 2983 80 75 both
1458 2983 79 75 fides
1553 2983 79 75 with
1655 2983 98 75 trees,
1778 2983 123 75 ihrubs,
1926 2983 65 75 <bc.
2016 2983 62 75 and
2099 2983 123 75 ufually

1243 3025 137 75 covered
1389 3025 80 75 with
1483 3025 109 75 gravel
1603 3025 37 75 or
1657 3025 79 75 turf.

2084 3062 139 75 Covered
