2483 3387
273 394 65 75 154
298 431 42 75 28

248 526 89 75 6032

225 572 88 75 2262

222 665 114 75 28652

403 553 132 75 00

448 602 16 75 5

226 185 82 75 ^7^

689 185 40 75 A
808 185 36 75 R
921 185 16 75 I
1013 185 38 75 t
1126 185 43 75 H
1246 185 48 75 M

224 241 145 75 bottom;
397 241 62 75 and
477 241 31 75 if
518 241 56 75 the
590 241 91 75 work
697 241 40 75 be
753 241 99 75 right,
877 241 55 75 the
945 241 115 75 figures
1075 241 32 75 at
1123 241 56 75 top
1192 241 62 75 and

210 289 4 75 :
225 289 127 75 bottom
368 289 67 75 will
450 289 107 75 agree,
583 289 38 75 or
637 289 39 75 be
693 289 56 75 the
765 289 96 75 lame.

633 336 151 75 Examp.
803 336 29 75 I.
874 336 89 75 Here
981 336 62 75 call
1060 336 55 75 the
1134 336 48 75 9’s
1200 336 58 75 out

585 381 40 75 of
647 381 55 75 the
727 381 232 75 multiplicand,
994 381 63 75 and
1083 381 90 75 place
1201 381 56 75 the

586 427 107 75 excefs
706 427 17 75 7
737 427 42 75 on
791 427 55 75 the
855 427 87 75 right
953 427 64 75 fide
1029 427 37 75 of
1081 427 56 75 the
1150 427 105 75 crofs;

586 474 75 75 then
679 474 62 75 call
753 474 55 75 the
822 474 50 75 9’s
885 474 58 75 out
955 474 40 75 of
1002 474 55 75 the
1069 474 186 75 multiplier,

585 523 62 75 and
655 523 89 75 place
753 523 56 75 the
827 523 110 75 excefs
955 523 19 75 2
993 523 42 75 on
1051 523 55 75 the
1123 523 60 75 left
1195 523 62 75 fide

585 568 38 75 of
634 568 57 75 the
707 568 85 75 crofs
804 568 10 75 ;
841 568 80 75 next
937 568 148 75 multiply
1097 568 88 75 thefe
1197 568 58 75 ex-

584 615 96 75 eeffes
698 615 19 75 2
736 615 64 75 and
818 615 18 75 7
854 615 68 75 into
945 615 61 75 one
1023 615 146 75 another,
1194 615 63 75 call

583 661 56 75 the
665 661 49 75 9’s
740 661 57 75 out
829 661 40 75 of
898 661 83 75 their
1013 661 149 75 product,
1194 661 63 75 and

586 708 88 75 place
691 708 55 75 the
758 708 110 75 excefs
885 708 61 75 five
959 708 32 75 at
1007 708 56 75 the
1079 708 57 75 top
1148 708 41 75 of
1200 708 55 75 the

221 756 106 75 crofs;
353 756 105 75 la-ftly,
484 756 62 75 call
565 756 54 75 the
638 756 49 75 9’s
704 756 57 75 out
778 756 41 75 of
837 756 55 75 the
916 756 147 75 produd,
1088 756 64 75 and
1164 756 91 75 place

220 804 56 75 the
292 804 110 75 excefs
422 804 17 75 5
463 804 33 75 at
512 804 56 75 the
585 804 73 75 foot
682 804 41 75 of
741 804 56 75 the
822 804 107 75 crofs;
956 804 106 75 which
1087 804 95 75 being
1198 804 56 75 the

219 850 84 75 fame
320 850 79 75 with
425 850 56 75 the
497 850 101 75 figure
622 850 35 75 at
673 850 55 75 the
746 850 84 75 top,.
842 850 64 75 you
930 850 73 75 may
1027 850 155 75 conclude
1199 850 55 75 the

223 897 92 75 work
331 897 35 75 to
384 897 39 75 be
441 897 99 75 right.

739 941 211 75 Examp.II.
977 941 101 75 Here,
1089 941 32 75 in
1136 941 118 75 calling

692 988 54 75 the
754 988 53 75 n’s
824 988 57 75 out
898 988 39 75 of
949 988 54 75 the
1020 988 231 75 multiplicand,

689 1033 62 75 and
767 1033 56 75 out
848 1033 40 75 of
907 1033 55 75 the
986 1033 146 75 produd,
1157 1033 95 75 begin

688 1080 77 75 with
778 1080 55 75 the
845 1080 136 75 pounds,
995 1080 62 75 and
1069 1080 116 75 reduce
1197 1080 56 75 the

686 1128 111 75 excefs
814 1128 35 75 to
865 1128 154 75 Ihillings,
1044 1128 63 75 and
1130 1128 32 75 in
1187 1128 65 75 like

221 1179 65 75 347
338 1179 21 75 6
413 1179 41 75 10

685 1179 130 75 manner
831 1179 55 75 the
907 1179 108 75 excefs
1041 1179 40 75 of
1099 1179 55 75 the
1177 1179 91 75 Ihil--

685 1220 81 75 lings
783 1220 26 75 is
834 1220 141 75 reduced
995 1220 36 75 to
1053 1220 109 75 pence,
1187 1220 63 75 and

218 1269 71 75 that
301 1269 40 75 of
360 1269 55 75 the
431 1269 98 75 pence
546 1269 35 75 to
597 1269 171 75 farthings.
818 1269 75 75 The
911 1269 175 75 multiplier
1103 1269 95 75 being
1210 1269 38 75 an

219 1317 131 75 abllrad
367 1317 145 75 number,
537 1317 96 75 needs
651 1317 41 75 no
710 1317 185 75 redudion;
922 1317 58 75 but
996 1317 30 75 if
1041 1317 18 75 a
1075 1317 174 75 multiplier

218 1363 39 75 be
275 1363 18 75 a
315 1363 84 75 mixt
423 1363 146 75 number,
593 1363 38 75 or
654 1363 110 75 confift
787 1363 41 75 of
846 1363 139 75 integers
1011 1363 62 75 and
1089 1363 100 75 parts,
1212 1363 34 75 as

219 1410 65 75 feet
300 1410 63 75 and
377 1410 123 75 inches,
526 1410 63 75 fyc.
616 1410 56 75 the
688 1410 108 75 excefs
814 1410 40 75 of
867 1410 54 75 the
937 1410 114 75 higher
1063 1410 183 75 denomina-

1374 188 34 75 E
1486 188 39 75 T
1604 188 18 75 I
1702 188 35 75 C
1814 188 48 75 K.

409 1062 46 75 2*
502 1062 21 75 8

566 1000 18 75 7

529 1089 108 75 X*

559 1139 18 75 7

213 2164 105 75 called
333 2164 216 75 the.quotient
564 2164 39 75 or
618 2164 86 75 quot.

261 2211 49 75 As
326 2211 242 75 multiplication
580 2211 135 75 fupplies
731 2211 56 75 the
803 2211 90 75 place
909 2211 40 75 of
960 2211 94 75 many
1070 2211 171 75 additions,

327 2256 34 75 fo
378 2256 142 75 divificn,
546 2256 106 75 which
668 2256 27 75 is
713 2256 55 75 the
785 2256 123 75 reverfe
925 2256 40 75 of
983 2256 258 75 multiplication,

328 2303 103 75 ferves
443 2303 119 75 inllead
573 2303 39 75 of
624 2303 93 75 many
729 2303 227 75 fubtradions;
975 2303 34 75 as
1023 2303 65 75 will
1099 2303 74 75 thus
1187 2303 53 75 ap-

260 2349 4 75 .
329 2349 94 75 pear:
452 2349 141 75 Suppofe
605 2349 25 75 it
642 2349 84 75 were
744 2349 151 75 required
911 2349 34 75 to
961 2349 106 75 divide
1089 2349 38 75 18
1146 2349 43 75 by
1205 2349 34 75 6,

216 2383 43 75 *2
328 2383 72 75 that
410 2383 40 75 is,
468 2383 34 75 to
514 2383 66 75 find
597 2383 73 75 how
688 2383 89 75 often
796 2383 20 75 6
833 2383 26 75 is
877 2383 168 75 contained
1060 2383 32 75 in
1115 2383 52 75 18,
1186 2383 56 75 the

239 2439 21 75 ^
329 2439 90 75 work
442 2439 44 75 by
501 2439 192 75 fubtradion
715 2439 66 75 will
803 2439 89 75 Hand
914 2439 34 75 as
965 2439 33 75 in
1017 2439 56 75 the
1095 2439 143 75 margin-:

330 2490 43 75 by
388 2490 106 75 which
510 2490 26 75 it
548 2490 143 75 appears,
711 2490 72 75 that
801 2490 20 75 6
838 2490 26 75 is
877 2490 167 75 contained
1063 2490 17 75 3
1098 2490 94 75 times
1209 2490 33 75 in

239 2535 22 75 <5
329 2535 55 75 the
407 2535 131 75 number
568 2535 53 75 18.
676 2535 68 75 But
767 2535 77 75 this,
869 2535 43 75 by
937 2535 143 75 divifion,
1105 2535 73 75 may
1201 2535 41 75 be

330 2582 100 75 found
447 2582 33 75 at
496 2582 60 75 one
573 2582 93 75 trial:
694 2582 86 75 thus,

1589 280 28 75 I.
1669 280 152 75 Divifion
1843 280 47 75 of
1904 280 159 75 Integers.

1350 342 110 75 Rule
1487 342 30 75 I.
1554 342 99 75 From
1674 342 55 75 the
1752 342 164 75 left-hand
1946 342 71 75 part
2042 342 40 75 of
2101 342 55 75 the
2184 342 152 75 dividend

1307 387 90 75 point
1413 387 52 75 off
1485 387 54 75 the
1555 387 64 75 firll
1636 387 152 75 dividual,
1815 387 69 75 viz.
1909 387 35 75 fo
1960 387 96 75 many
2071 387 116 75 figures
2212 387 33 75 as
2268 387 69 75 will

1306 435 127 75 contain
1450 435 55 75 the
1522 435 130 75 divifor.

1353 482 46 75 II.
1424 482 69 75 Aik
1510 482 74 75 how
1596 482 91 75 often
1698 482 56 75 the
1771 482 117 75 divifor
1899 482 27 75 is
1944 482 169 75 contained
2131 482 33 75 in
2180 482 56 75 the
2253 482 80 75 divi-

1304 527 87 75 dual,
1416 527 63 75 and
1496 527 57 75 put
1570 527 55 75 the
1642 527 120 75 anfwer
1777 527 32 75 in
1821 527 56 75 the
1893 527 158 75 quotient.

1352 574 66 75 III.
1443 574 160 75 Multiply
1619 574 55 75 the
1691 574 115 75 divifor
1818 574 44 75 by
1879 574 55 75 the
1950 574 100 75 figure
2067 574 45 75 fet
2132 574 33 75 in
2181 574 55 75 the
2252 574 81 75 quo-

1306 620 92 75 tient,
1422 620 65 75 and
1502 620 138 75 fubtrad
1656 620 56 75 the
1728 620 133 75 produd
1878 620 84 75 from
1979 620 57 75 the
2051 620 152 75 dividual,

1351 669 63 75 IV.
1439 669 55 75 To
1518 669 57 75 the
1600 669 86 75 right
1709 669 40 75 of
1768 669 56 75 the
1848 669 178 75 remainder
2050 669 93 75 bring
2159 669 96 75 down
2277 669 57 75 the

1303 714 78 75 next
1398 714 100 75 figure
1514 714 40 75 of
1565 714 55 75 the
1637 714 152 75 dividend
1805 714 49 75 for
1873 714 18 75 a
1904 714 70 75 new
1990 714 165 75 dividual;
2181 714 61 75 and
2256 714 77 75 then

1303 761 137 75 proceed
1457 761 34 75 as
1507 761 124 75 before.

1350 807 151 75 Examp.
1527 807 29 75 I.
1605 807 104 75 Here,
1741 807 131 75 becaufe
1892 807 56 75 the

1301 854 119 75 divifor
1439 854 17 75 7
1474 854 26 75 is
1518 854 170 75 contained
1704 854 33 75 in
1754 854 35 75 8,
1807 854 55 75 the
1873 854 76 75 left-
1997 854 97 75 Divi-
2118 854 95 75 Divi-
2238 854 94 75 Quo-

1302 902 85 75 hand
1398 902 100 75 figure
1510 902 41 75 of
1561 902 57 75 the
1645 902 163 75 dividend,
1826 902 89 75 point
1925 902 27 75 it
1998 902 65 75 for.
2115 902 97 75 dend.
2238 902 92 75 tient.

1300 945 53 75 off
1372 945 33 75 as
1432 945 55 75 the
1511 945 64 75 firft
1597 945 155 75 dividual,
1783 945 171 75 according
2051 945 197 75 7)875(125

1300 992 35 75 to
1351 992 86 75 Rule
1454 992 38 75 I;
1519 992 62 75 and
1599 992 77 75 then
1691 992 67 75 fay,
1782 992 88 75 How
1886 992 64 75 oft-

2092 992 9 75 .
2122 992 9 75 .
2147 992 9 75 .

1300 1043 39 75 en
1358 1043 19 75 7
1394 1043 33 75 in
1445 1043 19 75 8
1479 1043 12 75 ?
1533 1043 83 75 Anf.
1646 1043 14 75 1
1679 1043 98 75 time;
1806 1043 107 75 which
1934 1043 14 75 1

2093 1043 20 75 7

1300 1085 46 75 let
1369 1085 32 75 in
1425 1085 57 75 the
1506 1085 158 75 quotient,
1697 1085 34 75 as
1754 1085 142 75 direded
1918 1085 33 75 in

2088 1085 50 75 ——
2236 1085 11 75 ^
2265 1085 5 75 i
2305 1059 3 104 ■

1299 1134 85 75 Rule
1401 1134 71 75 II.;
1498 1134 77 75 then
1599 1134 149 75 multiply
1763 1134 56 75 the
1834 1134 119 75 divifor

1303 1179 17 75 7
1338 1179 43 75 by
1397 1179 63 75 this
1477 1179 147 75 quotient
1635 1179 102 75 figure
1754 1179 30 75 1,
1802 1179 62 75 and
1875 1179 73 75 fub-

1299 1225 80 75 trad
1402 1225 56 75 the
1473 1225 141 75 .produd
1641 1225 19 75 7
1679 1225 85 75 from
1787 1225 55 75 the
1867 1225 81 75 divi-

1297 1274 74 75 dual
1385 1274 33 75 8,
1437 1274 33 75 as
1487 1274 141 75 direded
1642 1274 33 75 in
1691 1274 87 75 Rule
1794 1274 89 75 III.;
1913 1274 35 75 to

1296 1318 55 75 the
1369 1318 176 75 remainder
1567 1318 12 75 1
1599 1318 93 75 bring
1703 1318 96 75 down
1814 1318 56 75 the
1885 1318 64 75 fol-
1973 1318 8 75 ,

1294 1364 167 75 lollowing
1477 1364 99 75 figure
1588 1364 41 75 of
1640 1364 56 75 the
1707 1364 163 75 dividend,
1895 1364 52 75 for

1295 1410 56 75 the
1376 1410 115 75 fecond
1512 1410 154 75 dividual,
1692 1410 33 75 as
1749 1410 143 75 direded
1914 1410 32 75 in

1294 1457 88 75 Rule
1397 1457 88 75 IV.;
1510 1457 78 75 then
1612 1457 138 75 proceed
1774 1457 34 75 as
1822 1457 124 75 before,

1296 1503 63 75 and
1382 1503 67 75 fay.
1473 1503 88 75 How
1584 1503 90 75 often
1703 1503 18 75 7
1745 1503 33 75 in
1803 1503 66 75 17?
1913 1503 83 75 Anf.
2023 1503 18 75 2
2060 1503 115 75 times;
2200 1503 123 75 where-

1295 1550 83 75 fore,
1403 1550 117 75 fetting
1542 1550 67 75 two
1632 1550 34 75 in
1681 1550 56 75 the
1760 1550 158 75 quotient,
1943 1550 151 75 multiply
2109 1550 62 75 and
2185 1550 141 75 fubtrad

1294 1596 64 75 and
1380 1596 67 75 find
1469 1596 56 75 the
1548 1596 81 75 next
1652 1596 178 75 remainder
1854 1596 35 75 to
1914 1596 39 75 be
1972 1596 17 75 3
2002 1596 11 75 ;
2039 1596 35 75 to
2099 1596 106 75 which
2229 1596 93 75 bring

1288 1642 100 75 down
1405 1642 55 75 the
1475 1642 166 75 following
1656 1642 101 75 figure
1772 1642 42 75 of
1823 1642 56 75 the
1893 1642 165 75 dividend,
2083 1642 63 75 and
2160 1642 64 75 you
2239 1642 83 75 have

1295 1689 18 75 3
1321 1689 16 75 5
1357 1689 52 75 for
1419 1689 56 75 the
1491 1689 89 75 third
1595 1689 163 75 dividual;
1784 1689 76 75 then
1875 1689 68 75 fay,
1960 1689 88 75 How
2063 1689 89 75 often
2166 1689 18 75 7
2197 1689 32 75 in
2247 1689 17 75 3
2272 1689 16 75 5
2303 1689 14 75 ?

1294 1735 83 75 Anf.
1405 1735 18 75 5
1449 1735 115 75 times;
1590 1735 106 75 which
1724 1735 16 75 5
1766 1735 96 75 being
1885 1735 114 75 placed
2022 1735 45 75 in'
2078 1735 56 75 the
2159 1735 159 75 quotient,

1293 1782 149 75 multiply
1458 1782 65 75 and
1545 1782 150 75 fubtrad,
1720 1782 63 75 and
1805 1782 23 75 o
1849 1782 161 75 remains;
2036 1782 35 75 fo
2095 1782 55 75 the
2172 1782 149 75 quotient

843 1832 93 75 given
951 1832 133 75 number
1101 1832 143 75 contains
1290 1832 28 75 is
1341 1832 76 75 125.

1340 1875 52 75 By
1409 1875 170 75 reviewing
1594 1875 56 75 the
1662 1875 81 75 Heps
1760 1875 40 75 of
1811 1875 55 75 the
1877 1875 170 75 preceding
2063 1875 176 75 operation,
2256 1875 64 75 and

1290 1920 153 75 reducing
1465 1920 56 75 the
1545 1920 157 75 dividuals
1727 1920 63 75 and
1814 1920 279 75 quotient-figures
2115 1920 36 75 to
2172 1920 83 75 their
2270 1920 47 75 fe-

1292 1967 108 75 parate
1423 1967 122 75 values,
1571 1967 56 75 the
1650 1967 110 75 reafon
1783 1967 41 75 of
1843 1967 55 75 the
1921 1967 85 75 rules
2023 1967 67 75 will
2105 1967 40 75 be
2161 1967 155 75 obvious;

1290 2012 63 75 for,

1336 2060 75 75 The
1423 2060 141 75 feparate
1575 2060 92 75 value

1846 2060 239 75 7)875(100}

2076 2127 6 75 .
2092 2127 225 75 partialquots.

217 1458 67 75 tion
300 1458 80 75 mull
397 1458 118 75 always
532 1458 39 75 be
584 1458 139 75 reduced
735 1458 34 75 to
786 1458 56 75 the
858 1458 112 75 lower.

408 1596 35 75 C
457 1596 28 75 h
498 1596 27 75 a
536 1596 34 75 p.
600 1596 51 75 V.
710 1596 348 75 Division.

263 1697 191 75 Division
481 1697 159 75 difcovers
664 1697 76 75 how
764 1697 90 75 often
879 1697 60 75 one
963 1697 133 75 number
1119 1697 27 75 is
1167 1697 76 75 con-

216 1744 109 75 tained
340 1744 33 75 in
396 1744 154 75 another:
582 1744 50 75 or,

263 1789 156 75 Divifion,
437 1789 85 75 from
536 1789 66 75 two
614 1789 147 75 numbers
774 1789 106 75 given,
897 1789 81 75 finds
992 1789 18 75 a
1022 1789 99 75 third,
1138 1789 107 75 which

216 1837 143 75 contains
376 1837 92 75 unity
484 1837 33 75 as
533 1837 92 75 often
644 1837 34 75 as
695 1837 55 75 the

216 1884 55 75 the
287 1884 107 75 other.

260 1931 76 75 The
353 1931 132 75 number
501 1931 35 75 to
558 1931 41 75 be
621 1931 142 75 divided,
788 1931 38 75 or
848 1931 105 75 which
977 1931 141 75 contains
1136 1931 55 75 the
1206 1931 36 75 o-

215 1976 86 75 ther,
326 1976 26 75 is
370 1976 102 75 called
489 1976 55 75 the
569 1976 174 75 dividend;
770 1976 56 75 the
850 1976 132 75 number
1005 1976 45 75 by
1065 1976 106 75 which
1194 1976 48 75 we

213 2023 120 75 divide,
358 2023 38 75 or
413 2023 105 75 which
534 2023 26 75 is
578 2023 170 75 contained
770 2023 33 75 in
828 2023 54 75 the
907 2023 164 75 dividend,
1097 2023 26 75 is
1140 2023 104 75 called

214 2070 56 75 the
286 2070 142 75 divifor;
456 2070 62 75 and
529 2070 56 75 the
601 2070 133 75 number
749 2070 103 75 found
867 2070 43 75 by
922 2070 142 75 divifion,
1086 2070 38 75 or
1136 2070 105 75 which

214 2116 159 75 expreffes
389 2116 75 75 how
481 2116 88 75 often
586 2116 55 75 the
657 2116 152 75 dividend
824 2116 145 75 contains
986 2116 54 75 the
1056 2116 131 75 divifor,
1215 2116 26 75 is
1287 2116 44 75 of
1343 2116 55 75 the
1412 2116 64 75 firft
1490 2116 141 75 dividual
1644 2116 20 75 8

2095 1144 40 75 17

2093 1191 42 75 14

2113 1284 41 75 35

2112 1327 42 75 35

2119 1423 54 75 (°)

2229 1321 83 75 t?

1894 2290 63 75 100
1982 2290 63 75 125

1909 2336 42 75 70

2095 2290 81 75 total
2193 2290 95 75 quot.

226 2623 83 75 (°)‘

264 2678 59 75 Set
346 2678 56 75 the
425 2678 117 75 divifor
564 2678 41 75 on
631 2678 56 75 the
710 2678 60 75 left
795 2678 40 75 of
853 2678 55 75 the
929 2678 164 75 dividend,
1117 2678 125 75 leaving

396 2721 91 75 room
503 2721 41 75 on
561 2721 53 75 the
633 2721 86 75 right
731 2721 86 75 hand
832 2721 52 75 for
900 2721 55 75 the
973 2721 158 75 quotient,
1157 2721 33 75 as
1209 2721 32 75 in

395 2769 56 75 the
467 2769 142 75 margin;
635 2769 63 75 and
713 2769 75 75 then
800 2769 66 75 fay.
891 2769 87 75 How
989 2769 91 75 often
1092 2769 20 75 6
1125 2769 32 75 in
1174 2769 39 75 18
1227 2769 12 75 ?

397 2816 80 75 Anf.
506 2816 16 75 3
537 2816 91 75 times
640 2816 8 75 :
674 2816 65 75 this
759 2816 17 75 3
794 2816 45 75 fet
854 2816 33 75 in
901 2816 55 75 the
973 2816 167 75 quotient;
1167 2816 76 75 then

396 2861 149 75 multiply
561 2861 54 75 the
640 2861 147 75 quotient
809 2861 99 75 figure
928 2861 16 75 3
964 2861 67 75 into
1055 2861 55 75 the
1127 2861 116 75 divifor

398 2912 34 75 6,
449 2912 120 75 faying,
590 2912 16 75 3
625 2912 92 75 times
735 2912 21 75 6
773 2912 92 75 make
883 2912 61 75 18;
969 2912 106 75 which
1092 2912 45 75 fet
1149 2912 94 75 down

400 2954 104 75 below
520 2954 56 75 the
600 2954 162 75 dividend,
787 2954 63 75 and
873 2954 137 75 lubtratt
1033 2954 25 75 it
1080 2954 85 75 from
1189 2954 54 75 the

219 2775 125 75 6)18(3

265 2823 38 75 18

247 2914 73 75 \o)

218 3005 162 75 dividend,
406 3005 62 75 and
484 3005 22 75 o
524 3005 146 75 remains.

1289 2153 28 75 is
1334 2153 92 75 800;
1458 2153 62 75 and
1542 2153 57 75 the
1620 2153 47 75 fe-
1700 2153 256 75 iftdividualSoo

1290 2198 110 75 parate
1410 2198 92 75 value
1511 2198 39 75 of
1562 2198 31 75 1,
1610 2198 56 75 the

1886 2198 69 75 700

1290 2245 65 75 firft
1370 2245 101 75 figure
1488 2245 58 75 put
1561 2245 34 75 in
1611 2245 56 75 the

1292 2292 93 75 quot,
1424 2292 28 75 is
1481 2292 90 75 100;
1613 2292 52 75 for

1292 2339 33 75 as
1343 2339 19 75 8
1389 2339 143 75 contains
1562 2339 19 75 7
1607 2339 55 75 the

1290 2385 119 75 divifor
1422 2385 13 75 1
1448 2385 88 75 time,
1552 2385 34 75 fo
1596 2385 68 75 800

1291 2431 143 75 contains
1442 2431 27 75 it
1482 2431 65 75 100
1555 2431 106 75 times,

1292 2480 63 75 and
1374 2480 65 75 100
1450 2480 135 75 remains
1597 2480 9 75 ;
1628 2480 36 75 to

1292 2525 105 75 which
1436 2525 93 75 bring
1568 2525 95 75 down

1291 2573 56 75 the
1374 2573 167 75 following
1562 2573 101 75 figure

1292 2619 41 75 of
1358 2619 55 75 the
1444 2619 150 75 dividend
1627 2619 34 75 7,

1290 2664 106 75 whofe
1412 2664 141 75 feparate
1570 2664 93 75 value

1292 2712 26 75 is
1346 2712 65 75 70;
1449 2712 61 75 and
1532 2712 57 75 the
1616 2712 47 75 fe-
1692 2712 44 75 3d
1751 2712 142 75 dividual
1910 2712 42 75 35

1292 2757 82 75 cond
1384 2757 140 75 dividual
1534 2757 28 75 is
1577 2757 81 75 170;

1909 2757 44 75 35

1293 2804 62 75 and
1371 2804 33 75 as
1420 2804 17 75 7
1451 2804 27 75 is
1494 2804 170 75 contained

1902 2804 53 75 —

2196 2804 13 75 *

1297 2854 18 75 2
1338 2854 92 75 times
1452 2854 33 75 in
1507 2854 52 75 17,
1584 2854 34 75 fo
1636 2854 27 75 it

1913 2854 55 75 (o)

1293 2897 27 75 is
1337 2897 167 75 contained
1517 2897 44 75 20
1572 2897 93 75 times

1294 2945 31 75 in
1347 2945 78 75 170,
1449 2945 63 75 and
1531 2945 43 75 30
1590 2945 134 75 remains
1736 2945 10 75 ;
1773 2945 34 75 to
1823 2945 105 75 which
1945 2945 92 75 bring
2046 2945 103 75 ffown
2164 2945 54 75 the
2235 2945 79 75 next

1295 2992 37 75 or
1346 2992 57 75 laft
1419 2992 100 75 figure
1536 2992 39 75 of
1595 2992 53 75 the
1664 2992 150 75 dividend
1835 2992 17 75 5
1866 2992 10 75 ;
1904 2992 63 75 and
1989 2992 56 75 the
2066 2992 87 75 third
2174 2992 141 75 dividual

1690 2429 44 75 2d
1742 2429 140 75 dividual
1891 2429 63 75 170

1893 2476 63 75 140

1911 2569 43 75 30

1934 2624 17 75 5
