<?xml version="1.0" encoding="UTF-8"?>
<alto xmlns="http://www.loc.gov/standards/alto/v3/alto.xsd"><Description><MeasurementUnit>pixel</MeasurementUnit><sourceImageInformation><fileName>./data/pdfs/c_188936619/i_144133901/188082693.23.pdf</fileName></sourceImageInformation><OCRProcessing ID="IdOcr"><ocrProcessingStep><processingDateTime>Fri Jul 12 10:37:57 2019
</processingDateTime><processingSoftware><softwareCreator>CONTRIBUTORS</softwareCreator><softwareName>pdfalto</softwareName><softwareVersion>0.1</softwareVersion></processingSoftware></ocrProcessingStep></OCRProcessing></Description><Styles><TextStyle ID="font0" FONTFAMILY="times" FONTSIZE="10.000" FONTTYPE="serif" FONTWIDTH="proportional" FONTCOLOR="#WWWWWW" FONTSTYLE=""/><TextStyle ID="font1" FONTFAMILY="times" FONTSIZE="6.500" FONTTYPE="serif" FONTWIDTH="proportional" FONTCOLOR="#WWWWWW" FONTSTYLE="superscript"/></Styles><Layout><Page ID="Page485" PHYSICAL_IMG_NR="485" WIDTH="2483" HEIGHT="3387"><PrintSpace><TextLine WIDTH="621" HEIGHT="75" ID="p485_t1" HPOS="606" VPOS="184"><String ID="p485_w1" CONTENT="A" HPOS="606" VPOS="185" WIDTH="42" HEIGHT="75" STYLEREFS="font0"/><SP WIDTH="76" VPOS="185" HPOS="648"/><String ID="p485_w2" CONTENT="R." HPOS="724" VPOS="185" WIDTH="68" HEIGHT="75" STYLEREFS="font0"/><SP WIDTH="45" VPOS="185" HPOS="792"/><String ID="p485_w3" CONTENT="I" HPOS="837" VPOS="185" WIDTH="19" HEIGHT="75" STYLEREFS="font0"/><SP WIDTH="77" VPOS="185" HPOS="856"/><String ID="p485_w4" CONTENT="T" HPOS="933" VPOS="185" WIDTH="41" HEIGHT="75" STYLEREFS="font0"/><SP WIDTH="82" VPOS="185" HPOS="974"/><String ID="p485_w5" CONTENT="H" HPOS="1056" VPOS="185" WIDTH="45" HEIGHT="75" STYLEREFS="font0"/><SP WIDTH="77" VPOS="185" HPOS="1101"/><String ID="p485_w6" CONTENT="M" HPOS="1178" VPOS="184" WIDTH="49" HEIGHT="75" STYLEREFS="font0"/></TextLine><TextLine WIDTH="411" HEIGHT="75" ID="p485_t2" HPOS="498" VPOS="306"><String ID="p485_w7" CONTENT="Approximates." HPOS="498" VPOS="306" WIDTH="411" HEIGHT="75" STYLEREFS="font0"/></TextLine><TextLine WIDTH="994" HEIGHT="75" ID="p485_t3" HPOS="223" VPOS="387"><String ID="p485_w8" CONTENT="If" HPOS="223" VPOS="387" WIDTH="37" HEIGHT="75" STYLEREFS="font0"/><SP WIDTH="11" VPOS="387" HPOS="260"/><String ID="p485_w9" CONTENT="the" HPOS="271" VPOS="387" WIDTH="55" HEIGHT="75" STYLEREFS="font0"/><SP WIDTH="15" VPOS="387" HPOS="326"/><String ID="p485_w10" CONTENT="decimals" HPOS="341" VPOS="387" WIDTH="152" HEIGHT="75" STYLEREFS="font0"/><SP WIDTH="17" VPOS="387" HPOS="493"/><String ID="p485_w11" CONTENT="to" HPOS="510" VPOS="387" WIDTH="36" HEIGHT="75" STYLEREFS="font0"/><SP WIDTH="16" VPOS="387" HPOS="546"/><String ID="p485_w12" CONTENT="be" HPOS="562" VPOS="387" WIDTH="41" HEIGHT="75" STYLEREFS="font0"/><SP WIDTH="16" VPOS="387" HPOS="603"/><String ID="p485_w13" CONTENT="added" HPOS="619" VPOS="387" WIDTH="107" HEIGHT="75" STYLEREFS="font0"/><SP WIDTH="16" VPOS="387" HPOS="726"/><String ID="p485_w14" CONTENT="run" HPOS="742" VPOS="387" WIDTH="60" HEIGHT="75" STYLEREFS="font0"/><SP WIDTH="27" VPOS="387" HPOS="802"/><String ID="p485_w15" CONTENT="on" HPOS="829" VPOS="387" WIDTH="42" HEIGHT="75" STYLEREFS="font0"/><SP WIDTH="28" VPOS="387" HPOS="871"/><String ID="p485_w16" CONTENT="to" HPOS="899" VPOS="387" WIDTH="36" HEIGHT="75" STYLEREFS="font0"/><SP WIDTH="28" VPOS="387" HPOS="935"/><String ID="p485_w17" CONTENT="a" HPOS="963" VPOS="387" WIDTH="19" HEIGHT="75" STYLEREFS="font0"/><SP WIDTH="26" VPOS="387" HPOS="982"/><String ID="p485_w18" CONTENT="great," HPOS="1008" VPOS="387" WIDTH="103" HEIGHT="75" STYLEREFS="font0"/><SP WIDTH="8" VPOS="387" HPOS="1111"/><String ID="p485_w19" CONTENT="many" HPOS="1119" VPOS="387" WIDTH="98" HEIGHT="75" STYLEREFS="font0"/></TextLine><TextLine WIDTH="1038" HEIGHT="75" ID="p485_t4" HPOS="177" VPOS="437"><String ID="p485_w20" CONTENT="places," HPOS="177" VPOS="437" WIDTH="117" HEIGHT="75" STYLEREFS="font0"/><SP WIDTH="24" VPOS="437" HPOS="294"/><String ID="p485_w21" CONTENT="it" HPOS="318" VPOS="437" WIDTH="27" HEIGHT="75" STYLEREFS="font0"/><SP WIDTH="14" VPOS="437" HPOS="345"/><String ID="p485_w22" CONTENT="will" HPOS="359" VPOS="437" WIDTH="68" HEIGHT="75" STYLEREFS="font0"/><SP WIDTH="17" VPOS="437" HPOS="427"/><String ID="p485_w23" CONTENT="be" HPOS="444" VPOS="437" WIDTH="40" HEIGHT="75" STYLEREFS="font0"/><SP WIDTH="23" VPOS="437" HPOS="484"/><String ID="p485_w24" CONTENT="fufficient" HPOS="507" VPOS="437" WIDTH="155" HEIGHT="75" STYLEREFS="font0"/><SP WIDTH="16" VPOS="437" HPOS="662"/><String ID="p485_w25" CONTENT="in" HPOS="678" VPOS="437" WIDTH="33" HEIGHT="75" STYLEREFS="font0"/><SP WIDTH="16" VPOS="437" HPOS="711"/><String ID="p485_w26" CONTENT="moft" HPOS="727" VPOS="437" WIDTH="81" HEIGHT="75" STYLEREFS="font0"/><SP WIDTH="17" VPOS="437" HPOS="808"/><String ID="p485_w27" CONTENT="cafes" HPOS="825" VPOS="437" WIDTH="84" HEIGHT="75" STYLEREFS="font0"/><SP WIDTH="16" VPOS="437" HPOS="909"/><String ID="p485_w28" CONTENT="to" HPOS="925" VPOS="437" WIDTH="36" HEIGHT="75" STYLEREFS="font0"/><SP WIDTH="15" VPOS="437" HPOS="961"/><String ID="p485_w29" CONTENT="ufe" HPOS="976" VPOS="437" WIDTH="55" HEIGHT="75" STYLEREFS="font0"/><SP WIDTH="16" VPOS="437" HPOS="1031"/><String ID="p485_w30" CONTENT="only" HPOS="1047" VPOS="437" WIDTH="77" HEIGHT="75" STYLEREFS="font0"/><SP WIDTH="16" VPOS="437" HPOS="1124"/><String ID="p485_w31" CONTENT="four" HPOS="1140" VPOS="437" WIDTH="75" HEIGHT="75" STYLEREFS="font0"/></TextLine><TextLine WIDTH="1039" HEIGHT="75" ID="p485_t5" HPOS="175" VPOS="482"><String ID="p485_w32" CONTENT="or" HPOS="175" VPOS="482" WIDTH="38" HEIGHT="75" STYLEREFS="font0"/><SP WIDTH="15" VPOS="482" HPOS="213"/><String ID="p485_w33" CONTENT="five" HPOS="228" VPOS="482" WIDTH="61" HEIGHT="75" STYLEREFS="font0"/><SP WIDTH="16" VPOS="482" HPOS="289"/><String ID="p485_w34" CONTENT="places," HPOS="305" VPOS="482" WIDTH="119" HEIGHT="75" STYLEREFS="font0"/><SP WIDTH="21" VPOS="482" HPOS="424"/><String ID="p485_w35" CONTENT="and" HPOS="445" VPOS="482" WIDTH="64" HEIGHT="75" STYLEREFS="font0"/><SP WIDTH="16" VPOS="482" HPOS="509"/><String ID="p485_w36" CONTENT="obferve" HPOS="525" VPOS="482" WIDTH="131" HEIGHT="75" STYLEREFS="font0"/><SP WIDTH="12" VPOS="482" HPOS="656"/><String ID="p485_w37" CONTENT="to" HPOS="668" VPOS="482" WIDTH="36" HEIGHT="75" STYLEREFS="font0"/><SP WIDTH="12" VPOS="482" HPOS="704"/><String ID="p485_w38" CONTENT="increafe" HPOS="716" VPOS="482" WIDTH="139" HEIGHT="75" STYLEREFS="font0"/><SP WIDTH="15" VPOS="482" HPOS="855"/><String ID="p485_w39" CONTENT="the" HPOS="870" VPOS="482" WIDTH="56" HEIGHT="75" STYLEREFS="font0"/><SP WIDTH="16" VPOS="482" HPOS="926"/><String ID="p485_w40" CONTENT="figure" HPOS="942" VPOS="482" WIDTH="101" HEIGHT="75" STYLEREFS="font0"/><SP WIDTH="17" VPOS="482" HPOS="1043"/><String ID="p485_w41" CONTENT="at" HPOS="1060" VPOS="482" WIDTH="31" HEIGHT="75" STYLEREFS="font0"/><SP WIDTH="16" VPOS="482" HPOS="1091"/><String ID="p485_w42" CONTENT="which" HPOS="1107" VPOS="482" WIDTH="107" HEIGHT="75" STYLEREFS="font0"/></TextLine><TextLine WIDTH="1039" HEIGHT="75" ID="p485_t6" HPOS="175" VPOS="529"><String ID="p485_w43" CONTENT="you" HPOS="175" VPOS="529" WIDTH="64" HEIGHT="75" STYLEREFS="font0"/><SP WIDTH="16" VPOS="529" HPOS="239"/><String ID="p485_w44" CONTENT="break" HPOS="255" VPOS="529" WIDTH="99" HEIGHT="75" STYLEREFS="font0"/><SP WIDTH="16" VPOS="529" HPOS="354"/><String ID="p485_w45" CONTENT="off" HPOS="370" VPOS="529" WIDTH="52" HEIGHT="75" STYLEREFS="font0"/><SP WIDTH="10" VPOS="529" HPOS="422"/><String ID="p485_w46" CONTENT="by" HPOS="432" VPOS="529" WIDTH="45" HEIGHT="75" STYLEREFS="font0"/><SP WIDTH="16" VPOS="529" HPOS="477"/><String ID="p485_w47" CONTENT="an" HPOS="493" VPOS="529" WIDTH="39" HEIGHT="75" STYLEREFS="font0"/><SP WIDTH="25" VPOS="529" HPOS="532"/><String ID="p485_w48" CONTENT="unit," HPOS="557" VPOS="529" WIDTH="81" HEIGHT="75" STYLEREFS="font0"/><SP WIDTH="25" VPOS="529" HPOS="638"/><String ID="p485_w49" CONTENT="if" HPOS="663" VPOS="529" WIDTH="32" HEIGHT="75" STYLEREFS="font0"/><SP WIDTH="21" VPOS="529" HPOS="695"/><String ID="p485_w50" CONTENT="the" HPOS="716" VPOS="529" WIDTH="56" HEIGHT="75" STYLEREFS="font0"/><SP WIDTH="25" VPOS="529" HPOS="772"/><String ID="p485_w51" CONTENT="rejefted" HPOS="797" VPOS="529" WIDTH="138" HEIGHT="75" STYLEREFS="font0"/><SP WIDTH="24" VPOS="529" HPOS="935"/><String ID="p485_w52" CONTENT="figure" HPOS="959" VPOS="529" WIDTH="101" HEIGHT="75" STYLEREFS="font0"/><SP WIDTH="28" VPOS="529" HPOS="1060"/><String ID="p485_w53" CONTENT="on" HPOS="1088" VPOS="529" WIDTH="41" HEIGHT="75" STYLEREFS="font0"/><SP WIDTH="28" VPOS="529" HPOS="1129"/><String ID="p485_w54" CONTENT="the" HPOS="1157" VPOS="529" WIDTH="57" HEIGHT="75" STYLEREFS="font0"/></TextLine><TextLine WIDTH="1038" HEIGHT="75" ID="p485_t7" HPOS="174" VPOS="575"><String ID="p485_w55" CONTENT="right" HPOS="174" VPOS="575" WIDTH="87" HEIGHT="75" STYLEREFS="font0"/><SP WIDTH="16" VPOS="575" HPOS="261"/><String ID="p485_w56" CONTENT="exceed" HPOS="277" VPOS="575" WIDTH="123" HEIGHT="75" STYLEREFS="font0"/><SP WIDTH="19" VPOS="575" HPOS="400"/><String ID="p485_w57" CONTENT="5." HPOS="419" VPOS="575" WIDTH="33" HEIGHT="75" STYLEREFS="font0"/><SP WIDTH="48" VPOS="575" HPOS="452"/><String ID="p485_w58" CONTENT="And" HPOS="500" VPOS="575" WIDTH="81" HEIGHT="75" STYLEREFS="font0"/><SP WIDTH="26" VPOS="575" HPOS="581"/><String ID="p485_w59" CONTENT="in" HPOS="607" VPOS="575" WIDTH="33" HEIGHT="75" STYLEREFS="font0"/><SP WIDTH="29" VPOS="575" HPOS="640"/><String ID="p485_w60" CONTENT="adding" HPOS="669" VPOS="575" WIDTH="121" HEIGHT="75" STYLEREFS="font0"/><SP WIDTH="14" VPOS="575" HPOS="790"/><String ID="p485_w61" CONTENT="fuch" HPOS="804" VPOS="575" WIDTH="80" HEIGHT="75" STYLEREFS="font0"/><SP WIDTH="16" VPOS="575" HPOS="884"/><String ID="p485_w62" CONTENT="approximates," HPOS="900" VPOS="575" WIDTH="251" HEIGHT="75" STYLEREFS="font0"/><SP WIDTH="26" VPOS="575" HPOS="1151"/><String ID="p485_w63" CONTENT="o-" HPOS="1177" VPOS="575" WIDTH="35" HEIGHT="75" STYLEREFS="font0"/></TextLine><TextLine WIDTH="1037" HEIGHT="75" ID="p485_t8" HPOS="174" VPOS="621"><String ID="p485_w64" CONTENT="mit" HPOS="174" VPOS="621" WIDTH="57" HEIGHT="75" STYLEREFS="font0"/><SP WIDTH="22" VPOS="621" HPOS="231"/><String ID="p485_w65" CONTENT="the" HPOS="253" VPOS="621" WIDTH="55" HEIGHT="75" STYLEREFS="font0"/><SP WIDTH="15" VPOS="621" HPOS="308"/><String ID="p485_w66" CONTENT="right-hand" HPOS="323" VPOS="621" WIDTH="191" HEIGHT="75" STYLEREFS="font0"/><SP WIDTH="15" VPOS="621" HPOS="514"/><String ID="p485_w67" CONTENT="figure" HPOS="529" VPOS="621" WIDTH="102" HEIGHT="75" STYLEREFS="font0"/><SP WIDTH="16" VPOS="621" HPOS="631"/><String ID="p485_w68" CONTENT="of" HPOS="647" VPOS="621" WIDTH="42" HEIGHT="75" STYLEREFS="font0"/><SP WIDTH="11" VPOS="621" HPOS="689"/><String ID="p485_w69" CONTENT="the" HPOS="700" VPOS="621" WIDTH="55" HEIGHT="75" STYLEREFS="font0"/><SP WIDTH="15" VPOS="621" HPOS="755"/><String ID="p485_w70" CONTENT="fum," HPOS="770" VPOS="621" WIDTH="82" HEIGHT="75" STYLEREFS="font0"/><SP WIDTH="31" VPOS="621" HPOS="852"/><String ID="p485_w71" CONTENT="as" HPOS="883" VPOS="621" WIDTH="34" HEIGHT="75" STYLEREFS="font0"/><SP WIDTH="27" VPOS="621" HPOS="917"/><String ID="p485_w72" CONTENT="uncertain," HPOS="944" VPOS="621" WIDTH="178" HEIGHT="75" STYLEREFS="font0"/><SP WIDTH="31" VPOS="621" HPOS="1122"/><String ID="p485_w73" CONTENT="but" HPOS="1153" VPOS="621" WIDTH="58" HEIGHT="75" STYLEREFS="font0"/></TextLine><TextLine WIDTH="1041" HEIGHT="75" ID="p485_t9" HPOS="172" VPOS="669"><String ID="p485_w74" CONTENT="take" HPOS="172" VPOS="669" WIDTH="75" HEIGHT="75" STYLEREFS="font0"/><SP WIDTH="15" VPOS="669" HPOS="247"/><String ID="p485_w75" CONTENT="in" HPOS="262" VPOS="669" WIDTH="34" HEIGHT="75" STYLEREFS="font0"/><SP WIDTH="15" VPOS="669" HPOS="296"/><String ID="p485_w76" CONTENT="the" HPOS="311" VPOS="669" WIDTH="56" HEIGHT="75" STYLEREFS="font0"/><SP WIDTH="16" VPOS="669" HPOS="367"/><String ID="p485_w77" CONTENT="carriage." HPOS="383" VPOS="669" WIDTH="155" HEIGHT="75" STYLEREFS="font0"/><SP WIDTH="47" VPOS="669" HPOS="538"/><String ID="p485_w78" CONTENT="Follows" HPOS="585" VPOS="669" WIDTH="145" HEIGHT="75" STYLEREFS="font0"/><SP WIDTH="21" VPOS="669" HPOS="730"/><String ID="p485_w79" CONTENT="an" HPOS="751" VPOS="669" WIDTH="41" HEIGHT="75" STYLEREFS="font0"/><SP WIDTH="16" VPOS="669" HPOS="792"/><String ID="p485_w80" CONTENT="example" HPOS="808" VPOS="669" WIDTH="150" HEIGHT="75" STYLEREFS="font0"/><SP WIDTH="20" VPOS="669" HPOS="958"/><String ID="p485_w81" CONTENT="at" HPOS="978" VPOS="669" WIDTH="33" HEIGHT="75" STYLEREFS="font0"/><SP WIDTH="18" VPOS="669" HPOS="1011"/><String ID="p485_w82" CONTENT="large," HPOS="1029" VPOS="669" WIDTH="102" HEIGHT="75" STYLEREFS="font0"/><SP WIDTH="16" VPOS="669" HPOS="1131"/><String ID="p485_w83" CONTENT="and" HPOS="1147" VPOS="669" WIDTH="66" HEIGHT="75" STYLEREFS="font0"/></TextLine><TextLine WIDTH="368" HEIGHT="75" ID="p485_t10" HPOS="172" VPOS="715"><String ID="p485_w84" CONTENT="the" HPOS="172" VPOS="715" WIDTH="56" HEIGHT="75" STYLEREFS="font0"/><SP WIDTH="15" VPOS="715" HPOS="228"/><String ID="p485_w85" CONTENT="fame" HPOS="243" VPOS="715" WIDTH="84" HEIGHT="75" STYLEREFS="font0"/><SP WIDTH="16" VPOS="715" HPOS="327"/><String ID="p485_w86" CONTENT="contradled." HPOS="343" VPOS="715" WIDTH="197" HEIGHT="75" STYLEREFS="font0"/></TextLine><TextLine WIDTH="248" HEIGHT="75" ID="p485_t11" HPOS="306" VPOS="771"><String ID="p485_w87" CONTENT="Ex." HPOS="306" VPOS="771" WIDTH="64" HEIGHT="75" STYLEREFS="font0"/><SP WIDTH="24" VPOS="771" HPOS="370"/><String ID="p485_w88" CONTENT="at" HPOS="394" VPOS="771" WIDTH="39" HEIGHT="75" STYLEREFS="font0"/><SP WIDTH="15" VPOS="771" HPOS="433"/><String ID="p485_w89" CONTENT="large." HPOS="448" VPOS="771" WIDTH="106" HEIGHT="75" STYLEREFS="font0"/></TextLine><TextLine WIDTH="222" HEIGHT="75" ID="p485_t12" HPOS="319" VPOS="820"><String ID="p485_w90" CONTENT="12.2352946" HPOS="319" VPOS="820" WIDTH="222" HEIGHT="75" STYLEREFS="font0"/></TextLine><TextLine WIDTH="222" HEIGHT="75" ID="p485_t13" HPOS="340" VPOS="867"><String ID="p485_w91" CONTENT="8.15789325" HPOS="340" VPOS="867" WIDTH="222" HEIGHT="75" STYLEREFS="font0"/></TextLine><TextLine WIDTH="247" HEIGHT="75" ID="p485_t14" HPOS="340" VPOS="914"><String ID="p485_w92" CONTENT="7.086968435" HPOS="340" VPOS="914" WIDTH="247" HEIGHT="75" STYLEREFS="font0"/></TextLine><TextLine WIDTH="225" HEIGHT="75" ID="p485_t15" HPOS="338" VPOS="960"><String ID="p485_w93" CONTENT="6.32143482" HPOS="338" VPOS="960" WIDTH="225" HEIGHT="75" STYLEREFS="font0"/></TextLine><TextLine WIDTH="82" HEIGHT="75" ID="p485_t16" HPOS="339" VPOS="1016"><String ID="p485_w94" CONTENT="4-75" HPOS="339" VPOS="1016" WIDTH="82" HEIGHT="75" STYLEREFS="font0"/></TextLine><TextLine WIDTH="199" HEIGHT="75" ID="p485_t17" HPOS="749" VPOS="770"><String ID="p485_w95" CONTENT="contratted." HPOS="749" VPOS="770" WIDTH="199" HEIGHT="75" STYLEREFS="font0"/></TextLine><TextLine WIDTH="224" HEIGHT="75" ID="p485_t18" HPOS="737" VPOS="819"><String ID="p485_w96" CONTENT="12.23529" HPOS="737" VPOS="819" WIDTH="173" HEIGHT="75" STYLEREFS="font0"/><SP WIDTH="11" VPOS="819" HPOS="910"/><String ID="p485_w97" CONTENT="+" HPOS="921" VPOS="819" WIDTH="40" HEIGHT="75" STYLEREFS="font0"/></TextLine><TextLine WIDTH="206" HEIGHT="75" ID="p485_t19" HPOS="755" VPOS="864"><String ID="p485_w98" CONTENT="8.15789" HPOS="755" VPOS="864" WIDTH="154" HEIGHT="75" STYLEREFS="font0"/><SP WIDTH="12" VPOS="864" HPOS="909"/><String ID="p485_w99" CONTENT="+" HPOS="921" VPOS="864" WIDTH="40" HEIGHT="75" STYLEREFS="font0"/></TextLine><TextLine WIDTH="207" HEIGHT="75" ID="p485_t20" HPOS="755" VPOS="912"><String ID="p485_w100" CONTENT="7.08696—" HPOS="755" VPOS="912" WIDTH="207" HEIGHT="75" STYLEREFS="font0"/></TextLine><TextLine WIDTH="206" HEIGHT="75" ID="p485_t21" HPOS="756" VPOS="959"><String ID="p485_w101" CONTENT="6.32143" HPOS="756" VPOS="959" WIDTH="151" HEIGHT="75" STYLEREFS="font0"/><SP WIDTH="15" VPOS="959" HPOS="907"/><String ID="p485_w102" CONTENT="+" HPOS="922" VPOS="959" WIDTH="40" HEIGHT="75" STYLEREFS="font0"/></TextLine><TextLine WIDTH="81" HEIGHT="75" ID="p485_t22" HPOS="756" VPOS="1013"><String ID="p485_w103" CONTENT="4-75" HPOS="756" VPOS="1013" WIDTH="81" HEIGHT="75" STYLEREFS="font0"/></TextLine><TextLine WIDTH="269" HEIGHT="75" ID="p485_t23" HPOS="320" VPOS="1099"><String ID="p485_w104" CONTENT="38.551591105" HPOS="320" VPOS="1099" WIDTH="269" HEIGHT="75" STYLEREFS="font0"/></TextLine><TextLine WIDTH="337" HEIGHT="75" ID="p485_t24" HPOS="736" VPOS="1099"><String ID="p485_w105" CONTENT="38.5515" HPOS="736" VPOS="1099" WIDTH="151" HEIGHT="75" STYLEREFS="font0"/><SP WIDTH="49" VPOS="1099" HPOS="887"/><String ID="p485_w106" CONTENT="certain." HPOS="936" VPOS="1099" WIDTH="137" HEIGHT="75" STYLEREFS="font0"/></TextLine><TextLine WIDTH="994" HEIGHT="75" ID="p485_t25" HPOS="222" VPOS="1167"><String ID="p485_w107" CONTENT="Rule" HPOS="222" VPOS="1167" WIDTH="110" HEIGHT="75" STYLEREFS="font0"/><SP WIDTH="19" VPOS="1167" HPOS="332"/><String ID="p485_w108" CONTENT="II." HPOS="351" VPOS="1167" WIDTH="48" HEIGHT="75" STYLEREFS="font0"/><SP WIDTH="48" VPOS="1167" HPOS="399"/><String ID="p485_w109" CONTENT="When" HPOS="447" VPOS="1167" WIDTH="113" HEIGHT="75" STYLEREFS="font0"/><SP WIDTH="13" VPOS="1167" HPOS="560"/><String ID="p485_w110" CONTENT="all" HPOS="573" VPOS="1167" WIDTH="42" HEIGHT="75" STYLEREFS="font0"/><SP WIDTH="17" VPOS="1167" HPOS="615"/><String ID="p485_w111" CONTENT="or" HPOS="632" VPOS="1167" WIDTH="38" HEIGHT="75" STYLEREFS="font0"/><SP WIDTH="12" VPOS="1167" HPOS="670"/><String ID="p485_w112" CONTENT="any" HPOS="682" VPOS="1167" WIDTH="62" HEIGHT="75" STYLEREFS="font0"/><SP WIDTH="10" VPOS="1167" HPOS="744"/><String ID="p485_w113" CONTENT="of" HPOS="754" VPOS="1167" WIDTH="42" HEIGHT="75" STYLEREFS="font0"/><SP WIDTH="10" VPOS="1167" HPOS="796"/><String ID="p485_w114" CONTENT="the" HPOS="806" VPOS="1167" WIDTH="57" HEIGHT="75" STYLEREFS="font0"/><SP WIDTH="15" VPOS="1167" HPOS="863"/><String ID="p485_w115" CONTENT="given" HPOS="878" VPOS="1167" WIDTH="95" HEIGHT="75" STYLEREFS="font0"/><SP WIDTH="16" VPOS="1167" HPOS="973"/><String ID="p485_w116" CONTENT="decimals" HPOS="989" VPOS="1167" WIDTH="154" HEIGHT="75" STYLEREFS="font0"/><SP WIDTH="17" VPOS="1167" HPOS="1143"/><String ID="p485_w117" CONTENT="are" HPOS="1160" VPOS="1167" WIDTH="56" HEIGHT="75" STYLEREFS="font0"/></TextLine><TextLine WIDTH="1036" HEIGHT="75" ID="p485_t26" HPOS="175" VPOS="1214"><String ID="p485_w118" CONTENT="repeaters," HPOS="175" VPOS="1214" WIDTH="173" HEIGHT="75" STYLEREFS="font0"/><SP WIDTH="17" VPOS="1214" HPOS="348"/><String ID="p485_w119" CONTENT="give" HPOS="365" VPOS="1214" WIDTH="72" HEIGHT="75" STYLEREFS="font0"/><SP WIDTH="12" VPOS="1214" HPOS="437"/><String ID="p485_w120" CONTENT="every" HPOS="449" VPOS="1214" WIDTH="96" HEIGHT="75" STYLEREFS="font0"/><SP WIDTH="16" VPOS="1214" HPOS="545"/><String ID="p485_w121" CONTENT="repeater" HPOS="561" VPOS="1214" WIDTH="146" HEIGHT="75" STYLEREFS="font0"/><SP WIDTH="15" VPOS="1214" HPOS="707"/><String ID="p485_w122" CONTENT="the" HPOS="722" VPOS="1214" WIDTH="55" HEIGHT="75" STYLEREFS="font0"/><SP WIDTH="17" VPOS="1214" HPOS="777"/><String ID="p485_w123" CONTENT="fame" HPOS="794" VPOS="1214" WIDTH="84" HEIGHT="75" STYLEREFS="font0"/><SP WIDTH="12" VPOS="1214" HPOS="878"/><String ID="p485_w124" CONTENT="number" HPOS="890" VPOS="1214" WIDTH="134" HEIGHT="75" STYLEREFS="font0"/><SP WIDTH="15" VPOS="1214" HPOS="1024"/><String ID="p485_w125" CONTENT="of" HPOS="1039" VPOS="1214" WIDTH="41" HEIGHT="75" STYLEREFS="font0"/><SP WIDTH="11" VPOS="1214" HPOS="1080"/><String ID="p485_w126" CONTENT="places," HPOS="1091" VPOS="1214" WIDTH="120" HEIGHT="75" STYLEREFS="font0"/></TextLine><TextLine WIDTH="1039" HEIGHT="75" ID="p485_t27" HPOS="174" VPOS="1261"><String ID="p485_w127" CONTENT="and" HPOS="174" VPOS="1261" WIDTH="64" HEIGHT="75" STYLEREFS="font0"/><SP WIDTH="15" VPOS="1261" HPOS="238"/><String ID="p485_w128" CONTENT="one" HPOS="253" VPOS="1261" WIDTH="60" HEIGHT="75" STYLEREFS="font0"/><SP WIDTH="16" VPOS="1261" HPOS="313"/><String ID="p485_w129" CONTENT="place" HPOS="329" VPOS="1261" WIDTH="90" HEIGHT="75" STYLEREFS="font0"/><SP WIDTH="15" VPOS="1261" HPOS="419"/><String ID="p485_w130" CONTENT="more" HPOS="434" VPOS="1261" WIDTH="89" HEIGHT="75" STYLEREFS="font0"/><SP WIDTH="17" VPOS="1261" HPOS="523"/><String ID="p485_w131" CONTENT="than" HPOS="540" VPOS="1261" WIDTH="76" HEIGHT="75" STYLEREFS="font0"/><SP WIDTH="17" VPOS="1261" HPOS="616"/><String ID="p485_w132" CONTENT="the" HPOS="633" VPOS="1261" WIDTH="56" HEIGHT="75" STYLEREFS="font0"/><SP WIDTH="11" VPOS="1261" HPOS="689"/><String ID="p485_w133" CONTENT="longeft" HPOS="700" VPOS="1261" WIDTH="120" HEIGHT="75" STYLEREFS="font0"/><SP WIDTH="12" VPOS="1261" HPOS="820"/><String ID="p485_w134" CONTENT="finite;" HPOS="832" VPOS="1261" WIDTH="106" HEIGHT="75" STYLEREFS="font0"/><SP WIDTH="29" VPOS="1261" HPOS="938"/><String ID="p485_w135" CONTENT="and" HPOS="967" VPOS="1261" WIDTH="64" HEIGHT="75" STYLEREFS="font0"/><SP WIDTH="15" VPOS="1261" HPOS="1031"/><String ID="p485_w136" CONTENT="for" HPOS="1046" VPOS="1261" WIDTH="52" HEIGHT="75" STYLEREFS="font0"/><SP WIDTH="17" VPOS="1261" HPOS="1098"/><String ID="p485_w137" CONTENT="every" HPOS="1115" VPOS="1261" WIDTH="98" HEIGHT="75" STYLEREFS="font0"/></TextLine><TextLine WIDTH="1040" HEIGHT="75" ID="p485_t28" HPOS="174" VPOS="1307"><String ID="p485_w138" CONTENT="nine" HPOS="174" VPOS="1307" WIDTH="73" HEIGHT="75" STYLEREFS="font0"/><SP WIDTH="16" VPOS="1307" HPOS="247"/><String ID="p485_w139" CONTENT="in" HPOS="263" VPOS="1307" WIDTH="32" HEIGHT="75" STYLEREFS="font0"/><SP WIDTH="18" VPOS="1307" HPOS="295"/><String ID="p485_w140" CONTENT="the" HPOS="313" VPOS="1307" WIDTH="54" HEIGHT="75" STYLEREFS="font0"/><SP WIDTH="17" VPOS="1307" HPOS="367"/><String ID="p485_w141" CONTENT="right-hand" HPOS="384" VPOS="1307" WIDTH="190" HEIGHT="75" STYLEREFS="font0"/><SP WIDTH="16" VPOS="1307" HPOS="574"/><String ID="p485_w142" CONTENT="column" HPOS="590" VPOS="1307" WIDTH="127" HEIGHT="75" STYLEREFS="font0"/><SP WIDTH="18" VPOS="1307" HPOS="717"/><String ID="p485_w143" CONTENT="carry" HPOS="735" VPOS="1307" WIDTH="93" HEIGHT="75" STYLEREFS="font0"/><SP WIDTH="21" VPOS="1307" HPOS="828"/><String ID="p485_w144" CONTENT="1." HPOS="849" VPOS="1307" WIDTH="32" HEIGHT="75" STYLEREFS="font0"/><SP WIDTH="23" VPOS="1307" HPOS="881"/><String ID="p485_w145" CONTENT="or" HPOS="904" VPOS="1307" WIDTH="38" HEIGHT="75" STYLEREFS="font0"/><SP WIDTH="12" VPOS="1307" HPOS="942"/><String ID="p485_w146" CONTENT="to" HPOS="954" VPOS="1307" WIDTH="36" HEIGHT="75" STYLEREFS="font0"/><SP WIDTH="15" VPOS="1307" HPOS="990"/><String ID="p485_w147" CONTENT="its" HPOS="1005" VPOS="1307" WIDTH="42" HEIGHT="75" STYLEREFS="font0"/><SP WIDTH="15" VPOS="1307" HPOS="1047"/><String ID="p485_w148" CONTENT="fum" HPOS="1062" VPOS="1307" WIDTH="69" HEIGHT="75" STYLEREFS="font0"/><SP WIDTH="17" VPOS="1307" HPOS="1131"/><String ID="p485_w149" CONTENT="add" HPOS="1148" VPOS="1307" WIDTH="66" HEIGHT="75" STYLEREFS="font0"/></TextLine><TextLine WIDTH="726" HEIGHT="75" ID="p485_t29" HPOS="179" VPOS="1354"><String ID="p485_w150" CONTENT="I" HPOS="179" VPOS="1354" WIDTH="15" HEIGHT="75" STYLEREFS="font0"/><SP WIDTH="19" VPOS="1354" HPOS="194"/><String ID="p485_w151" CONTENT="for" HPOS="213" VPOS="1354" WIDTH="53" HEIGHT="75" STYLEREFS="font0"/><SP WIDTH="15" VPOS="1354" HPOS="266"/><String ID="p485_w152" CONTENT="every" HPOS="281" VPOS="1354" WIDTH="97" HEIGHT="75" STYLEREFS="font0"/><SP WIDTH="14" VPOS="1354" HPOS="378"/><String ID="p485_w153" CONTENT="nine," HPOS="392" VPOS="1354" WIDTH="86" HEIGHT="75" STYLEREFS="font0"/><SP WIDTH="25" VPOS="1354" HPOS="478"/><String ID="p485_w154" CONTENT="and" HPOS="503" VPOS="1354" WIDTH="64" HEIGHT="75" STYLEREFS="font0"/><SP WIDTH="14" VPOS="1354" HPOS="567"/><String ID="p485_w155" CONTENT="then" HPOS="581" VPOS="1354" WIDTH="78" HEIGHT="75" STYLEREFS="font0"/><SP WIDTH="17" VPOS="1354" HPOS="659"/><String ID="p485_w156" CONTENT="carry" HPOS="676" VPOS="1354" WIDTH="93" HEIGHT="75" STYLEREFS="font0"/><SP WIDTH="17" VPOS="1354" HPOS="769"/><String ID="p485_w157" CONTENT="at" HPOS="786" VPOS="1354" WIDTH="34" HEIGHT="75" STYLEREFS="font0"/><SP WIDTH="15" VPOS="1354" HPOS="820"/><String ID="p485_w158" CONTENT="ten." HPOS="835" VPOS="1354" WIDTH="70" HEIGHT="75" STYLEREFS="font0"/></TextLine><TextLine WIDTH="12" HEIGHT="75" ID="p485_t30" HPOS="1094" VPOS="1354"><String ID="p485_w159" CONTENT="*" HPOS="1094" VPOS="1354" WIDTH="12" HEIGHT="75" STYLEREFS="font0"/></TextLine><TextLine WIDTH="490" HEIGHT="75" ID="p485_t31" HPOS="412" VPOS="1406"><String ID="p485_w160" CONTENT="Examp." HPOS="412" VPOS="1406" WIDTH="139" HEIGHT="75" STYLEREFS="font0"/><SP WIDTH="53" VPOS="1406" HPOS="551"/><String ID="p485_w161" CONTENT="7484=" HPOS="604" VPOS="1406" WIDTH="137" HEIGHT="75" STYLEREFS="font0"/><SP WIDTH="31" VPOS="1406" HPOS="741"/><String ID="p485_w162" CONTENT="748-3'" HPOS="772" VPOS="1406" WIDTH="108" HEIGHT="75" STYLEREFS="font0"/><String ID="p485_w163" CONTENT="3" HPOS="880" VPOS="1406" WIDTH="22" HEIGHT="75" STYLEREFS="font0"/></TextLine><TextLine WIDTH="299" HEIGHT="75" ID="p485_t32" HPOS="605" VPOS="1450"><String ID="p485_w164" CONTENT="6534=" HPOS="605" VPOS="1450" WIDTH="137" HEIGHT="75" STYLEREFS="font0"/><SP WIDTH="31" VPOS="1450" HPOS="742"/><String ID="p485_w165" CONTENT="653.06" HPOS="773" VPOS="1450" WIDTH="131" HEIGHT="75" STYLEREFS="font0"/></TextLine><TextLine WIDTH="270" HEIGHT="75" ID="p485_t33" HPOS="628" VPOS="1504"><String ID="p485_w166" CONTENT="844—" HPOS="628" VPOS="1504" WIDTH="113" HEIGHT="75" STYLEREFS="font0"/><SP WIDTH="54" VPOS="1504" HPOS="741"/><String ID="p485_w167" CONTENT="84./i" HPOS="795" VPOS="1504" WIDTH="103" HEIGHT="75" STYLEREFS="font0"/></TextLine><TextLine WIDTH="281" HEIGHT="114" ID="p485_t34" HPOS="625" VPOS="1550"><String ID="p485_w168" CONTENT="254=" HPOS="625" VPOS="1550" WIDTH="116" HEIGHT="75" STYLEREFS="font0"/><SP WIDTH="53" VPOS="1550" HPOS="741"/><String ID="p485_w169" CONTENT="25.8*" HPOS="794" VPOS="1550" WIDTH="112" HEIGHT="75" STYLEREFS="font0"/><SP WIDTH="4294967189" VPOS="1550" HPOS="906"/><String ID="p485_w170" CONTENT="aT.e’e" HPOS="799" VPOS="1589" WIDTH="105" HEIGHT="75" STYLEREFS="font0"/></TextLine><TextLine WIDTH="327" HEIGHT="75" ID="p485_t35" HPOS="582" VPOS="1716"><String ID="p485_w171" CONTENT="15S7t" HPOS="582" VPOS="1734" WIDTH="118" HEIGHT="75" STYLEREFS="font0"/><String ID="p485_w172" CONTENT="=i" HPOS="700" VPOS="1716" WIDTH="68" HEIGHT="49" STYLEREFS="font1"/><String ID="p485_w173" CONTENT="5S7.-^" HPOS="768" VPOS="1734" WIDTH="141" HEIGHT="75" STYLEREFS="font0"/></TextLine><TextLine WIDTH="992" HEIGHT="75" ID="p485_t36" HPOS="224" VPOS="1802"><String ID="p485_w174" CONTENT="In" HPOS="224" VPOS="1802" WIDTH="40" HEIGHT="75" STYLEREFS="font0"/><SP WIDTH="16" VPOS="1802" HPOS="264"/><String ID="p485_w175" CONTENT="this" HPOS="280" VPOS="1802" WIDTH="66" HEIGHT="75" STYLEREFS="font0"/><SP WIDTH="15" VPOS="1802" HPOS="346"/><String ID="p485_w176" CONTENT="example" HPOS="361" VPOS="1802" WIDTH="147" HEIGHT="75" STYLEREFS="font0"/><SP WIDTH="16" VPOS="1802" HPOS="508"/><String ID="p485_w177" CONTENT="the" HPOS="524" VPOS="1802" WIDTH="56" HEIGHT="75" STYLEREFS="font0"/><SP WIDTH="20" VPOS="1802" HPOS="580"/><String ID="p485_w178" CONTENT="fum" HPOS="600" VPOS="1802" WIDTH="68" HEIGHT="75" STYLEREFS="font0"/><SP WIDTH="17" VPOS="1802" HPOS="668"/><String ID="p485_w179" CONTENT="of" HPOS="685" VPOS="1802" WIDTH="41" HEIGHT="75" STYLEREFS="font0"/><SP WIDTH="18" VPOS="1802" HPOS="726"/><String ID="p485_w180" CONTENT="the" HPOS="744" VPOS="1802" WIDTH="57" HEIGHT="75" STYLEREFS="font0"/><SP WIDTH="16" VPOS="1802" HPOS="801"/><String ID="p485_w181" CONTENT="right-hand" HPOS="817" VPOS="1802" WIDTH="195" HEIGHT="75" STYLEREFS="font0"/><SP WIDTH="22" VPOS="1802" HPOS="1012"/><String ID="p485_w182" CONTENT="column" HPOS="1034" VPOS="1802" WIDTH="127" HEIGHT="75" STYLEREFS="font0"/><SP WIDTH="24" VPOS="1802" HPOS="1161"/><String ID="p485_w183" CONTENT="is" HPOS="1185" VPOS="1802" WIDTH="31" HEIGHT="75" STYLEREFS="font0"/></TextLine><TextLine WIDTH="1033" HEIGHT="75" ID="p485_t37" HPOS="178" VPOS="1849"><String ID="p485_w184" CONTENT="24," HPOS="178" VPOS="1849" WIDTH="57" HEIGHT="75" STYLEREFS="font0"/><SP WIDTH="24" VPOS="1849" HPOS="235"/><String ID="p485_w185" CONTENT="which" HPOS="259" VPOS="1849" WIDTH="107" HEIGHT="75" STYLEREFS="font0"/><SP WIDTH="16" VPOS="1849" HPOS="366"/><String ID="p485_w186" CONTENT="contains" HPOS="382" VPOS="1849" WIDTH="144" HEIGHT="75" STYLEREFS="font0"/><SP WIDTH="18" VPOS="1849" HPOS="526"/><String ID="p485_w187" CONTENT="9" HPOS="544" VPOS="1849" WIDTH="21" HEIGHT="75" STYLEREFS="font0"/><SP WIDTH="16" VPOS="1849" HPOS="565"/><String ID="p485_w188" CONTENT="twice," HPOS="581" VPOS="1849" WIDTH="108" HEIGHT="75" STYLEREFS="font0"/><SP WIDTH="24" VPOS="1849" HPOS="689"/><String ID="p485_w189" CONTENT="and" HPOS="713" VPOS="1849" WIDTH="62" HEIGHT="75" STYLEREFS="font0"/><SP WIDTH="17" VPOS="1849" HPOS="775"/><String ID="p485_w190" CONTENT="6" HPOS="792" VPOS="1849" WIDTH="25" HEIGHT="75" STYLEREFS="font0"/><SP WIDTH="14" VPOS="1849" HPOS="817"/><String ID="p485_w191" CONTENT="over" HPOS="831" VPOS="1849" WIDTH="79" HEIGHT="75" STYLEREFS="font0"/><SP WIDTH="13" VPOS="1849" HPOS="910"/><String ID="p485_w192" CONTENT=";" HPOS="923" VPOS="1849" WIDTH="12" HEIGHT="75" STYLEREFS="font0"/><SP WIDTH="26" VPOS="1849" HPOS="935"/><String ID="p485_w193" CONTENT="fo" HPOS="961" VPOS="1849" WIDTH="36" HEIGHT="75" STYLEREFS="font0"/><SP WIDTH="15" VPOS="1849" HPOS="997"/><String ID="p485_w194" CONTENT="fet" HPOS="1012" VPOS="1849" WIDTH="47" HEIGHT="75" STYLEREFS="font0"/><SP WIDTH="16" VPOS="1849" HPOS="1059"/><String ID="p485_w195" CONTENT="down" HPOS="1075" VPOS="1849" WIDTH="96" HEIGHT="75" STYLEREFS="font0"/><SP WIDTH="18" VPOS="1849" HPOS="1171"/><String ID="p485_w196" CONTENT="6" HPOS="1189" VPOS="1849" WIDTH="22" HEIGHT="75" STYLEREFS="font0"/></TextLine><TextLine WIDTH="1035" HEIGHT="75" ID="p485_t38" HPOS="176" VPOS="1895"><String ID="p485_w197" CONTENT="and" HPOS="176" VPOS="1895" WIDTH="63" HEIGHT="75" STYLEREFS="font0"/><SP WIDTH="16" VPOS="1895" HPOS="239"/><String ID="p485_w198" CONTENT="carry" HPOS="255" VPOS="1895" WIDTH="93" HEIGHT="75" STYLEREFS="font0"/><SP WIDTH="18" VPOS="1895" HPOS="348"/><String ID="p485_w199" CONTENT="2" HPOS="366" VPOS="1895" WIDTH="18" HEIGHT="75" STYLEREFS="font0"/><SP WIDTH="12" VPOS="1895" HPOS="384"/><String ID="p485_w200" CONTENT=":" HPOS="396" VPOS="1895" WIDTH="9" HEIGHT="75" STYLEREFS="font0"/><SP WIDTH="26" VPOS="1895" HPOS="405"/><String ID="p485_w201" CONTENT="Or" HPOS="431" VPOS="1895" WIDTH="52" HEIGHT="75" STYLEREFS="font0"/><SP WIDTH="12" VPOS="1895" HPOS="483"/><String ID="p485_w202" CONTENT="to" HPOS="495" VPOS="1895" WIDTH="35" HEIGHT="75" STYLEREFS="font0"/><SP WIDTH="16" VPOS="1895" HPOS="530"/><String ID="p485_w203" CONTENT="the" HPOS="546" VPOS="1895" WIDTH="56" HEIGHT="75" STYLEREFS="font0"/><SP WIDTH="16" VPOS="1895" HPOS="602"/><String ID="p485_w204" CONTENT="fum" HPOS="618" VPOS="1895" WIDTH="68" HEIGHT="75" STYLEREFS="font0"/><SP WIDTH="18" VPOS="1895" HPOS="686"/><String ID="p485_w205" CONTENT="24" HPOS="704" VPOS="1895" WIDTH="44" HEIGHT="75" STYLEREFS="font0"/><SP WIDTH="18" VPOS="1895" HPOS="748"/><String ID="p485_w206" CONTENT="add" HPOS="766" VPOS="1895" WIDTH="64" HEIGHT="75" STYLEREFS="font0"/><SP WIDTH="16" VPOS="1895" HPOS="830"/><String ID="p485_w207" CONTENT="2," HPOS="846" VPOS="1895" WIDTH="36" HEIGHT="75" STYLEREFS="font0"/><SP WIDTH="16" VPOS="1895" HPOS="882"/><String ID="p485_w208" CONTENT="for" HPOS="898" VPOS="1895" WIDTH="53" HEIGHT="75" STYLEREFS="font0"/><SP WIDTH="11" VPOS="1895" HPOS="951"/><String ID="p485_w209" CONTENT="the" HPOS="962" VPOS="1895" WIDTH="56" HEIGHT="75" STYLEREFS="font0"/><SP WIDTH="11" VPOS="1895" HPOS="1018"/><String ID="p485_w210" CONTENT="two" HPOS="1029" VPOS="1895" WIDTH="68" HEIGHT="75" STYLEREFS="font0"/><SP WIDTH="11" VPOS="1895" HPOS="1097"/><String ID="p485_w211" CONTENT="nines," HPOS="1108" VPOS="1895" WIDTH="103" HEIGHT="75" STYLEREFS="font0"/></TextLine><TextLine WIDTH="1037" HEIGHT="75" ID="p485_t39" HPOS="174" VPOS="1942"><String ID="p485_w212" CONTENT="which" HPOS="174" VPOS="1942" WIDTH="108" HEIGHT="75" STYLEREFS="font0"/><SP WIDTH="16" VPOS="1942" HPOS="282"/><String ID="p485_w213" CONTENT="makes" HPOS="298" VPOS="1942" WIDTH="109" HEIGHT="75" STYLEREFS="font0"/><SP WIDTH="19" VPOS="1942" HPOS="407"/><String ID="p485_w214" CONTENT="26;" HPOS="426" VPOS="1942" WIDTH="63" HEIGHT="75" STYLEREFS="font0"/><SP WIDTH="25" VPOS="1942" HPOS="489"/><String ID="p485_w215" CONTENT="fo" HPOS="514" VPOS="1942" WIDTH="36" HEIGHT="75" STYLEREFS="font0"/><SP WIDTH="15" VPOS="1942" HPOS="550"/><String ID="p485_w216" CONTENT="fet" HPOS="565" VPOS="1942" WIDTH="47" HEIGHT="75" STYLEREFS="font0"/><SP WIDTH="16" VPOS="1942" HPOS="612"/><String ID="p485_w217" CONTENT="down" HPOS="628" VPOS="1942" WIDTH="95" HEIGHT="75" STYLEREFS="font0"/><SP WIDTH="19" VPOS="1942" HPOS="723"/><String ID="p485_w218" CONTENT="6" HPOS="742" VPOS="1942" WIDTH="21" HEIGHT="75" STYLEREFS="font0"/><SP WIDTH="17" VPOS="1942" HPOS="763"/><String ID="p485_w219" CONTENT="and" HPOS="780" VPOS="1942" WIDTH="62" HEIGHT="75" STYLEREFS="font0"/><SP WIDTH="16" VPOS="1942" HPOS="842"/><String ID="p485_w220" CONTENT="carry" HPOS="858" VPOS="1942" WIDTH="94" HEIGHT="75" STYLEREFS="font0"/><SP WIDTH="16" VPOS="1942" HPOS="952"/><String ID="p485_w221" CONTENT="2." HPOS="968" VPOS="1942" WIDTH="37" HEIGHT="75" STYLEREFS="font0"/><SP WIDTH="58" VPOS="1942" HPOS="1005"/><String ID="p485_w222" CONTENT="Proceed" HPOS="1063" VPOS="1942" WIDTH="148" HEIGHT="75" STYLEREFS="font0"/></TextLine><TextLine WIDTH="499" HEIGHT="75" ID="p485_t40" HPOS="174" VPOS="1988"><String ID="p485_w223" CONTENT="with" HPOS="174" VPOS="1988" WIDTH="81" HEIGHT="75" STYLEREFS="font0"/><SP WIDTH="13" VPOS="1988" HPOS="255"/><String ID="p485_w224" CONTENT="the" HPOS="268" VPOS="1988" WIDTH="54" HEIGHT="75" STYLEREFS="font0"/><SP WIDTH="18" VPOS="1988" HPOS="322"/><String ID="p485_w225" CONTENT="reft" HPOS="340" VPOS="1988" WIDTH="59" HEIGHT="75" STYLEREFS="font0"/><SP WIDTH="17" VPOS="1988" HPOS="399"/><String ID="p485_w226" CONTENT="as" HPOS="416" VPOS="1988" WIDTH="33" HEIGHT="75" STYLEREFS="font0"/><SP WIDTH="17" VPOS="1988" HPOS="449"/><String ID="p485_w227" CONTENT="in" HPOS="466" VPOS="1988" WIDTH="33" HEIGHT="75" STYLEREFS="font0"/><SP WIDTH="16" VPOS="1988" HPOS="499"/><String ID="p485_w228" CONTENT="integers^" HPOS="515" VPOS="1988" WIDTH="158" HEIGHT="75" STYLEREFS="font0"/></TextLine><TextLine WIDTH="988" HEIGHT="75" ID="p485_t41" HPOS="221" VPOS="2035"><String ID="p485_w229" CONTENT="The" HPOS="221" VPOS="2035" WIDTH="77" HEIGHT="75" STYLEREFS="font0"/><SP WIDTH="22" VPOS="2035" HPOS="298"/><String ID="p485_w230" CONTENT="fums," HPOS="320" VPOS="2035" WIDTH="96" HEIGHT="75" STYLEREFS="font0"/><SP WIDTH="24" VPOS="2035" HPOS="416"/><String ID="p485_w231" CONTENT="differences," HPOS="440" VPOS="2035" WIDTH="203" HEIGHT="75" STYLEREFS="font0"/><SP WIDTH="23" VPOS="2035" HPOS="643"/><String ID="p485_w232" CONTENT="and" HPOS="666" VPOS="2035" WIDTH="63" HEIGHT="75" STYLEREFS="font0"/><SP WIDTH="25" VPOS="2035" HPOS="729"/><String ID="p485_w233" CONTENT="produ&amp;s," HPOS="754" VPOS="2035" WIDTH="164" HEIGHT="75" STYLEREFS="font0"/><SP WIDTH="29" VPOS="2035" HPOS="918"/><String ID="p485_w234" CONTENT="of" HPOS="947" VPOS="2035" WIDTH="46" HEIGHT="75" STYLEREFS="font0"/><SP WIDTH="13" VPOS="2035" HPOS="993"/><String ID="p485_w235" CONTENT="interminate" HPOS="1006" VPOS="2035" WIDTH="203" HEIGHT="75" STYLEREFS="font0"/></TextLine><TextLine WIDTH="1032" HEIGHT="75" ID="p485_t42" HPOS="177" VPOS="2083"><String ID="p485_w236" CONTENT="decimals," HPOS="177" VPOS="2083" WIDTH="163" HEIGHT="75" STYLEREFS="font0"/><SP WIDTH="24" VPOS="2083" HPOS="340"/><String ID="p485_w237" CONTENT="are" HPOS="364" VPOS="2083" WIDTH="54" HEIGHT="75" STYLEREFS="font0"/><SP WIDTH="24" VPOS="2083" HPOS="418"/><String ID="p485_w238" CONTENT="always" HPOS="442" VPOS="2083" WIDTH="118" HEIGHT="75" STYLEREFS="font0"/><SP WIDTH="24" VPOS="2083" HPOS="560"/><String ID="p485_w239" CONTENT="interminate," HPOS="584" VPOS="2083" WIDTH="215" HEIGHT="75" STYLEREFS="font0"/><SP WIDTH="23" VPOS="2083" HPOS="799"/><String ID="p485_w240" CONTENT="unlefs" HPOS="822" VPOS="2083" WIDTH="104" HEIGHT="75" STYLEREFS="font0"/><SP WIDTH="18" VPOS="2083" HPOS="926"/><String ID="p485_w241" CONTENT="they" HPOS="944" VPOS="2083" WIDTH="77" HEIGHT="75" STYLEREFS="font0"/><SP WIDTH="24" VPOS="2083" HPOS="1021"/><String ID="p485_w242" CONTENT="end" HPOS="1045" VPOS="2083" WIDTH="64" HEIGHT="75" STYLEREFS="font0"/><SP WIDTH="23" VPOS="2083" HPOS="1109"/><String ID="p485_w243" CONTENT="in" HPOS="1132" VPOS="2083" WIDTH="32" HEIGHT="75" STYLEREFS="font0"/><SP WIDTH="25" VPOS="2083" HPOS="1164"/><String ID="p485_w244" CONTENT="a" HPOS="1189" VPOS="2083" WIDTH="20" HEIGHT="75" STYLEREFS="font0"/></TextLine><TextLine WIDTH="125" HEIGHT="75" ID="p485_t43" HPOS="174" VPOS="2127"><String ID="p485_w245" CONTENT="cipher." HPOS="174" VPOS="2127" WIDTH="125" HEIGHT="75" STYLEREFS="font0"/></TextLine><TextLine WIDTH="987" HEIGHT="75" ID="p485_t44" HPOS="223" VPOS="2175"><String ID="p485_w246" CONTENT="A" HPOS="223" VPOS="2175" WIDTH="35" HEIGHT="75" STYLEREFS="font0"/><SP WIDTH="15" VPOS="2175" HPOS="258"/><String ID="p485_w247" CONTENT="repeating" HPOS="273" VPOS="2175" WIDTH="164" HEIGHT="75" STYLEREFS="font0"/><SP WIDTH="15" VPOS="2175" HPOS="437"/><String ID="p485_w248" CONTENT="digit" HPOS="452" VPOS="2175" WIDTH="82" HEIGHT="75" STYLEREFS="font0"/><SP WIDTH="22" VPOS="2175" HPOS="534"/><String ID="p485_w249" CONTENT="is" HPOS="556" VPOS="2175" WIDTH="29" HEIGHT="75" STYLEREFS="font0"/><SP WIDTH="18" VPOS="2175" HPOS="585"/><String ID="p485_w250" CONTENT="the" HPOS="603" VPOS="2175" WIDTH="56" HEIGHT="75" STYLEREFS="font0"/><SP WIDTH="17" VPOS="2175" HPOS="659"/><String ID="p485_w251" CONTENT="numerator" HPOS="676" VPOS="2175" WIDTH="183" HEIGHT="75" STYLEREFS="font0"/><SP WIDTH="24" VPOS="2175" HPOS="859"/><String ID="p485_w252" CONTENT="of" HPOS="883" VPOS="2175" WIDTH="40" HEIGHT="75" STYLEREFS="font0"/><SP WIDTH="22" VPOS="2175" HPOS="923"/><String ID="p485_w253" CONTENT="a" HPOS="945" VPOS="2175" WIDTH="19" HEIGHT="75" STYLEREFS="font0"/><SP WIDTH="26" VPOS="2175" HPOS="964"/><String ID="p485_w254" CONTENT="vulgar" HPOS="990" VPOS="2175" WIDTH="112" HEIGHT="75" STYLEREFS="font0"/><SP WIDTH="22" VPOS="2175" HPOS="1102"/><String ID="p485_w255" CONTENT="frac-" HPOS="1124" VPOS="2175" WIDTH="86" HEIGHT="75" STYLEREFS="font0"/></TextLine><TextLine WIDTH="1036" HEIGHT="75" ID="p485_t45" HPOS="175" VPOS="2220"><String ID="p485_w256" CONTENT="tion," HPOS="175" VPOS="2220" WIDTH="82" HEIGHT="75" STYLEREFS="font0"/><SP WIDTH="26" VPOS="2220" HPOS="257"/><String ID="p485_w257" CONTENT="whofe" HPOS="283" VPOS="2220" WIDTH="106" HEIGHT="75" STYLEREFS="font0"/><SP WIDTH="15" VPOS="2220" HPOS="389"/><String ID="p485_w258" CONTENT="denominator" HPOS="404" VPOS="2220" WIDTH="223" HEIGHT="75" STYLEREFS="font0"/><SP WIDTH="20" VPOS="2220" HPOS="627"/><String ID="p485_w259" CONTENT="is" HPOS="647" VPOS="2220" WIDTH="29" HEIGHT="75" STYLEREFS="font0"/><SP WIDTH="25" VPOS="2220" HPOS="676"/><String ID="p485_w260" CONTENT="9;" HPOS="701" VPOS="2220" WIDTH="41" HEIGHT="75" STYLEREFS="font0"/><SP WIDTH="26" VPOS="2220" HPOS="742"/><String ID="p485_w261" CONTENT="and" HPOS="768" VPOS="2220" WIDTH="62" HEIGHT="75" STYLEREFS="font0"/><SP WIDTH="16" VPOS="2220" HPOS="830"/><String ID="p485_w262" CONTENT="hence," HPOS="846" VPOS="2220" WIDTH="113" HEIGHT="75" STYLEREFS="font0"/><SP WIDTH="26" VPOS="2220" HPOS="959"/><String ID="p485_w263" CONTENT="in" HPOS="985" VPOS="2220" WIDTH="34" HEIGHT="75" STYLEREFS="font0"/><SP WIDTH="24" VPOS="2220" HPOS="1019"/><String ID="p485_w264" CONTENT="adding" HPOS="1043" VPOS="2220" WIDTH="118" HEIGHT="75" STYLEREFS="font0"/><SP WIDTH="28" VPOS="2220" HPOS="1161"/><String ID="p485_w265" CONTENT="a" HPOS="1189" VPOS="2220" WIDTH="22" HEIGHT="75" STYLEREFS="font0"/></TextLine><TextLine WIDTH="1033" HEIGHT="75" ID="p485_t46" HPOS="176" VPOS="2267"><String ID="p485_w266" CONTENT="column" HPOS="176" VPOS="2267" WIDTH="128" HEIGHT="75" STYLEREFS="font0"/><SP WIDTH="16" VPOS="2267" HPOS="304"/><String ID="p485_w267" CONTENT="of" HPOS="320" VPOS="2267" WIDTH="41" HEIGHT="75" STYLEREFS="font0"/><SP WIDTH="10" VPOS="2267" HPOS="361"/><String ID="p485_w268" CONTENT="repeating" HPOS="371" VPOS="2267" WIDTH="163" HEIGHT="75" STYLEREFS="font0"/><SP WIDTH="16" VPOS="2267" HPOS="534"/><String ID="p485_w269" CONTENT="digits," HPOS="550" VPOS="2267" WIDTH="112" HEIGHT="75" STYLEREFS="font0"/><SP WIDTH="23" VPOS="2267" HPOS="662"/><String ID="p485_w270" CONTENT="every" HPOS="685" VPOS="2267" WIDTH="97" HEIGHT="75" STYLEREFS="font0"/><SP WIDTH="19" VPOS="2267" HPOS="782"/><String ID="p485_w271" CONTENT="9" HPOS="801" VPOS="2267" WIDTH="20" HEIGHT="75" STYLEREFS="font0"/><SP WIDTH="18" VPOS="2267" HPOS="821"/><String ID="p485_w272" CONTENT="of" HPOS="839" VPOS="2267" WIDTH="40" HEIGHT="75" STYLEREFS="font0"/><SP WIDTH="18" VPOS="2267" HPOS="879"/><String ID="p485_w273" CONTENT="the:fum" HPOS="897" VPOS="2267" WIDTH="141" HEIGHT="75" STYLEREFS="font0"/><SP WIDTH="23" VPOS="2267" HPOS="1038"/><String ID="p485_w274" CONTENT="is" HPOS="1061" VPOS="2267" WIDTH="27" HEIGHT="75" STYLEREFS="font0"/><SP WIDTH="19" VPOS="2267" HPOS="1088"/><String ID="p485_w275" CONTENT="f," HPOS="1107" VPOS="2267" WIDTH="37" HEIGHT="75" STYLEREFS="font0"/><SP WIDTH="25" VPOS="2267" HPOS="1144"/><String ID="p485_w276" CONTENT="or" HPOS="1169" VPOS="2267" WIDTH="40" HEIGHT="75" STYLEREFS="font0"/></TextLine><TextLine WIDTH="1035" HEIGHT="75" ID="p485_t47" HPOS="175" VPOS="2315"><String ID="p485_w277" CONTENT="an" HPOS="175" VPOS="2315" WIDTH="41" HEIGHT="75" STYLEREFS="font0"/><SP WIDTH="16" VPOS="2315" HPOS="216"/><String ID="p485_w278" CONTENT="unit," HPOS="232" VPOS="2315" WIDTH="82" HEIGHT="75" STYLEREFS="font0"/><SP WIDTH="25" VPOS="2315" HPOS="314"/><String ID="p485_w279" CONTENT="to" HPOS="339" VPOS="2315" WIDTH="36" HEIGHT="75" STYLEREFS="font0"/><SP WIDTH="16" VPOS="2315" HPOS="375"/><String ID="p485_w280" CONTENT="be" HPOS="391" VPOS="2315" WIDTH="41" HEIGHT="75" STYLEREFS="font0"/><SP WIDTH="15" VPOS="2315" HPOS="432"/><String ID="p485_w281" CONTENT="carried" HPOS="447" VPOS="2315" WIDTH="123" HEIGHT="75" STYLEREFS="font0"/><SP WIDTH="14" VPOS="2315" HPOS="570"/><String ID="p485_w282" CONTENT=";" HPOS="584" VPOS="2315" WIDTH="11" HEIGHT="75" STYLEREFS="font0"/><SP WIDTH="27" VPOS="2315" HPOS="595"/><String ID="p485_w283" CONTENT="and" HPOS="622" VPOS="2315" WIDTH="61" HEIGHT="75" STYLEREFS="font0"/><SP WIDTH="22" VPOS="2315" HPOS="683"/><String ID="p485_w284" CONTENT="what" HPOS="705" VPOS="2315" WIDTH="87" HEIGHT="75" STYLEREFS="font0"/><SP WIDTH="24" VPOS="2315" HPOS="792"/><String ID="p485_w285" CONTENT="is" HPOS="816" VPOS="2315" WIDTH="29" HEIGHT="75" STYLEREFS="font0"/><SP WIDTH="23" VPOS="2315" HPOS="845"/><String ID="p485_w286" CONTENT="over" HPOS="868" VPOS="2315" WIDTH="75" HEIGHT="75" STYLEREFS="font0"/><SP WIDTH="17" VPOS="2315" HPOS="943"/><String ID="p485_w287" CONTENT="a" HPOS="960" VPOS="2315" WIDTH="19" HEIGHT="75" STYLEREFS="font0"/><SP WIDTH="11" VPOS="2315" HPOS="979"/><String ID="p485_w288" CONTENT="juft" HPOS="990" VPOS="2315" WIDTH="65" HEIGHT="75" STYLEREFS="font0"/><SP WIDTH="18" VPOS="2315" HPOS="1055"/><String ID="p485_w289" CONTENT="number" HPOS="1073" VPOS="2315" WIDTH="137" HEIGHT="75" STYLEREFS="font0"/></TextLine><TextLine WIDTH="576" HEIGHT="75" ID="p485_t48" HPOS="174" VPOS="2363"><String ID="p485_w290" CONTENT="of" HPOS="174" VPOS="2363" WIDTH="41" HEIGHT="75" STYLEREFS="font0"/><SP WIDTH="11" VPOS="2363" HPOS="215"/><String ID="p485_w291" CONTENT="nines" HPOS="226" VPOS="2363" WIDTH="88" HEIGHT="75" STYLEREFS="font0"/><SP WIDTH="21" VPOS="2363" HPOS="314"/><String ID="p485_w292" CONTENT="is" HPOS="335" VPOS="2363" WIDTH="28" HEIGHT="75" STYLEREFS="font0"/><SP WIDTH="15" VPOS="2363" HPOS="363"/><String ID="p485_w293" CONTENT="fo" HPOS="378" VPOS="2363" WIDTH="36" HEIGHT="75" STYLEREFS="font0"/><SP WIDTH="15" VPOS="2363" HPOS="414"/><String ID="p485_w294" CONTENT="many" HPOS="429" VPOS="2363" WIDTH="96" HEIGHT="75" STYLEREFS="font0"/><SP WIDTH="15" VPOS="2363" HPOS="525"/><String ID="p485_w295" CONTENT="ninth-parts." HPOS="540" VPOS="2363" WIDTH="210" HEIGHT="75" STYLEREFS="font0"/></TextLine><TextLine WIDTH="981" HEIGHT="75" ID="p485_t49" HPOS="222" VPOS="2407"><String ID="p485_w296" CONTENT="Or," HPOS="222" VPOS="2407" WIDTH="62" HEIGHT="75" STYLEREFS="font0"/><SP WIDTH="25" VPOS="2407" HPOS="284"/><String ID="p485_w297" CONTENT="if" HPOS="309" VPOS="2407" WIDTH="33" HEIGHT="75" STYLEREFS="font0"/><SP WIDTH="9" VPOS="2407" HPOS="342"/><String ID="p485_w298" CONTENT="to" HPOS="351" VPOS="2407" WIDTH="36" HEIGHT="75" STYLEREFS="font0"/><SP WIDTH="15" VPOS="2407" HPOS="387"/><String ID="p485_w299" CONTENT="the" HPOS="402" VPOS="2407" WIDTH="56" HEIGHT="75" STYLEREFS="font0"/><SP WIDTH="16" VPOS="2407" HPOS="458"/><String ID="p485_w300" CONTENT="fum" HPOS="474" VPOS="2407" WIDTH="67" HEIGHT="75" STYLEREFS="font0"/><SP WIDTH="17" VPOS="2407" HPOS="541"/><String ID="p485_w301" CONTENT="of" HPOS="558" VPOS="2407" WIDTH="40" HEIGHT="75" STYLEREFS="font0"/><SP WIDTH="11" VPOS="2407" HPOS="598"/><String ID="p485_w302" CONTENT="a" HPOS="609" VPOS="2407" WIDTH="19" HEIGHT="75" STYLEREFS="font0"/><SP WIDTH="15" VPOS="2407" HPOS="628"/><String ID="p485_w303" CONTENT="column" HPOS="643" VPOS="2407" WIDTH="129" HEIGHT="75" STYLEREFS="font0"/><SP WIDTH="23" VPOS="2407" HPOS="772"/><String ID="p485_w304" CONTENT="of" HPOS="795" VPOS="2407" WIDTH="44" HEIGHT="75" STYLEREFS="font0"/><SP WIDTH="19" VPOS="2407" HPOS="839"/><String ID="p485_w305" CONTENT="repeating" HPOS="858" VPOS="2407" WIDTH="169" HEIGHT="75" STYLEREFS="font0"/><SP WIDTH="22" VPOS="2407" HPOS="1027"/><String ID="p485_w306" CONTENT="digits," HPOS="1049" VPOS="2407" WIDTH="110" HEIGHT="75" STYLEREFS="font0"/><SP WIDTH="31" VPOS="2407" HPOS="1159"/><String ID="p485_w307" CONTENT="1" HPOS="1190" VPOS="2407" WIDTH="13" HEIGHT="75" STYLEREFS="font0"/></TextLine><TextLine WIDTH="1035" HEIGHT="75" ID="p485_t50" HPOS="175" VPOS="2454"><String ID="p485_w308" CONTENT="for" HPOS="175" VPOS="2454" WIDTH="52" HEIGHT="75" STYLEREFS="font0"/><SP WIDTH="14" VPOS="2454" HPOS="227"/><String ID="p485_w309" CONTENT="every" HPOS="241" VPOS="2454" WIDTH="98" HEIGHT="75" STYLEREFS="font0"/><SP WIDTH="13" VPOS="2454" HPOS="339"/><String ID="p485_w310" CONTENT="9" HPOS="352" VPOS="2454" WIDTH="21" HEIGHT="75" STYLEREFS="font0"/><SP WIDTH="17" VPOS="2454" HPOS="373"/><String ID="p485_w311" CONTENT="contained" HPOS="390" VPOS="2454" WIDTH="170" HEIGHT="75" STYLEREFS="font0"/><SP WIDTH="11" VPOS="2454" HPOS="560"/><String ID="p485_w312" CONTENT="in" HPOS="571" VPOS="2454" WIDTH="31" HEIGHT="75" STYLEREFS="font0"/><SP WIDTH="12" VPOS="2454" HPOS="602"/><String ID="p485_w313" CONTENT="it" HPOS="614" VPOS="2454" WIDTH="26" HEIGHT="75" STYLEREFS="font0"/><SP WIDTH="16" VPOS="2454" HPOS="640"/><String ID="p485_w314" CONTENT="be" HPOS="656" VPOS="2454" WIDTH="39" HEIGHT="75" STYLEREFS="font0"/><SP WIDTH="13" VPOS="2454" HPOS="695"/><String ID="p485_w315" CONTENT="added," HPOS="708" VPOS="2454" WIDTH="117" HEIGHT="75" STYLEREFS="font0"/><SP WIDTH="24" VPOS="2454" HPOS="825"/><String ID="p485_w316" CONTENT="we" HPOS="849" VPOS="2454" WIDTH="50" HEIGHT="75" STYLEREFS="font0"/><SP WIDTH="16" VPOS="2454" HPOS="899"/><String ID="p485_w317" CONTENT="then" HPOS="915" VPOS="2454" WIDTH="77" HEIGHT="75" STYLEREFS="font0"/><SP WIDTH="16" VPOS="2454" HPOS="992"/><String ID="p485_w318" CONTENT="carry" HPOS="1008" VPOS="2454" WIDTH="93" HEIGHT="75" STYLEREFS="font0"/><SP WIDTH="21" VPOS="2454" HPOS="1101"/><String ID="p485_w319" CONTENT="1" HPOS="1122" VPOS="2454" WIDTH="13" HEIGHT="75" STYLEREFS="font0"/><SP WIDTH="21" VPOS="2454" HPOS="1135"/><String ID="p485_w320" CONTENT="for" HPOS="1156" VPOS="2454" WIDTH="54" HEIGHT="75" STYLEREFS="font0"/></TextLine><TextLine WIDTH="1032" HEIGHT="75" ID="p485_t51" HPOS="177" VPOS="2501"><String ID="p485_w321" CONTENT="every" HPOS="177" VPOS="2501" WIDTH="95" HEIGHT="75" STYLEREFS="font0"/><SP WIDTH="16" VPOS="2501" HPOS="272"/><String ID="p485_w322" CONTENT="ten;" HPOS="288" VPOS="2501" WIDTH="76" HEIGHT="75" STYLEREFS="font0"/><SP WIDTH="26" VPOS="2501" HPOS="364"/><String ID="p485_w323" CONTENT="but" HPOS="390" VPOS="2501" WIDTH="58" HEIGHT="75" STYLEREFS="font0"/><SP WIDTH="16" VPOS="2501" HPOS="448"/><String ID="p485_w324" CONTENT="what" HPOS="464" VPOS="2501" WIDTH="85" HEIGHT="75" STYLEREFS="font0"/><SP WIDTH="17" VPOS="2501" HPOS="549"/><String ID="p485_w325" CONTENT="is" HPOS="566" VPOS="2501" WIDTH="26" HEIGHT="75" STYLEREFS="font0"/><SP WIDTH="17" VPOS="2501" HPOS="592"/><String ID="p485_w326" CONTENT="over" HPOS="609" VPOS="2501" WIDTH="77" HEIGHT="75" STYLEREFS="font0"/><SP WIDTH="26" VPOS="2501" HPOS="686"/><String ID="p485_w327" CONTENT="a" HPOS="712" VPOS="2501" WIDTH="20" HEIGHT="75" STYLEREFS="font0"/><SP WIDTH="22" VPOS="2501" HPOS="732"/><String ID="p485_w328" CONTENT="juft" HPOS="754" VPOS="2501" WIDTH="64" HEIGHT="75" STYLEREFS="font0"/><SP WIDTH="17" VPOS="2501" HPOS="818"/><String ID="p485_w329" CONTENT="number" HPOS="835" VPOS="2501" WIDTH="134" HEIGHT="75" STYLEREFS="font0"/><SP WIDTH="21" VPOS="2501" HPOS="969"/><String ID="p485_w330" CONTENT="of" HPOS="990" VPOS="2501" WIDTH="40" HEIGHT="75" STYLEREFS="font0"/><SP WIDTH="22" VPOS="2501" HPOS="1030"/><String ID="p485_w331" CONTENT="tens" HPOS="1052" VPOS="2501" WIDTH="72" HEIGHT="75" STYLEREFS="font0"/><SP WIDTH="16" VPOS="2501" HPOS="1124"/><String ID="p485_w332" CONTENT="will" HPOS="1140" VPOS="2501" WIDTH="69" HEIGHT="75" STYLEREFS="font0"/></TextLine><TextLine WIDTH="575" HEIGHT="75" ID="p485_t52" HPOS="174" VPOS="2547"><String ID="p485_w333" CONTENT="ftill" HPOS="174" VPOS="2547" WIDTH="61" HEIGHT="75" STYLEREFS="font0"/><SP WIDTH="12" VPOS="2547" HPOS="235"/><String ID="p485_w334" CONTENT="continue" HPOS="247" VPOS="2547" WIDTH="158" HEIGHT="75" STYLEREFS="font0"/><SP WIDTH="22" VPOS="2547" HPOS="405"/><String ID="p485_w335" CONTENT="to" HPOS="427" VPOS="2547" WIDTH="34" HEIGHT="75" STYLEREFS="font0"/><SP WIDTH="23" VPOS="2547" HPOS="461"/><String ID="p485_w336" CONTENT="be" HPOS="484" VPOS="2547" WIDTH="39" HEIGHT="75" STYLEREFS="font0"/><SP WIDTH="17" VPOS="2547" HPOS="523"/><String ID="p485_w337" CONTENT="ninth-parts." HPOS="540" VPOS="2547" WIDTH="209" HEIGHT="75" STYLEREFS="font0"/></TextLine><TextLine WIDTH="989" HEIGHT="75" ID="p485_t53" HPOS="221" VPOS="2594"><String ID="p485_w338" CONTENT="If" HPOS="221" VPOS="2594" WIDTH="39" HEIGHT="75" STYLEREFS="font0"/><SP WIDTH="17" VPOS="2594" HPOS="260"/><String ID="p485_w339" CONTENT="in" HPOS="277" VPOS="2594" WIDTH="33" HEIGHT="75" STYLEREFS="font0"/><SP WIDTH="24" VPOS="2594" HPOS="310"/><String ID="p485_w340" CONTENT="any." HPOS="334" VPOS="2594" WIDTH="71" HEIGHT="75" STYLEREFS="font0"/><SP WIDTH="15" VPOS="2594" HPOS="405"/><String ID="p485_w341" CONTENT="example" HPOS="420" VPOS="2594" WIDTH="147" HEIGHT="75" STYLEREFS="font0"/><SP WIDTH="27" VPOS="2594" HPOS="567"/><String ID="p485_w342" CONTENT="the" HPOS="594" VPOS="2594" WIDTH="55" HEIGHT="75" STYLEREFS="font0"/><SP WIDTH="30" VPOS="2594" HPOS="649"/><String ID="p485_w343" CONTENT="repeating" HPOS="679" VPOS="2594" WIDTH="165" HEIGHT="75" STYLEREFS="font0"/><SP WIDTH="26" VPOS="2594" HPOS="844"/><String ID="p485_w344" CONTENT="figures" HPOS="870" VPOS="2594" WIDTH="116" HEIGHT="75" STYLEREFS="font0"/><SP WIDTH="26" VPOS="2594" HPOS="986"/><String ID="p485_w345" CONTENT="happen" HPOS="1012" VPOS="2594" WIDTH="126" HEIGHT="75" STYLEREFS="font0"/><SP WIDTH="27" VPOS="2594" HPOS="1138"/><String ID="p485_w346" CONTENT="all" HPOS="1165" VPOS="2594" WIDTH="45" HEIGHT="75" STYLEREFS="font0"/></TextLine><TextLine WIDTH="1033" HEIGHT="75" ID="p485_t54" HPOS="176" VPOS="2642"><String ID="p485_w347" CONTENT="to" HPOS="176" VPOS="2642" WIDTH="35" HEIGHT="75" STYLEREFS="font0"/><SP WIDTH="16" VPOS="2642" HPOS="211"/><String ID="p485_w348" CONTENT="be" HPOS="227" VPOS="2642" WIDTH="40" HEIGHT="75" STYLEREFS="font0"/><SP WIDTH="26" VPOS="2642" HPOS="267"/><String ID="p485_w349" CONTENT="reiterated," HPOS="293" VPOS="2642" WIDTH="182" HEIGHT="75" STYLEREFS="font0"/><SP WIDTH="26" VPOS="2642" HPOS="475"/><String ID="p485_w350" CONTENT="the" HPOS="501" VPOS="2642" WIDTH="55" HEIGHT="75" STYLEREFS="font0"/><SP WIDTH="24" VPOS="2642" HPOS="556"/><String ID="p485_w351" CONTENT="carriage" HPOS="580" VPOS="2642" WIDTH="140" HEIGHT="75" STYLEREFS="font0"/><SP WIDTH="27" VPOS="2642" HPOS="720"/><String ID="p485_w352" CONTENT="from" HPOS="747" VPOS="2642" WIDTH="85" HEIGHT="75" STYLEREFS="font0"/><SP WIDTH="28" VPOS="2642" HPOS="832"/><String ID="p485_w353" CONTENT="the" HPOS="860" VPOS="2642" WIDTH="55" HEIGHT="75" STYLEREFS="font0"/><SP WIDTH="23" VPOS="2642" HPOS="915"/><String ID="p485_w354" CONTENT="right-hand" HPOS="938" VPOS="2642" WIDTH="189" HEIGHT="75" STYLEREFS="font0"/><SP WIDTH="27" VPOS="2642" HPOS="1127"/><String ID="p485_w355" CONTENT="co-" HPOS="1154" VPOS="2642" WIDTH="55" HEIGHT="75" STYLEREFS="font0"/></TextLine><TextLine WIDTH="1035" HEIGHT="75" ID="p485_t55" HPOS="173" VPOS="2688"><String ID="p485_w356" CONTENT="lumn" HPOS="173" VPOS="2688" WIDTH="88" HEIGHT="75" STYLEREFS="font0"/><SP WIDTH="18" VPOS="2688" HPOS="261"/><String ID="p485_w357" CONTENT="adjufts" HPOS="279" VPOS="2688" WIDTH="117" HEIGHT="75" STYLEREFS="font0"/><SP WIDTH="18" VPOS="2688" HPOS="396"/><String ID="p485_w358" CONTENT="the" HPOS="414" VPOS="2688" WIDTH="55" HEIGHT="75" STYLEREFS="font0"/><SP WIDTH="17" VPOS="2688" HPOS="469"/><String ID="p485_w359" CONTENT="column" HPOS="486" VPOS="2688" WIDTH="127" HEIGHT="75" STYLEREFS="font0"/><SP WIDTH="16" VPOS="2688" HPOS="613"/><String ID="p485_w360" CONTENT="on" HPOS="629" VPOS="2688" WIDTH="42" HEIGHT="75" STYLEREFS="font0"/><SP WIDTH="16" VPOS="2688" HPOS="671"/><String ID="p485_w361" CONTENT="the" HPOS="687" VPOS="2688" WIDTH="55" HEIGHT="75" STYLEREFS="font0"/><SP WIDTH="17" VPOS="2688" HPOS="742"/><String ID="p485_w362" CONTENT="left," HPOS="759" VPOS="2688" WIDTH="73" HEIGHT="75" STYLEREFS="font0"/><SP WIDTH="25" VPOS="2688" HPOS="832"/><String ID="p485_w363" CONTENT="or" HPOS="857" VPOS="2688" WIDTH="37" HEIGHT="75" STYLEREFS="font0"/><SP WIDTH="16" VPOS="2688" HPOS="894"/><String ID="p485_w364" CONTENT="makes" HPOS="910" VPOS="2688" WIDTH="109" HEIGHT="75" STYLEREFS="font0"/><SP WIDTH="16" VPOS="2688" HPOS="1019"/><String ID="p485_w365" CONTENT="every" HPOS="1035" VPOS="2688" WIDTH="98" HEIGHT="75" STYLEREFS="font0"/><SP WIDTH="19" VPOS="2688" HPOS="1133"/><String ID="p485_w366" CONTENT="ten" HPOS="1152" VPOS="2688" WIDTH="56" HEIGHT="75" STYLEREFS="font0"/></TextLine><TextLine WIDTH="1031" HEIGHT="75" ID="p485_t56" HPOS="174" VPOS="2734"><String ID="p485_w367" CONTENT="of" HPOS="174" VPOS="2734" WIDTH="40" HEIGHT="75" STYLEREFS="font0"/><SP WIDTH="11" VPOS="2734" HPOS="214"/><String ID="p485_w368" CONTENT="them" HPOS="225" VPOS="2734" WIDTH="88" HEIGHT="75" STYLEREFS="font0"/><SP WIDTH="17" VPOS="2734" HPOS="313"/><String ID="p485_w369" CONTENT="equal" HPOS="330" VPOS="2734" WIDTH="96" HEIGHT="75" STYLEREFS="font0"/><SP WIDTH="16" VPOS="2734" HPOS="426"/><String ID="p485_w370" CONTENT="to" HPOS="442" VPOS="2734" WIDTH="36" HEIGHT="75" STYLEREFS="font0"/><SP WIDTH="20" VPOS="2734" HPOS="478"/><String ID="p485_w371" CONTENT="an" HPOS="498" VPOS="2734" WIDTH="39" HEIGHT="75" STYLEREFS="font0"/><SP WIDTH="16" VPOS="2734" HPOS="537"/><String ID="p485_w372" CONTENT="unit" HPOS="553" VPOS="2734" WIDTH="69" HEIGHT="75" STYLEREFS="font0"/><SP WIDTH="25" VPOS="2734" HPOS="622"/><String ID="p485_w373" CONTENT="of" HPOS="647" VPOS="2734" WIDTH="41" HEIGHT="75" STYLEREFS="font0"/><SP WIDTH="17" VPOS="2734" HPOS="688"/><String ID="p485_w374" CONTENT="the" HPOS="705" VPOS="2734" WIDTH="56" HEIGHT="75" STYLEREFS="font0"/><SP WIDTH="28" VPOS="2734" HPOS="761"/><String ID="p485_w375" CONTENT="next" HPOS="789" VPOS="2734" WIDTH="79" HEIGHT="75" STYLEREFS="font0"/><SP WIDTH="28" VPOS="2734" HPOS="868"/><String ID="p485_w376" CONTENT="fuperior" HPOS="896" VPOS="2734" WIDTH="141" HEIGHT="75" STYLEREFS="font0"/><SP WIDTH="27" VPOS="2734" HPOS="1037"/><String ID="p485_w377" CONTENT="column," HPOS="1064" VPOS="2734" WIDTH="141" HEIGHT="75" STYLEREFS="font0"/></TextLine><TextLine WIDTH="1030" HEIGHT="75" ID="p485_t57" HPOS="175" VPOS="2781"><String ID="p485_w378" CONTENT="tbr." HPOS="175" VPOS="2781" WIDTH="63" HEIGHT="75" STYLEREFS="font0"/><SP WIDTH="49" VPOS="2781" HPOS="238"/><String ID="p485_w379" CONTENT="Thus," HPOS="287" VPOS="2781" WIDTH="110" HEIGHT="75" STYLEREFS="font0"/><SP WIDTH="25" VPOS="2781" HPOS="397"/><String ID="p485_w380" CONTENT="if" HPOS="422" VPOS="2781" WIDTH="31" HEIGHT="75" STYLEREFS="font0"/><SP WIDTH="13" VPOS="2781" HPOS="453"/><String ID="p485_w381" CONTENT="we" HPOS="466" VPOS="2781" WIDTH="47" HEIGHT="75" STYLEREFS="font0"/><SP WIDTH="16" VPOS="2781" HPOS="513"/><String ID="p485_w382" CONTENT="imagine" HPOS="529" VPOS="2781" WIDTH="138" HEIGHT="75" STYLEREFS="font0"/><SP WIDTH="16" VPOS="2781" HPOS="667"/><String ID="p485_w383" CONTENT="a" HPOS="683" VPOS="2781" WIDTH="19" HEIGHT="75" STYLEREFS="font0"/><SP WIDTH="16" VPOS="2781" HPOS="702"/><String ID="p485_w384" CONTENT="column" HPOS="718" VPOS="2781" WIDTH="127" HEIGHT="75" STYLEREFS="font0"/><SP WIDTH="18" VPOS="2781" HPOS="845"/><String ID="p485_w385" CONTENT="of" HPOS="863" VPOS="2781" WIDTH="38" HEIGHT="75" STYLEREFS="font0"/><SP WIDTH="14" VPOS="2781" HPOS="901"/><String ID="p485_w386" CONTENT="the" HPOS="915" VPOS="2781" WIDTH="54" HEIGHT="75" STYLEREFS="font0"/><SP WIDTH="18" VPOS="2781" HPOS="969"/><String ID="p485_w387" CONTENT="repeating" HPOS="987" VPOS="2781" WIDTH="164" HEIGHT="75" STYLEREFS="font0"/><SP WIDTH="16" VPOS="2781" HPOS="1151"/><String ID="p485_w388" CONTENT="fi-" HPOS="1167" VPOS="2781" WIDTH="38" HEIGHT="75" STYLEREFS="font0"/></TextLine><TextLine WIDTH="1033" HEIGHT="75" ID="p485_t58" HPOS="172" VPOS="2828"><String ID="p485_w389" CONTENT="gures" HPOS="172" VPOS="2828" WIDTH="94" HEIGHT="75" STYLEREFS="font0"/><SP WIDTH="19" VPOS="2828" HPOS="266"/><String ID="p485_w390" CONTENT="reiterated" HPOS="285" VPOS="2828" WIDTH="173" HEIGHT="75" STYLEREFS="font0"/><SP WIDTH="14" VPOS="2828" HPOS="458"/><String ID="p485_w391" CONTENT="on" HPOS="472" VPOS="2828" WIDTH="43" HEIGHT="75" STYLEREFS="font0"/><SP WIDTH="25" VPOS="2828" HPOS="515"/><String ID="p485_w392" CONTENT="the" HPOS="540" VPOS="2828" WIDTH="56" HEIGHT="75" STYLEREFS="font0"/><SP WIDTH="16" VPOS="2828" HPOS="596"/><String ID="p485_w393" CONTENT="right" HPOS="612" VPOS="2828" WIDTH="85" HEIGHT="75" STYLEREFS="font0"/><SP WIDTH="23" VPOS="2828" HPOS="697"/><String ID="p485_w394" CONTENT="of" HPOS="720" VPOS="2828" WIDTH="41" HEIGHT="75" STYLEREFS="font0"/><SP WIDTH="23" VPOS="2828" HPOS="761"/><String ID="p485_w395" CONTENT="any" HPOS="784" VPOS="2828" WIDTH="61" HEIGHT="75" STYLEREFS="font0"/><SP WIDTH="24" VPOS="2828" HPOS="845"/><String ID="p485_w396" CONTENT="example," HPOS="869" VPOS="2828" WIDTH="159" HEIGHT="75" STYLEREFS="font0"/><SP WIDTH="27" VPOS="2828" HPOS="1028"/><String ID="p485_w397" CONTENT="the" HPOS="1055" VPOS="2828" WIDTH="56" HEIGHT="75" STYLEREFS="font0"/><SP WIDTH="24" VPOS="2828" HPOS="1111"/><String ID="p485_w398" CONTENT="car-" HPOS="1135" VPOS="2828" WIDTH="70" HEIGHT="75" STYLEREFS="font0"/></TextLine><TextLine WIDTH="1034" HEIGHT="75" ID="p485_t59" HPOS="172" VPOS="2874"><String ID="p485_w399" CONTENT="riage" HPOS="172" VPOS="2874" WIDTH="88" HEIGHT="75" STYLEREFS="font0"/><SP WIDTH="16" VPOS="2874" HPOS="260"/><String ID="p485_w400" CONTENT="from" HPOS="276" VPOS="2874" WIDTH="86" HEIGHT="75" STYLEREFS="font0"/><SP WIDTH="18" VPOS="2874" HPOS="362"/><String ID="p485_w401" CONTENT="it" HPOS="380" VPOS="2874" WIDTH="28" HEIGHT="75" STYLEREFS="font0"/><SP WIDTH="15" VPOS="2874" HPOS="408"/><String ID="p485_w402" CONTENT="would" HPOS="423" VPOS="2874" WIDTH="109" HEIGHT="75" STYLEREFS="font0"/><SP WIDTH="16" VPOS="2874" HPOS="532"/><String ID="p485_w403" CONTENT="adjuft" HPOS="548" VPOS="2874" WIDTH="102" HEIGHT="75" STYLEREFS="font0"/><SP WIDTH="15" VPOS="2874" HPOS="650"/><String ID="p485_w404" CONTENT="the" HPOS="665" VPOS="2874" WIDTH="56" HEIGHT="75" STYLEREFS="font0"/><SP WIDTH="20" VPOS="2874" HPOS="721"/><String ID="p485_w405" CONTENT="right-hand" HPOS="741" VPOS="2874" WIDTH="190" HEIGHT="75" STYLEREFS="font0"/><SP WIDTH="17" VPOS="2874" HPOS="931"/><String ID="p485_w406" CONTENT="column" HPOS="948" VPOS="2874" WIDTH="127" HEIGHT="75" STYLEREFS="font0"/><SP WIDTH="16" VPOS="2874" HPOS="1075"/><String ID="p485_w407" CONTENT="of" HPOS="1091" VPOS="2874" WIDTH="41" HEIGHT="75" STYLEREFS="font0"/><SP WIDTH="18" VPOS="2874" HPOS="1132"/><String ID="p485_w408" CONTENT="the" HPOS="1150" VPOS="2874" WIDTH="56" HEIGHT="75" STYLEREFS="font0"/></TextLine><TextLine WIDTH="160" HEIGHT="75" ID="p485_t60" HPOS="173" VPOS="2921"><String ID="p485_w409" CONTENT="example." HPOS="173" VPOS="2921" WIDTH="160" HEIGHT="75" STYLEREFS="font0"/></TextLine><TextLine WIDTH="985" HEIGHT="75" ID="p485_t61" HPOS="220" VPOS="2967"><String ID="p485_w410" CONTENT="Rule" HPOS="220" VPOS="2967" WIDTH="110" HEIGHT="75" STYLEREFS="font0"/><SP WIDTH="19" VPOS="2967" HPOS="330"/><String ID="p485_w411" CONTENT="III." HPOS="349" VPOS="2967" WIDTH="66" HEIGHT="75" STYLEREFS="font0"/><SP WIDTH="49" VPOS="2967" HPOS="415"/><String ID="p485_w412" CONTENT="When" HPOS="464" VPOS="2967" WIDTH="112" HEIGHT="75" STYLEREFS="font0"/><SP WIDTH="18" VPOS="2967" HPOS="576"/><String ID="p485_w413" CONTENT="all" HPOS="594" VPOS="2967" WIDTH="42" HEIGHT="75" STYLEREFS="font0"/><SP WIDTH="17" VPOS="2967" HPOS="636"/><String ID="p485_w414" CONTENT="or" HPOS="653" VPOS="2967" WIDTH="38" HEIGHT="75" STYLEREFS="font0"/><SP WIDTH="16" VPOS="2967" HPOS="691"/><String ID="p485_w415" CONTENT="any" HPOS="707" VPOS="2967" WIDTH="63" HEIGHT="75" STYLEREFS="font0"/><SP WIDTH="23" VPOS="2967" HPOS="770"/><String ID="p485_w416" CONTENT="of" HPOS="793" VPOS="2967" WIDTH="41" HEIGHT="75" STYLEREFS="font0"/><SP WIDTH="18" VPOS="2967" HPOS="834"/><String ID="p485_w417" CONTENT="the" HPOS="852" VPOS="2967" WIDTH="56" HEIGHT="75" STYLEREFS="font0"/><SP WIDTH="25" VPOS="2967" HPOS="908"/><String ID="p485_w418" CONTENT="given" HPOS="933" VPOS="2967" WIDTH="92" HEIGHT="75" STYLEREFS="font0"/><SP WIDTH="27" VPOS="2967" HPOS="1025"/><String ID="p485_w419" CONTENT="decimals" HPOS="1052" VPOS="2967" WIDTH="153" HEIGHT="75" STYLEREFS="font0"/></TextLine><TextLine WIDTH="1033" HEIGHT="75" ID="p485_t62" HPOS="172" VPOS="3015"><String ID="p485_w420" CONTENT="are" HPOS="172" VPOS="3015" WIDTH="54" HEIGHT="75" STYLEREFS="font0"/><SP WIDTH="19" VPOS="3015" HPOS="226"/><String ID="p485_w421" CONTENT="circulates," HPOS="245" VPOS="3015" WIDTH="180" HEIGHT="75" STYLEREFS="font0"/><SP WIDTH="17" VPOS="3015" HPOS="425"/><String ID="p485_w422" CONTENT="make" HPOS="442" VPOS="3015" WIDTH="93" HEIGHT="75" STYLEREFS="font0"/><SP WIDTH="16" VPOS="3015" HPOS="535"/><String ID="p485_w423" CONTENT="all" HPOS="551" VPOS="3015" WIDTH="42" HEIGHT="75" STYLEREFS="font0"/><SP WIDTH="17" VPOS="3015" HPOS="593"/><String ID="p485_w424" CONTENT="the" HPOS="610" VPOS="3015" WIDTH="56" HEIGHT="75" STYLEREFS="font0"/><SP WIDTH="16" VPOS="3015" HPOS="666"/><String ID="p485_w425" CONTENT="circles" HPOS="682" VPOS="3015" WIDTH="110" HEIGHT="75" STYLEREFS="font0"/><SP WIDTH="14" VPOS="3015" HPOS="792"/><String ID="p485_w426" CONTENT="conterminous," HPOS="806" VPOS="3015" WIDTH="249" HEIGHT="75" STYLEREFS="font0"/><SP WIDTH="18" VPOS="3015" HPOS="1055"/><String ID="p485_w427" CONTENT="find" HPOS="1073" VPOS="3015" WIDTH="64" HEIGHT="75" STYLEREFS="font0"/><SP WIDTH="13" VPOS="3015" HPOS="1137"/><String ID="p485_w428" CONTENT="the" HPOS="1150" VPOS="3015" WIDTH="55" HEIGHT="75" STYLEREFS="font0"/></TextLine><TextLine WIDTH="1034" HEIGHT="75" ID="p485_t63" HPOS="171" VPOS="3062"><String ID="p485_w429" CONTENT="number" HPOS="171" VPOS="3062" WIDTH="134" HEIGHT="75" STYLEREFS="font0"/><SP WIDTH="15" VPOS="3062" HPOS="305"/><String ID="p485_w430" CONTENT="of" HPOS="320" VPOS="3062" WIDTH="40" HEIGHT="75" STYLEREFS="font0"/><SP WIDTH="10" VPOS="3062" HPOS="360"/><String ID="p485_w431" CONTENT="tens" HPOS="370" VPOS="3062" WIDTH="71" HEIGHT="75" STYLEREFS="font0"/><SP WIDTH="17" VPOS="3062" HPOS="441"/><String ID="p485_w432" CONTENT="to" HPOS="458" VPOS="3062" WIDTH="35" HEIGHT="75" STYLEREFS="font0"/><SP WIDTH="16" VPOS="3062" HPOS="493"/><String ID="p485_w433" CONTENT="be" HPOS="509" VPOS="3062" WIDTH="41" HEIGHT="75" STYLEREFS="font0"/><SP WIDTH="16" VPOS="3062" HPOS="550"/><String ID="p485_w434" CONTENT="carried" HPOS="566" VPOS="3062" WIDTH="128" HEIGHT="75" STYLEREFS="font0"/><SP WIDTH="11" VPOS="3062" HPOS="694"/><String ID="p485_w435" CONTENT="from" HPOS="705" VPOS="3062" WIDTH="87" HEIGHT="75" STYLEREFS="font0"/><SP WIDTH="25" VPOS="3062" HPOS="792"/><String ID="p485_w436" CONTENT="the" HPOS="817" VPOS="3062" WIDTH="56" HEIGHT="75" STYLEREFS="font0"/><SP WIDTH="23" VPOS="3062" HPOS="873"/><String ID="p485_w437" CONTENT="left-hand" HPOS="896" VPOS="3062" WIDTH="164" HEIGHT="75" STYLEREFS="font0"/><SP WIDTH="16" VPOS="3062" HPOS="1060"/><String ID="p485_w438" CONTENT="column" HPOS="1076" VPOS="3062" WIDTH="129" HEIGHT="75" STYLEREFS="font0"/></TextLine><TextLine WIDTH="486" HEIGHT="75" ID="p485_t64" HPOS="1309" VPOS="181"><String ID="p485_w439" CONTENT="E" HPOS="1309" VPOS="181" WIDTH="35" HEIGHT="75" STYLEREFS="font0"/><SP WIDTH="73" VPOS="181" HPOS="1344"/><String ID="p485_w440" CONTENT="T" HPOS="1417" VPOS="181" WIDTH="40" HEIGHT="75" STYLEREFS="font0"/><SP WIDTH="74" VPOS="181" HPOS="1457"/><String ID="p485_w441" CONTENT="I" HPOS="1531" VPOS="181" WIDTH="20" HEIGHT="75" STYLEREFS="font0"/><SP WIDTH="79" VPOS="181" HPOS="1551"/><String ID="p485_w442" CONTENT="C" HPOS="1630" VPOS="181" WIDTH="36" HEIGHT="75" STYLEREFS="font0"/><SP WIDTH="79" VPOS="181" HPOS="1666"/><String ID="p485_w443" CONTENT="K." HPOS="1745" VPOS="181" WIDTH="50" HEIGHT="75" STYLEREFS="font0"/></TextLine><TextLine WIDTH="85" HEIGHT="75" ID="p485_t65" HPOS="2220" VPOS="181"><String ID="p485_w444" CONTENT="403" HPOS="2220" VPOS="181" WIDTH="85" HEIGHT="75" STYLEREFS="font0"/></TextLine><TextLine WIDTH="1037" HEIGHT="75" ID="p485_t66" HPOS="1269" VPOS="254"><String ID="p485_w445" CONTENT="of" HPOS="1269" VPOS="254" WIDTH="42" HEIGHT="75" STYLEREFS="font0"/><SP WIDTH="9" VPOS="254" HPOS="1311"/><String ID="p485_w446" CONTENT="the" HPOS="1320" VPOS="254" WIDTH="57" HEIGHT="75" STYLEREFS="font0"/><SP WIDTH="14" VPOS="254" HPOS="1377"/><String ID="p485_w447" CONTENT="circles," HPOS="1391" VPOS="254" WIDTH="124" HEIGHT="75" STYLEREFS="font0"/><SP WIDTH="18" VPOS="254" HPOS="1515"/><String ID="p485_w448" CONTENT="add" HPOS="1533" VPOS="254" WIDTH="63" HEIGHT="75" STYLEREFS="font0"/><SP WIDTH="16" VPOS="254" HPOS="1596"/><String ID="p485_w449" CONTENT="this" HPOS="1612" VPOS="254" WIDTH="63" HEIGHT="75" STYLEREFS="font0"/><SP WIDTH="14" VPOS="254" HPOS="1675"/><String ID="p485_w450" CONTENT="carriage" HPOS="1689" VPOS="254" WIDTH="142" HEIGHT="75" STYLEREFS="font0"/><SP WIDTH="13" VPOS="254" HPOS="1831"/><String ID="p485_w451" CONTENT="to" HPOS="1844" VPOS="254" WIDTH="34" HEIGHT="75" STYLEREFS="font0"/><SP WIDTH="17" VPOS="254" HPOS="1878"/><String ID="p485_w452" CONTENT="the" HPOS="1895" VPOS="254" WIDTH="57" HEIGHT="75" STYLEREFS="font0"/><SP WIDTH="10" VPOS="254" HPOS="1952"/><String ID="p485_w453" CONTENT="right" HPOS="1962" VPOS="254" WIDTH="89" HEIGHT="75" STYLEREFS="font0"/><SP WIDTH="15" VPOS="254" HPOS="2051"/><String ID="p485_w454" CONTENT="hand" HPOS="2066" VPOS="254" WIDTH="86" HEIGHT="75" STYLEREFS="font0"/><SP WIDTH="13" VPOS="254" HPOS="2152"/><String ID="p485_w455" CONTENT="column," HPOS="2165" VPOS="254" WIDTH="141" HEIGHT="75" STYLEREFS="font0"/></TextLine><TextLine WIDTH="706" HEIGHT="75" ID="p485_t67" HPOS="1266" VPOS="302"><String ID="p485_w456" CONTENT="and" HPOS="1266" VPOS="302" WIDTH="63" HEIGHT="75" STYLEREFS="font0"/><SP WIDTH="16" VPOS="302" HPOS="1329"/><String ID="p485_w457" CONTENT="proceed" HPOS="1345" VPOS="302" WIDTH="139" HEIGHT="75" STYLEREFS="font0"/><SP WIDTH="15" VPOS="302" HPOS="1484"/><String ID="p485_w458" CONTENT="as" HPOS="1499" VPOS="302" WIDTH="35" HEIGHT="75" STYLEREFS="font0"/><SP WIDTH="16" VPOS="302" HPOS="1534"/><String ID="p485_w459" CONTENT="in" HPOS="1550" VPOS="302" WIDTH="33" HEIGHT="75" STYLEREFS="font0"/><SP WIDTH="21" VPOS="302" HPOS="1583"/><String ID="p485_w460" CONTENT="addition" HPOS="1604" VPOS="302" WIDTH="147" HEIGHT="75" STYLEREFS="font0"/><SP WIDTH="17" VPOS="302" HPOS="1751"/><String ID="p485_w461" CONTENT="of" HPOS="1768" VPOS="302" WIDTH="40" HEIGHT="75" STYLEREFS="font0"/><SP WIDTH="11" VPOS="302" HPOS="1808"/><String ID="p485_w462" CONTENT="integers." HPOS="1819" VPOS="302" WIDTH="153" HEIGHT="75" STYLEREFS="font0"/></TextLine><TextLine WIDTH="993" HEIGHT="75" ID="p485_t68" HPOS="1311" VPOS="349"><String ID="p485_w463" CONTENT="If" HPOS="1311" VPOS="349" WIDTH="36" HEIGHT="75" STYLEREFS="font0"/><SP WIDTH="12" VPOS="349" HPOS="1347"/><String ID="p485_w464" CONTENT="repeaters" HPOS="1359" VPOS="349" WIDTH="160" HEIGHT="75" STYLEREFS="font0"/><SP WIDTH="28" VPOS="349" HPOS="1519"/><String ID="p485_w465" CONTENT="be" HPOS="1547" VPOS="349" WIDTH="41" HEIGHT="75" STYLEREFS="font0"/><SP WIDTH="26" VPOS="349" HPOS="1588"/><String ID="p485_w466" CONTENT="mixed" HPOS="1614" VPOS="349" WIDTH="113" HEIGHT="75" STYLEREFS="font0"/><SP WIDTH="25" VPOS="349" HPOS="1727"/><String ID="p485_w467" CONTENT="with" HPOS="1752" VPOS="349" WIDTH="80" HEIGHT="75" STYLEREFS="font0"/><SP WIDTH="30" VPOS="349" HPOS="1832"/><String ID="p485_w468" CONTENT="the" HPOS="1862" VPOS="349" WIDTH="56" HEIGHT="75" STYLEREFS="font0"/><SP WIDTH="27" VPOS="349" HPOS="1918"/><String ID="p485_w469" CONTENT="circulates," HPOS="1945" VPOS="349" WIDTH="179" HEIGHT="75" STYLEREFS="font0"/><SP WIDTH="25" VPOS="349" HPOS="2124"/><String ID="p485_w470" CONTENT="give" HPOS="2149" VPOS="349" WIDTH="73" HEIGHT="75" STYLEREFS="font0"/><SP WIDTH="26" VPOS="349" HPOS="2222"/><String ID="p485_w471" CONTENT="the" HPOS="2248" VPOS="349" WIDTH="56" HEIGHT="75" STYLEREFS="font0"/></TextLine><TextLine WIDTH="1042" HEIGHT="75" ID="p485_t69" HPOS="1262" VPOS="397"><String ID="p485_w472" CONTENT="repeaters" HPOS="1262" VPOS="397" WIDTH="159" HEIGHT="75" STYLEREFS="font0"/><SP WIDTH="17" VPOS="397" HPOS="1421"/><String ID="p485_w473" CONTENT="the" HPOS="1438" VPOS="397" WIDTH="55" HEIGHT="75" STYLEREFS="font0"/><SP WIDTH="17" VPOS="397" HPOS="1493"/><String ID="p485_w474" CONTENT="form" HPOS="1510" VPOS="397" WIDTH="84" HEIGHT="75" STYLEREFS="font0"/><SP WIDTH="24" VPOS="397" HPOS="1594"/><String ID="p485_w475" CONTENT="of" HPOS="1618" VPOS="397" WIDTH="41" HEIGHT="75" STYLEREFS="font0"/><SP WIDTH="22" VPOS="397" HPOS="1659"/><String ID="p485_w476" CONTENT="circulates," HPOS="1681" VPOS="397" WIDTH="182" HEIGHT="75" STYLEREFS="font0"/><SP WIDTH="31" VPOS="397" HPOS="1863"/><String ID="p485_w477" CONTENT="by" HPOS="1894" VPOS="397" WIDTH="44" HEIGHT="75" STYLEREFS="font0"/><SP WIDTH="27" VPOS="397" HPOS="1938"/><String ID="p485_w478" CONTENT="extending" HPOS="1965" VPOS="397" WIDTH="176" HEIGHT="75" STYLEREFS="font0"/><SP WIDTH="29" VPOS="397" HPOS="2141"/><String ID="p485_w479" CONTENT="the" HPOS="2170" VPOS="397" WIDTH="55" HEIGHT="75" STYLEREFS="font0"/><SP WIDTH="27" VPOS="397" HPOS="2225"/><String ID="p485_w480" CONTENT="re-" HPOS="2252" VPOS="397" WIDTH="52" HEIGHT="75" STYLEREFS="font0"/></TextLine><TextLine WIDTH="1044" HEIGHT="75" ID="p485_t70" HPOS="1262" VPOS="443"><String ID="p485_w481" CONTENT="peating" HPOS="1262" VPOS="443" WIDTH="128" HEIGHT="75" STYLEREFS="font0"/><SP WIDTH="16" VPOS="443" HPOS="1390"/><String ID="p485_w482" CONTENT="figures" HPOS="1406" VPOS="443" WIDTH="116" HEIGHT="75" STYLEREFS="font0"/><SP WIDTH="17" VPOS="443" HPOS="1522"/><String ID="p485_w483" CONTENT="till" HPOS="1539" VPOS="443" WIDTH="50" HEIGHT="75" STYLEREFS="font0"/><SP WIDTH="22" VPOS="443" HPOS="1589"/><String ID="p485_w484" CONTENT="they" HPOS="1611" VPOS="443" WIDTH="79" HEIGHT="75" STYLEREFS="font0"/><SP WIDTH="26" VPOS="443" HPOS="1690"/><String ID="p485_w485" CONTENT="become" HPOS="1716" VPOS="443" WIDTH="135" HEIGHT="75" STYLEREFS="font0"/><SP WIDTH="26" VPOS="443" HPOS="1851"/><String ID="p485_w486" CONTENT="conterminous" HPOS="1877" VPOS="443" WIDTH="241" HEIGHT="75" STYLEREFS="font0"/><SP WIDTH="30" VPOS="443" HPOS="2118"/><String ID="p485_w487" CONTENT="with" HPOS="2148" VPOS="443" WIDTH="78" HEIGHT="75" STYLEREFS="font0"/><SP WIDTH="22" VPOS="443" HPOS="2226"/><String ID="p485_w488" CONTENT="the" HPOS="2248" VPOS="443" WIDTH="58" HEIGHT="75" STYLEREFS="font0"/></TextLine><TextLine WIDTH="244" HEIGHT="75" ID="p485_t71" HPOS="1263" VPOS="489"><String ID="p485_w489" CONTENT="other" HPOS="1263" VPOS="489" WIDTH="94" HEIGHT="75" STYLEREFS="font0"/><SP WIDTH="24" VPOS="489" HPOS="1357"/><String ID="p485_w490" CONTENT="circles." HPOS="1381" VPOS="489" WIDTH="126" HEIGHT="75" STYLEREFS="font0"/></TextLine><TextLine WIDTH="994" HEIGHT="75" ID="p485_t72" HPOS="1309" VPOS="537"><String ID="p485_w491" CONTENT="If" HPOS="1309" VPOS="537" WIDTH="37" HEIGHT="75" STYLEREFS="font0"/><SP WIDTH="10" VPOS="537" HPOS="1346"/><String ID="p485_w492" CONTENT="finite" HPOS="1356" VPOS="537" WIDTH="90" HEIGHT="75" STYLEREFS="font0"/><SP WIDTH="15" VPOS="537" HPOS="1446"/><String ID="p485_w493" CONTENT="decimals" HPOS="1461" VPOS="537" WIDTH="154" HEIGHT="75" STYLEREFS="font0"/><SP WIDTH="17" VPOS="537" HPOS="1615"/><String ID="p485_w494" CONTENT="are" HPOS="1632" VPOS="537" WIDTH="54" HEIGHT="75" STYLEREFS="font0"/><SP WIDTH="24" VPOS="537" HPOS="1686"/><String ID="p485_w495" CONTENT="joined" HPOS="1710" VPOS="537" WIDTH="114" HEIGHT="75" STYLEREFS="font0"/><SP WIDTH="24" VPOS="537" HPOS="1824"/><String ID="p485_w496" CONTENT="with" HPOS="1848" VPOS="537" WIDTH="80" HEIGHT="75" STYLEREFS="font0"/><SP WIDTH="26" VPOS="537" HPOS="1928"/><String ID="p485_w497" CONTENT="the" HPOS="1954" VPOS="537" WIDTH="58" HEIGHT="75" STYLEREFS="font0"/><SP WIDTH="27" VPOS="537" HPOS="2012"/><String ID="p485_w498" CONTENT="circulates," HPOS="2039" VPOS="537" WIDTH="182" HEIGHT="75" STYLEREFS="font0"/><SP WIDTH="23" VPOS="537" HPOS="2221"/><String ID="p485_w499" CONTENT="ex-" HPOS="2244" VPOS="537" WIDTH="59" HEIGHT="75" STYLEREFS="font0"/></TextLine><TextLine WIDTH="1042" HEIGHT="75" ID="p485_t73" HPOS="1260" VPOS="583"><String ID="p485_w500" CONTENT="tend" HPOS="1260" VPOS="583" WIDTH="77" HEIGHT="75" STYLEREFS="font0"/><SP WIDTH="15" VPOS="583" HPOS="1337"/><String ID="p485_w501" CONTENT="the" HPOS="1352" VPOS="583" WIDTH="56" HEIGHT="75" STYLEREFS="font0"/><SP WIDTH="16" VPOS="583" HPOS="1408"/><String ID="p485_w502" CONTENT="finite" HPOS="1424" VPOS="583" WIDTH="88" HEIGHT="75" STYLEREFS="font0"/><SP WIDTH="11" VPOS="583" HPOS="1512"/><String ID="p485_w503" CONTENT="parts" HPOS="1523" VPOS="583" WIDTH="88" HEIGHT="75" STYLEREFS="font0"/><SP WIDTH="10" VPOS="583" HPOS="1611"/><String ID="p485_w504" CONTENT="of" HPOS="1621" VPOS="583" WIDTH="41" HEIGHT="75" STYLEREFS="font0"/><SP WIDTH="11" VPOS="583" HPOS="1662"/><String ID="p485_w505" CONTENT="all" HPOS="1673" VPOS="583" WIDTH="43" HEIGHT="75" STYLEREFS="font0"/><SP WIDTH="16" VPOS="583" HPOS="1716"/><String ID="p485_w506" CONTENT="the" HPOS="1732" VPOS="583" WIDTH="56" HEIGHT="75" STYLEREFS="font0"/><SP WIDTH="17" VPOS="583" HPOS="1788"/><String ID="p485_w507" CONTENT="circulates" HPOS="1805" VPOS="583" WIDTH="169" HEIGHT="75" STYLEREFS="font0"/><SP WIDTH="14" VPOS="583" HPOS="1974"/><String ID="p485_w508" CONTENT="to" HPOS="1988" VPOS="583" WIDTH="36" HEIGHT="75" STYLEREFS="font0"/><SP WIDTH="15" VPOS="583" HPOS="2024"/><String ID="p485_w509" CONTENT="as" HPOS="2039" VPOS="583" WIDTH="35" HEIGHT="75" STYLEREFS="font0"/><SP WIDTH="16" VPOS="583" HPOS="2074"/><String ID="p485_w510" CONTENT="many" HPOS="2090" VPOS="583" WIDTH="97" HEIGHT="75" STYLEREFS="font0"/><SP WIDTH="11" VPOS="583" HPOS="2187"/><String ID="p485_w511" CONTENT="places" HPOS="2198" VPOS="583" WIDTH="104" HEIGHT="75" STYLEREFS="font0"/></TextLine><TextLine WIDTH="707" HEIGHT="75" ID="p485_t74" HPOS="1259" VPOS="630"><String ID="p485_w512" CONTENT="as" HPOS="1259" VPOS="630" WIDTH="33" HEIGHT="75" STYLEREFS="font0"/><SP WIDTH="13" VPOS="630" HPOS="1292"/><String ID="p485_w513" CONTENT="there" HPOS="1305" VPOS="630" WIDTH="90" HEIGHT="75" STYLEREFS="font0"/><SP WIDTH="16" VPOS="630" HPOS="1395"/><String ID="p485_w514" CONTENT="are" HPOS="1411" VPOS="630" WIDTH="55" HEIGHT="75" STYLEREFS="font0"/><SP WIDTH="16" VPOS="630" HPOS="1466"/><String ID="p485_w515" CONTENT="figures" HPOS="1482" VPOS="630" WIDTH="118" HEIGHT="75" STYLEREFS="font0"/><SP WIDTH="16" VPOS="630" HPOS="1600"/><String ID="p485_w516" CONTENT="in" HPOS="1616" VPOS="630" WIDTH="33" HEIGHT="75" STYLEREFS="font0"/><SP WIDTH="15" VPOS="630" HPOS="1649"/><String ID="p485_w517" CONTENT="the" HPOS="1664" VPOS="630" WIDTH="55" HEIGHT="75" STYLEREFS="font0"/><SP WIDTH="12" VPOS="630" HPOS="1719"/><String ID="p485_w518" CONTENT="longeft" HPOS="1731" VPOS="630" WIDTH="122" HEIGHT="75" STYLEREFS="font0"/><SP WIDTH="12" VPOS="630" HPOS="1853"/><String ID="p485_w519" CONTENT="finite." HPOS="1865" VPOS="630" WIDTH="101" HEIGHT="75" STYLEREFS="font0"/></TextLine><TextLine WIDTH="764" HEIGHT="75" ID="p485_t75" HPOS="1355" VPOS="685"><String ID="p485_w520" CONTENT="Examp." HPOS="1355" VPOS="703" WIDTH="153" HEIGHT="75" STYLEREFS="font0"/><SP WIDTH="71" VPOS="703" HPOS="1508"/><String ID="p485_w521" CONTENT="4" HPOS="1579" VPOS="703" WIDTH="26" HEIGHT="75" STYLEREFS="font0"/><SP WIDTH="23" VPOS="703" HPOS="1605"/><String ID="p485_w522" CONTENT="==" HPOS="1628" VPOS="685" WIDTH="37" HEIGHT="49" STYLEREFS="font1"/><SP WIDTH="19" VPOS="685" HPOS="1665"/><String ID="p485_w523" CONTENT=".428571," HPOS="1684" VPOS="703" WIDTH="164" HEIGHT="75" STYLEREFS="font0"/><SP WIDTH="18" VPOS="703" HPOS="1848"/><String ID="p485_w524" CONTENT="=" HPOS="1866" VPOS="703" WIDTH="37" HEIGHT="75" STYLEREFS="font0"/><SP WIDTH="50" VPOS="703" HPOS="1903"/><String ID="p485_w525" CONTENT=".428571," HPOS="1953" VPOS="703" WIDTH="166" HEIGHT="75" STYLEREFS="font0"/></TextLine><TextLine WIDTH="537" HEIGHT="75" ID="p485_t76" HPOS="1582" VPOS="753"><String ID="p485_w526" CONTENT="4" HPOS="1582" VPOS="753" WIDTH="22" HEIGHT="75" STYLEREFS="font0"/><SP WIDTH="25" VPOS="753" HPOS="1604"/><String ID="p485_w527" CONTENT="=.857142,=" HPOS="1629" VPOS="753" WIDTH="275" HEIGHT="75" STYLEREFS="font0"/><SP WIDTH="48" VPOS="753" HPOS="1904"/><String ID="p485_w528" CONTENT=".857142," HPOS="1952" VPOS="753" WIDTH="167" HEIGHT="75" STYLEREFS="font0"/></TextLine><TextLine WIDTH="550" HEIGHT="75" ID="p485_t77" HPOS="1568" VPOS="803"><String ID="p485_w529" CONTENT="tt" HPOS="1568" VPOS="803" WIDTH="47" HEIGHT="75" STYLEREFS="font0"/><SP WIDTH="15" VPOS="803" HPOS="1615"/><String ID="p485_w530" CONTENT="—" HPOS="1630" VPOS="803" WIDTH="37" HEIGHT="75" STYLEREFS="font0"/><SP WIDTH="18" VPOS="803" HPOS="1667"/><String ID="p485_w531" CONTENT=".4S&gt;" HPOS="1685" VPOS="803" WIDTH="70" HEIGHT="75" STYLEREFS="font0"/><SP WIDTH="110" VPOS="803" HPOS="1755"/><String ID="p485_w532" CONTENT="—" HPOS="1865" VPOS="803" WIDTH="37" HEIGHT="75" STYLEREFS="font0"/><SP WIDTH="49" VPOS="803" HPOS="1902"/><String ID="p485_w533" CONTENT="•454S4J»" HPOS="1951" VPOS="803" WIDTH="167" HEIGHT="75" STYLEREFS="font0"/></TextLine><TextLine WIDTH="549" HEIGHT="75" ID="p485_t78" HPOS="1568" VPOS="855"><String ID="p485_w534" CONTENT="tt=-37°&gt;" HPOS="1568" VPOS="855" WIDTH="210" HEIGHT="75" STYLEREFS="font0"/><SP WIDTH="87" VPOS="855" HPOS="1778"/><String ID="p485_w535" CONTENT="=" HPOS="1865" VPOS="855" WIDTH="37" HEIGHT="75" STYLEREFS="font0"/><SP WIDTH="48" VPOS="855" HPOS="1902"/><String ID="p485_w536" CONTENT="*370370." HPOS="1950" VPOS="855" WIDTH="167" HEIGHT="75" STYLEREFS="font0"/></TextLine><TextLine WIDTH="178" HEIGHT="75" ID="p485_t79" HPOS="1923" VPOS="937"><String ID="p485_w537" CONTENT="2.110630" HPOS="1923" VPOS="937" WIDTH="178" HEIGHT="75" STYLEREFS="font0"/></TextLine><TextLine WIDTH="990" HEIGHT="75" ID="p485_t80" HPOS="1310" VPOS="1010"><String ID="p485_w538" CONTENT="In" HPOS="1310" VPOS="1010" WIDTH="39" HEIGHT="75" STYLEREFS="font0"/><SP WIDTH="29" VPOS="1010" HPOS="1349"/><String ID="p485_w539" CONTENT="order" HPOS="1378" VPOS="1010" WIDTH="96" HEIGHT="75" STYLEREFS="font0"/><SP WIDTH="23" VPOS="1010" HPOS="1474"/><String ID="p485_w540" CONTENT="to" HPOS="1497" VPOS="1010" WIDTH="35" HEIGHT="75" STYLEREFS="font0"/><SP WIDTH="27" VPOS="1010" HPOS="1532"/><String ID="p485_w541" CONTENT="find" HPOS="1559" VPOS="1010" WIDTH="68" HEIGHT="75" STYLEREFS="font0"/><SP WIDTH="27" VPOS="1010" HPOS="1627"/><String ID="p485_w542" CONTENT="the" HPOS="1654" VPOS="1010" WIDTH="57" HEIGHT="75" STYLEREFS="font0"/><SP WIDTH="23" VPOS="1010" HPOS="1711"/><String ID="p485_w543" CONTENT="carriage" HPOS="1734" VPOS="1010" WIDTH="142" HEIGHT="75" STYLEREFS="font0"/><SP WIDTH="17" VPOS="1010" HPOS="1876"/><String ID="p485_w544" CONTENT="from" HPOS="1893" VPOS="1010" WIDTH="86" HEIGHT="75" STYLEREFS="font0"/><SP WIDTH="16" VPOS="1010" HPOS="1979"/><String ID="p485_w545" CONTENT="the" HPOS="1995" VPOS="1010" WIDTH="56" HEIGHT="75" STYLEREFS="font0"/><SP WIDTH="15" VPOS="1010" HPOS="2051"/><String ID="p485_w546" CONTENT="left-hand" HPOS="2066" VPOS="1010" WIDTH="163" HEIGHT="75" STYLEREFS="font0"/><SP WIDTH="16" VPOS="1010" HPOS="2229"/><String ID="p485_w547" CONTENT="co-" HPOS="2245" VPOS="1010" WIDTH="55" HEIGHT="75" STYLEREFS="font0"/></TextLine><TextLine WIDTH="1039" HEIGHT="75" ID="p485_t81" HPOS="1261" VPOS="1056"><String ID="p485_w548" CONTENT="lumn" HPOS="1261" VPOS="1056" WIDTH="89" HEIGHT="75" STYLEREFS="font0"/><SP WIDTH="16" VPOS="1056" HPOS="1350"/><String ID="p485_w549" CONTENT="of" HPOS="1366" VPOS="1056" WIDTH="41" HEIGHT="75" STYLEREFS="font0"/><SP WIDTH="16" VPOS="1056" HPOS="1407"/><String ID="p485_w550" CONTENT="the" HPOS="1423" VPOS="1056" WIDTH="56" HEIGHT="75" STYLEREFS="font0"/><SP WIDTH="17" VPOS="1056" HPOS="1479"/><String ID="p485_w551" CONTENT="circles," HPOS="1496" VPOS="1056" WIDTH="125" HEIGHT="75" STYLEREFS="font0"/><SP WIDTH="25" VPOS="1056" HPOS="1621"/><String ID="p485_w552" CONTENT="add" HPOS="1646" VPOS="1056" WIDTH="65" HEIGHT="75" STYLEREFS="font0"/><SP WIDTH="13" VPOS="1056" HPOS="1711"/><String ID="p485_w553" CONTENT="the" HPOS="1724" VPOS="1056" WIDTH="58" HEIGHT="75" STYLEREFS="font0"/><SP WIDTH="23" VPOS="1056" HPOS="1782"/><String ID="p485_w554" CONTENT="column" HPOS="1805" VPOS="1056" WIDTH="128" HEIGHT="75" STYLEREFS="font0"/><SP WIDTH="18" VPOS="1056" HPOS="1933"/><String ID="p485_w555" CONTENT="next" HPOS="1951" VPOS="1056" WIDTH="79" HEIGHT="75" STYLEREFS="font0"/><SP WIDTH="29" VPOS="1056" HPOS="2030"/><String ID="p485_w556" CONTENT="to" HPOS="2059" VPOS="1056" WIDTH="35" HEIGHT="75" STYLEREFS="font0"/><SP WIDTH="27" VPOS="1056" HPOS="2094"/><String ID="p485_w557" CONTENT="it" HPOS="2121" VPOS="1056" WIDTH="27" HEIGHT="75" STYLEREFS="font0"/><SP WIDTH="28" VPOS="1056" HPOS="2148"/><String ID="p485_w558" CONTENT="on" HPOS="2176" VPOS="1056" WIDTH="41" HEIGHT="75" STYLEREFS="font0"/><SP WIDTH="25" VPOS="1056" HPOS="2217"/><String ID="p485_w559" CONTENT="the" HPOS="2242" VPOS="1056" WIDTH="58" HEIGHT="75" STYLEREFS="font0"/></TextLine><TextLine WIDTH="1036" HEIGHT="75" ID="p485_t82" HPOS="1261" VPOS="1104"><String ID="p485_w560" CONTENT="right," HPOS="1261" VPOS="1104" WIDTH="100" HEIGHT="75" STYLEREFS="font0"/><SP WIDTH="16" VPOS="1104" HPOS="1361"/><String ID="p485_w561" CONTENT="faying," HPOS="1377" VPOS="1104" WIDTH="122" HEIGHT="75" STYLEREFS="font0"/><SP WIDTH="28" VPOS="1104" HPOS="1499"/><String ID="p485_w562" CONTENT="7" HPOS="1527" VPOS="1104" WIDTH="18" HEIGHT="75" STYLEREFS="font0"/><SP WIDTH="13" VPOS="1104" HPOS="1545"/><String ID="p485_w563" CONTENT="+" HPOS="1558" VPOS="1104" WIDTH="39" HEIGHT="75" STYLEREFS="font0"/><SP WIDTH="13" VPOS="1104" HPOS="1597"/><String ID="p485_w564" CONTENT="5" HPOS="1610" VPOS="1104" WIDTH="17" HEIGHT="75" STYLEREFS="font0"/><SP WIDTH="12" VPOS="1104" HPOS="1627"/><String ID="p485_w565" CONTENT="+" HPOS="1639" VPOS="1104" WIDTH="39" HEIGHT="75" STYLEREFS="font0"/><SP WIDTH="11" VPOS="1104" HPOS="1678"/><String ID="p485_w566" CONTENT="5+" HPOS="1689" VPOS="1104" WIDTH="66" HEIGHT="75" STYLEREFS="font0"/><SP WIDTH="8" VPOS="1104" HPOS="1755"/><String ID="p485_w567" CONTENT="2" HPOS="1763" VPOS="1104" WIDTH="19" HEIGHT="75" STYLEREFS="font0"/><SP WIDTH="10" VPOS="1104" HPOS="1782"/><String ID="p485_w568" CONTENT="=" HPOS="1792" VPOS="1104" WIDTH="37" HEIGHT="75" STYLEREFS="font0"/><SP WIDTH="9" VPOS="1104" HPOS="1829"/><String ID="p485_w569" CONTENT="19;" HPOS="1838" VPOS="1104" WIDTH="63" HEIGHT="75" STYLEREFS="font0"/><SP WIDTH="25" VPOS="1104" HPOS="1901"/><String ID="p485_w570" CONTENT="from" HPOS="1926" VPOS="1104" WIDTH="86" HEIGHT="75" STYLEREFS="font0"/><SP WIDTH="17" VPOS="1104" HPOS="2012"/><String ID="p485_w571" CONTENT="which" HPOS="2029" VPOS="1104" WIDTH="108" HEIGHT="75" STYLEREFS="font0"/><SP WIDTH="16" VPOS="1104" HPOS="2137"/><String ID="p485_w572" CONTENT="carry" HPOS="2153" VPOS="1104" WIDTH="93" HEIGHT="75" STYLEREFS="font0"/><SP WIDTH="21" VPOS="1104" HPOS="2246"/><String ID="p485_w573" CONTENT="1," HPOS="2267" VPOS="1104" WIDTH="30" HEIGHT="75" STYLEREFS="font0"/></TextLine><TextLine WIDTH="1039" HEIGHT="75" ID="p485_t83" HPOS="1261" VPOS="1151"><String ID="p485_w574" CONTENT="and" HPOS="1261" VPOS="1151" WIDTH="63" HEIGHT="75" STYLEREFS="font0"/><SP WIDTH="21" VPOS="1151" HPOS="1324"/><String ID="p485_w575" CONTENT="fay," HPOS="1345" VPOS="1151" WIDTH="67" HEIGHT="75" STYLEREFS="font0"/><SP WIDTH="29" VPOS="1151" HPOS="1412"/><String ID="p485_w576" CONTENT="1+3+4" HPOS="1441" VPOS="1151" WIDTH="187" HEIGHT="75" STYLEREFS="font0"/><SP WIDTH="13" VPOS="1151" HPOS="1628"/><String ID="p485_w577" CONTENT="+" HPOS="1641" VPOS="1151" WIDTH="38" HEIGHT="75" STYLEREFS="font0"/><SP WIDTH="13" VPOS="1151" HPOS="1679"/><String ID="p485_w578" CONTENT="8" HPOS="1692" VPOS="1151" WIDTH="19" HEIGHT="75" STYLEREFS="font0"/><SP WIDTH="15" VPOS="1151" HPOS="1711"/><String ID="p485_w579" CONTENT="+" HPOS="1726" VPOS="1151" WIDTH="38" HEIGHT="75" STYLEREFS="font0"/><SP WIDTH="13" VPOS="1151" HPOS="1764"/><String ID="p485_w580" CONTENT="4" HPOS="1777" VPOS="1151" WIDTH="21" HEIGHT="75" STYLEREFS="font0"/><SP WIDTH="13" VPOS="1151" HPOS="1798"/><String ID="p485_w581" CONTENT="=" HPOS="1811" VPOS="1151" WIDTH="37" HEIGHT="75" STYLEREFS="font0"/><SP WIDTH="13" VPOS="1151" HPOS="1848"/><String ID="p485_w582" CONTENT="20;" HPOS="1861" VPOS="1151" WIDTH="69" HEIGHT="75" STYLEREFS="font0"/><SP WIDTH="34" VPOS="1151" HPOS="1930"/><String ID="p485_w583" CONTENT="from" HPOS="1964" VPOS="1151" WIDTH="86" HEIGHT="75" STYLEREFS="font0"/><SP WIDTH="25" VPOS="1151" HPOS="2050"/><String ID="p485_w584" CONTENT="which" HPOS="2075" VPOS="1151" WIDTH="105" HEIGHT="75" STYLEREFS="font0"/><SP WIDTH="25" VPOS="1151" HPOS="2180"/><String ID="p485_w585" CONTENT="carry" HPOS="2205" VPOS="1151" WIDTH="95" HEIGHT="75" STYLEREFS="font0"/></TextLine><TextLine WIDTH="1036" HEIGHT="75" ID="p485_t84" HPOS="1264" VPOS="1200"><String ID="p485_w586" CONTENT="2," HPOS="1264" VPOS="1200" WIDTH="32" HEIGHT="75" STYLEREFS="font0"/><SP WIDTH="37" VPOS="1200" HPOS="1296"/><String ID="p485_w587" CONTENT="and" HPOS="1333" VPOS="1200" WIDTH="63" HEIGHT="75" STYLEREFS="font0"/><SP WIDTH="27" VPOS="1200" HPOS="1396"/><String ID="p485_w588" CONTENT="go" HPOS="1423" VPOS="1200" WIDTH="43" HEIGHT="75" STYLEREFS="font0"/><SP WIDTH="27" VPOS="1200" HPOS="1466"/><String ID="p485_w589" CONTENT="on" HPOS="1493" VPOS="1200" WIDTH="43" HEIGHT="75" STYLEREFS="font0"/><SP WIDTH="28" VPOS="1200" HPOS="1536"/><String ID="p485_w590" CONTENT="to" HPOS="1564" VPOS="1200" WIDTH="36" HEIGHT="75" STYLEREFS="font0"/><SP WIDTH="35" VPOS="1200" HPOS="1600"/><String ID="p485_w591" CONTENT="add" HPOS="1635" VPOS="1200" WIDTH="63" HEIGHT="75" STYLEREFS="font0"/><SP WIDTH="28" VPOS="1200" HPOS="1698"/><String ID="p485_w592" CONTENT="the" HPOS="1726" VPOS="1200" WIDTH="55" HEIGHT="75" STYLEREFS="font0"/><SP WIDTH="31" VPOS="1200" HPOS="1781"/><String ID="p485_w593" CONTENT="right-hand" HPOS="1812" VPOS="1200" WIDTH="189" HEIGHT="75" STYLEREFS="font0"/><SP WIDTH="27" VPOS="1200" HPOS="2001"/><String ID="p485_w594" CONTENT="column" HPOS="2028" VPOS="1200" WIDTH="127" HEIGHT="75" STYLEREFS="font0"/><SP WIDTH="29" VPOS="1200" HPOS="2155"/><String ID="p485_w595" CONTENT="of" HPOS="2184" VPOS="1200" WIDTH="40" HEIGHT="75" STYLEREFS="font0"/><SP WIDTH="18" VPOS="1200" HPOS="2224"/><String ID="p485_w596" CONTENT="the" HPOS="2242" VPOS="1200" WIDTH="58" HEIGHT="75" STYLEREFS="font0"/></TextLine><TextLine WIDTH="1036" HEIGHT="75" ID="p485_t85" HPOS="1260" VPOS="1245"><String ID="p485_w597" CONTENT="circle," HPOS="1260" VPOS="1245" WIDTH="108" HEIGHT="75" STYLEREFS="font0"/><SP WIDTH="24" VPOS="1245" HPOS="1368"/><String ID="p485_w598" CONTENT="faying," HPOS="1392" VPOS="1245" WIDTH="122" HEIGHT="75" STYLEREFS="font0"/><SP WIDTH="25" VPOS="1245" HPOS="1514"/><String ID="p485_w599" CONTENT="the" HPOS="1539" VPOS="1245" WIDTH="56" HEIGHT="75" STYLEREFS="font0"/><SP WIDTH="15" VPOS="1245" HPOS="1595"/><String ID="p485_w600" CONTENT="carriage" HPOS="1610" VPOS="1245" WIDTH="142" HEIGHT="75" STYLEREFS="font0"/><SP WIDTH="18" VPOS="1245" HPOS="1752"/><String ID="p485_w601" CONTENT="2" HPOS="1770" VPOS="1245" WIDTH="18" HEIGHT="75" STYLEREFS="font0"/><SP WIDTH="14" VPOS="1245" HPOS="1788"/><String ID="p485_w602" CONTENT="+" HPOS="1802" VPOS="1245" WIDTH="39" HEIGHT="75" STYLEREFS="font0"/><SP WIDTH="14" VPOS="1245" HPOS="1841"/><String ID="p485_w603" CONTENT="5" HPOS="1855" VPOS="1245" WIDTH="17" HEIGHT="75" STYLEREFS="font0"/><SP WIDTH="15" VPOS="1245" HPOS="1872"/><String ID="p485_w604" CONTENT="+" HPOS="1887" VPOS="1245" WIDTH="38" HEIGHT="75" STYLEREFS="font0"/><SP WIDTH="14" VPOS="1245" HPOS="1925"/><String ID="p485_w605" CONTENT="2" HPOS="1939" VPOS="1245" WIDTH="19" HEIGHT="75" STYLEREFS="font0"/><SP WIDTH="15" VPOS="1245" HPOS="1958"/><String ID="p485_w606" CONTENT="+" HPOS="1973" VPOS="1245" WIDTH="38" HEIGHT="75" STYLEREFS="font0"/><SP WIDTH="16" VPOS="1245" HPOS="2011"/><String ID="p485_w607" CONTENT="1=10;" HPOS="2027" VPOS="1245" WIDTH="144" HEIGHT="75" STYLEREFS="font0"/><SP WIDTH="26" VPOS="1245" HPOS="2171"/><String ID="p485_w608" CONTENT="fofet" HPOS="2197" VPOS="1245" WIDTH="99" HEIGHT="75" STYLEREFS="font0"/></TextLine><TextLine WIDTH="1037" HEIGHT="75" ID="p485_t86" HPOS="1260" VPOS="1292"><String ID="p485_w609" CONTENT="down" HPOS="1260" VPOS="1292" WIDTH="97" HEIGHT="75" STYLEREFS="font0"/><SP WIDTH="15" VPOS="1292" HPOS="1357"/><String ID="p485_w610" CONTENT="o," HPOS="1372" VPOS="1292" WIDTH="38" HEIGHT="75" STYLEREFS="font0"/><SP WIDTH="24" VPOS="1292" HPOS="1410"/><String ID="p485_w611" CONTENT="and" HPOS="1434" VPOS="1292" WIDTH="64" HEIGHT="75" STYLEREFS="font0"/><SP WIDTH="15" VPOS="1292" HPOS="1498"/><String ID="p485_w612" CONTENT="carry" HPOS="1513" VPOS="1292" WIDTH="93" HEIGHT="75" STYLEREFS="font0"/><SP WIDTH="21" VPOS="1292" HPOS="1606"/><String ID="p485_w613" CONTENT="1," HPOS="1627" VPOS="1292" WIDTH="31" HEIGHT="75" STYLEREFS="font0"/><SP WIDTH="25" VPOS="1292" HPOS="1658"/><String ID="p485_w614" CONTENT="and" HPOS="1683" VPOS="1292" WIDTH="64" HEIGHT="75" STYLEREFS="font0"/><SP WIDTH="22" VPOS="1292" HPOS="1747"/><String ID="p485_w615" CONTENT="proceed" HPOS="1769" VPOS="1292" WIDTH="137" HEIGHT="75" STYLEREFS="font0"/><SP WIDTH="27" VPOS="1292" HPOS="1906"/><String ID="p485_w616" CONTENT="with" HPOS="1933" VPOS="1292" WIDTH="80" HEIGHT="75" STYLEREFS="font0"/><SP WIDTH="28" VPOS="1292" HPOS="2013"/><String ID="p485_w617" CONTENT="the" HPOS="2041" VPOS="1292" WIDTH="57" HEIGHT="75" STYLEREFS="font0"/><SP WIDTH="27" VPOS="1292" HPOS="2098"/><String ID="p485_w618" CONTENT="reft" HPOS="2125" VPOS="1292" WIDTH="61" HEIGHT="75" STYLEREFS="font0"/><SP WIDTH="25" VPOS="1292" HPOS="2186"/><String ID="p485_w619" CONTENT="as" HPOS="2211" VPOS="1292" WIDTH="34" HEIGHT="75" STYLEREFS="font0"/><SP WIDTH="17" VPOS="1292" HPOS="2245"/><String ID="p485_w620" CONTENT="in" HPOS="2262" VPOS="1292" WIDTH="35" HEIGHT="75" STYLEREFS="font0"/></TextLine><TextLine WIDTH="154" HEIGHT="75" ID="p485_t87" HPOS="1259" VPOS="1338"><String ID="p485_w621" CONTENT="integers." HPOS="1259" VPOS="1338" WIDTH="154" HEIGHT="75" STYLEREFS="font0"/></TextLine><TextLine WIDTH="996" HEIGHT="75" ID="p485_t88" HPOS="1308" VPOS="1385"><String ID="p485_w622" CONTENT="The" HPOS="1308" VPOS="1385" WIDTH="75" HEIGHT="75" STYLEREFS="font0"/><SP WIDTH="17" VPOS="1385" HPOS="1383"/><String ID="p485_w623" CONTENT="adding" HPOS="1400" VPOS="1385" WIDTH="118" HEIGHT="75" STYLEREFS="font0"/><SP WIDTH="15" VPOS="1385" HPOS="1518"/><String ID="p485_w624" CONTENT="the" HPOS="1533" VPOS="1385" WIDTH="55" HEIGHT="75" STYLEREFS="font0"/><SP WIDTH="18" VPOS="1385" HPOS="1588"/><String ID="p485_w625" CONTENT="carriage" HPOS="1606" VPOS="1385" WIDTH="141" HEIGHT="75" STYLEREFS="font0"/><SP WIDTH="16" VPOS="1385" HPOS="1747"/><String ID="p485_w626" CONTENT="from" HPOS="1763" VPOS="1385" WIDTH="86" HEIGHT="75" STYLEREFS="font0"/><SP WIDTH="16" VPOS="1385" HPOS="1849"/><String ID="p485_w627" CONTENT="the" HPOS="1865" VPOS="1385" WIDTH="56" HEIGHT="75" STYLEREFS="font0"/><SP WIDTH="15" VPOS="1385" HPOS="1921"/><String ID="p485_w628" CONTENT="left-hand" HPOS="1936" VPOS="1385" WIDTH="165" HEIGHT="75" STYLEREFS="font0"/><SP WIDTH="16" VPOS="1385" HPOS="2101"/><String ID="p485_w629" CONTENT="column" HPOS="2117" VPOS="1385" WIDTH="127" HEIGHT="75" STYLEREFS="font0"/><SP WIDTH="18" VPOS="1385" HPOS="2244"/><String ID="p485_w630" CONTENT="of" HPOS="2262" VPOS="1385" WIDTH="42" HEIGHT="75" STYLEREFS="font0"/></TextLine><TextLine WIDTH="1039" HEIGHT="75" ID="p485_t89" HPOS="1261" VPOS="1432"><String ID="p485_w631" CONTENT="the" HPOS="1261" VPOS="1432" WIDTH="55" HEIGHT="75" STYLEREFS="font0"/><SP WIDTH="17" VPOS="1432" HPOS="1316"/><String ID="p485_w632" CONTENT="circles" HPOS="1333" VPOS="1432" WIDTH="112" HEIGHT="75" STYLEREFS="font0"/><SP WIDTH="16" VPOS="1432" HPOS="1445"/><String ID="p485_w633" CONTENT="to" HPOS="1461" VPOS="1432" WIDTH="36" HEIGHT="75" STYLEREFS="font0"/><SP WIDTH="24" VPOS="1432" HPOS="1497"/><String ID="p485_w634" CONTENT="the" HPOS="1521" VPOS="1432" WIDTH="56" HEIGHT="75" STYLEREFS="font0"/><SP WIDTH="17" VPOS="1432" HPOS="1577"/><String ID="p485_w635" CONTENT="column" HPOS="1594" VPOS="1432" WIDTH="130" HEIGHT="75" STYLEREFS="font0"/><SP WIDTH="16" VPOS="1432" HPOS="1724"/><String ID="p485_w636" CONTENT="on" HPOS="1740" VPOS="1432" WIDTH="41" HEIGHT="75" STYLEREFS="font0"/><SP WIDTH="18" VPOS="1432" HPOS="1781"/><String ID="p485_w637" CONTENT="the" HPOS="1799" VPOS="1432" WIDTH="55" HEIGHT="75" STYLEREFS="font0"/><SP WIDTH="18" VPOS="1432" HPOS="1854"/><String ID="p485_w638" CONTENT="right" HPOS="1872" VPOS="1432" WIDTH="85" HEIGHT="75" STYLEREFS="font0"/><SP WIDTH="18" VPOS="1432" HPOS="1957"/><String ID="p485_w639" CONTENT="hand," HPOS="1975" VPOS="1432" WIDTH="98" HEIGHT="75" STYLEREFS="font0"/><SP WIDTH="26" VPOS="1432" HPOS="2073"/><String ID="p485_w640" CONTENT="arifes" HPOS="2099" VPOS="1432" WIDTH="96" HEIGHT="75" STYLEREFS="font0"/><SP WIDTH="17" VPOS="1432" HPOS="2195"/><String ID="p485_w641" CONTENT="from" HPOS="2212" VPOS="1432" WIDTH="88" HEIGHT="75" STYLEREFS="font0"/></TextLine><TextLine WIDTH="1034" HEIGHT="75" ID="p485_t90" HPOS="1261" VPOS="1479"><String ID="p485_w642" CONTENT="the" HPOS="1261" VPOS="1479" WIDTH="55" HEIGHT="75" STYLEREFS="font0"/><SP WIDTH="17" VPOS="1479" HPOS="1316"/><String ID="p485_w643" CONTENT="flux" HPOS="1333" VPOS="1479" WIDTH="69" HEIGHT="75" STYLEREFS="font0"/><SP WIDTH="24" VPOS="1479" HPOS="1402"/><String ID="p485_w644" CONTENT="of" HPOS="1426" VPOS="1479" WIDTH="41" HEIGHT="75" STYLEREFS="font0"/><SP WIDTH="18" VPOS="1479" HPOS="1467"/><String ID="p485_w645" CONTENT="numbers;" HPOS="1485" VPOS="1479" WIDTH="169" HEIGHT="75" STYLEREFS="font0"/><SP WIDTH="27" VPOS="1479" HPOS="1654"/><String ID="p485_w646" CONTENT="for" HPOS="1681" VPOS="1479" WIDTH="51" HEIGHT="75" STYLEREFS="font0"/><SP WIDTH="17" VPOS="1479" HPOS="1732"/><String ID="p485_w647" CONTENT="as" HPOS="1749" VPOS="1479" WIDTH="34" HEIGHT="75" STYLEREFS="font0"/><SP WIDTH="18" VPOS="1479" HPOS="1783"/><String ID="p485_w648" CONTENT="the" HPOS="1801" VPOS="1479" WIDTH="56" HEIGHT="75" STYLEREFS="font0"/><SP WIDTH="16" VPOS="1479" HPOS="1857"/><String ID="p485_w649" CONTENT="circles" HPOS="1873" VPOS="1479" WIDTH="112" HEIGHT="75" STYLEREFS="font0"/><SP WIDTH="17" VPOS="1479" HPOS="1985"/><String ID="p485_w650" CONTENT="repeat" HPOS="2002" VPOS="1479" WIDTH="108" HEIGHT="75" STYLEREFS="font0"/><SP WIDTH="16" VPOS="1479" HPOS="2110"/><String ID="p485_w651" CONTENT="infinitely," HPOS="2126" VPOS="1479" WIDTH="169" HEIGHT="75" STYLEREFS="font0"/></TextLine><TextLine WIDTH="1039" HEIGHT="75" ID="p485_t91" HPOS="1259" VPOS="1525"><String ID="p485_w652" CONTENT="if" HPOS="1259" VPOS="1525" WIDTH="32" HEIGHT="75" STYLEREFS="font0"/><SP WIDTH="11" VPOS="1525" HPOS="1291"/><String ID="p485_w653" CONTENT="we" HPOS="1302" VPOS="1525" WIDTH="48" HEIGHT="75" STYLEREFS="font0"/><SP WIDTH="16" VPOS="1525" HPOS="1350"/><String ID="p485_w654" CONTENT="fuppofe" HPOS="1366" VPOS="1525" WIDTH="131" HEIGHT="75" STYLEREFS="font0"/><SP WIDTH="16" VPOS="1525" HPOS="1497"/><String ID="p485_w655" CONTENT="a" HPOS="1513" VPOS="1525" WIDTH="18" HEIGHT="75" STYLEREFS="font0"/><SP WIDTH="16" VPOS="1525" HPOS="1531"/><String ID="p485_w656" CONTENT="new" HPOS="1547" VPOS="1525" WIDTH="71" HEIGHT="75" STYLEREFS="font0"/><SP WIDTH="15" VPOS="1525" HPOS="1618"/><String ID="p485_w657" CONTENT="fett" HPOS="1633" VPOS="1525" WIDTH="63" HEIGHT="75" STYLEREFS="font0"/><SP WIDTH="16" VPOS="1525" HPOS="1696"/><String ID="p485_w658" CONTENT="of" HPOS="1712" VPOS="1525" WIDTH="40" HEIGHT="75" STYLEREFS="font0"/><SP WIDTH="17" VPOS="1525" HPOS="1752"/><String ID="p485_w659" CONTENT="the" HPOS="1769" VPOS="1525" WIDTH="55" HEIGHT="75" STYLEREFS="font0"/><SP WIDTH="16" VPOS="1525" HPOS="1824"/><String ID="p485_w660" CONTENT="fame" HPOS="1840" VPOS="1525" WIDTH="83" HEIGHT="75" STYLEREFS="font0"/><SP WIDTH="14" VPOS="1525" HPOS="1923"/><String ID="p485_w661" CONTENT="circles" HPOS="1937" VPOS="1525" WIDTH="111" HEIGHT="75" STYLEREFS="font0"/><SP WIDTH="17" VPOS="1525" HPOS="2048"/><String ID="p485_w662" CONTENT="to" HPOS="2065" VPOS="1525" WIDTH="37" HEIGHT="75" STYLEREFS="font0"/><SP WIDTH="16" VPOS="1525" HPOS="2102"/><String ID="p485_w663" CONTENT="be" HPOS="2118" VPOS="1525" WIDTH="40" HEIGHT="75" STYLEREFS="font0"/><SP WIDTH="15" VPOS="1525" HPOS="2158"/><String ID="p485_w664" CONTENT="repeat-" HPOS="2173" VPOS="1525" WIDTH="125" HEIGHT="75" STYLEREFS="font0"/></TextLine><TextLine WIDTH="1035" HEIGHT="75" ID="p485_t92" HPOS="1262" VPOS="1572"><String ID="p485_w665" CONTENT="ed" HPOS="1262" VPOS="1572" WIDTH="40" HEIGHT="75" STYLEREFS="font0"/><SP WIDTH="16" VPOS="1572" HPOS="1302"/><String ID="p485_w666" CONTENT="upon" HPOS="1318" VPOS="1572" WIDTH="86" HEIGHT="75" STYLEREFS="font0"/><SP WIDTH="17" VPOS="1572" HPOS="1404"/><String ID="p485_w667" CONTENT="the" HPOS="1421" VPOS="1572" WIDTH="56" HEIGHT="75" STYLEREFS="font0"/><SP WIDTH="16" VPOS="1572" HPOS="1477"/><String ID="p485_w668" CONTENT="right" HPOS="1493" VPOS="1572" WIDTH="89" HEIGHT="75" STYLEREFS="font0"/><SP WIDTH="30" VPOS="1572" HPOS="1582"/><String ID="p485_w669" CONTENT="of" HPOS="1612" VPOS="1572" WIDTH="41" HEIGHT="75" STYLEREFS="font0"/><SP WIDTH="18" VPOS="1572" HPOS="1653"/><String ID="p485_w670" CONTENT="our" HPOS="1671" VPOS="1572" WIDTH="61" HEIGHT="75" STYLEREFS="font0"/><SP WIDTH="16" VPOS="1572" HPOS="1732"/><String ID="p485_w671" CONTENT="examples," HPOS="1748" VPOS="1572" WIDTH="178" HEIGHT="75" STYLEREFS="font0"/><SP WIDTH="23" VPOS="1572" HPOS="1926"/><String ID="p485_w672" CONTENT="it" HPOS="1949" VPOS="1572" WIDTH="27" HEIGHT="75" STYLEREFS="font0"/><SP WIDTH="21" VPOS="1572" HPOS="1976"/><String ID="p485_w673" CONTENT="is" HPOS="1997" VPOS="1572" WIDTH="28" HEIGHT="75" STYLEREFS="font0"/><SP WIDTH="21" VPOS="1572" HPOS="2025"/><String ID="p485_w674" CONTENT="plain," HPOS="2046" VPOS="1572" WIDTH="98" HEIGHT="75" STYLEREFS="font0"/><SP WIDTH="25" VPOS="1572" HPOS="2144"/><String ID="p485_w675" CONTENT="that" HPOS="2169" VPOS="1572" WIDTH="71" HEIGHT="75" STYLEREFS="font0"/><SP WIDTH="23" VPOS="1572" HPOS="2240"/><String ID="p485_w676" CONTENT="in" HPOS="2263" VPOS="1572" WIDTH="34" HEIGHT="75" STYLEREFS="font0"/></TextLine><TextLine WIDTH="1041" HEIGHT="75" ID="p485_t93" HPOS="1262" VPOS="1620"><String ID="p485_w677" CONTENT="adding" HPOS="1262" VPOS="1620" WIDTH="120" HEIGHT="75" STYLEREFS="font0"/><SP WIDTH="15" VPOS="1620" HPOS="1382"/><String ID="p485_w678" CONTENT="them" HPOS="1397" VPOS="1620" WIDTH="88" HEIGHT="75" STYLEREFS="font0"/><SP WIDTH="17" VPOS="1620" HPOS="1485"/><String ID="p485_w679" CONTENT="the" HPOS="1502" VPOS="1620" WIDTH="56" HEIGHT="75" STYLEREFS="font0"/><SP WIDTH="23" VPOS="1620" HPOS="1558"/><String ID="p485_w680" CONTENT="carriage" HPOS="1581" VPOS="1620" WIDTH="141" HEIGHT="75" STYLEREFS="font0"/><SP WIDTH="17" VPOS="1620" HPOS="1722"/><String ID="p485_w681" CONTENT="from" HPOS="1739" VPOS="1620" WIDTH="87" HEIGHT="75" STYLEREFS="font0"/><SP WIDTH="27" VPOS="1620" HPOS="1826"/><String ID="p485_w682" CONTENT="the" HPOS="1853" VPOS="1620" WIDTH="56" HEIGHT="75" STYLEREFS="font0"/><SP WIDTH="27" VPOS="1620" HPOS="1909"/><String ID="p485_w683" CONTENT="left-hand" HPOS="1936" VPOS="1620" WIDTH="164" HEIGHT="75" STYLEREFS="font0"/><SP WIDTH="16" VPOS="1620" HPOS="2100"/><String ID="p485_w684" CONTENT="column" HPOS="2116" VPOS="1620" WIDTH="127" HEIGHT="75" STYLEREFS="font0"/><SP WIDTH="18" VPOS="1620" HPOS="2243"/><String ID="p485_w685" CONTENT="of" HPOS="2261" VPOS="1620" WIDTH="42" HEIGHT="75" STYLEREFS="font0"/></TextLine><TextLine WIDTH="1037" HEIGHT="75" ID="p485_t94" HPOS="1260" VPOS="1667"><String ID="p485_w686" CONTENT="the" HPOS="1260" VPOS="1667" WIDTH="56" HEIGHT="75" STYLEREFS="font0"/><SP WIDTH="16" VPOS="1667" HPOS="1316"/><String ID="p485_w687" CONTENT="new" HPOS="1332" VPOS="1667" WIDTH="72" HEIGHT="75" STYLEREFS="font0"/><SP WIDTH="14" VPOS="1667" HPOS="1404"/><String ID="p485_w688" CONTENT="fett" HPOS="1418" VPOS="1667" WIDTH="64" HEIGHT="75" STYLEREFS="font0"/><SP WIDTH="14" VPOS="1667" HPOS="1482"/><String ID="p485_w689" CONTENT="would" HPOS="1496" VPOS="1667" WIDTH="111" HEIGHT="75" STYLEREFS="font0"/><SP WIDTH="14" VPOS="1667" HPOS="1607"/><String ID="p485_w690" CONTENT="naturally" HPOS="1621" VPOS="1667" WIDTH="161" HEIGHT="75" STYLEREFS="font0"/><SP WIDTH="17" VPOS="1667" HPOS="1782"/><String ID="p485_w691" CONTENT="fall" HPOS="1799" VPOS="1667" WIDTH="59" HEIGHT="75" STYLEREFS="font0"/><SP WIDTH="20" VPOS="1667" HPOS="1858"/><String ID="p485_w692" CONTENT="into" HPOS="1878" VPOS="1667" WIDTH="70" HEIGHT="75" STYLEREFS="font0"/><SP WIDTH="17" VPOS="1667" HPOS="1948"/><String ID="p485_w693" CONTENT="the" HPOS="1965" VPOS="1667" WIDTH="55" HEIGHT="75" STYLEREFS="font0"/><SP WIDTH="18" VPOS="1667" HPOS="2020"/><String ID="p485_w694" CONTENT="right-hand" HPOS="2038" VPOS="1667" WIDTH="188" HEIGHT="75" STYLEREFS="font0"/><SP WIDTH="15" VPOS="1667" HPOS="2226"/><String ID="p485_w695" CONTENT="co-" HPOS="2241" VPOS="1667" WIDTH="56" HEIGHT="75" STYLEREFS="font0"/></TextLine><TextLine WIDTH="392" HEIGHT="75" ID="p485_t95" HPOS="1259" VPOS="1712"><String ID="p485_w696" CONTENT="lumn" HPOS="1259" VPOS="1712" WIDTH="89" HEIGHT="75" STYLEREFS="font0"/><SP WIDTH="17" VPOS="1712" HPOS="1348"/><String ID="p485_w697" CONTENT="of" HPOS="1365" VPOS="1712" WIDTH="41" HEIGHT="75" STYLEREFS="font0"/><SP WIDTH="10" VPOS="1712" HPOS="1406"/><String ID="p485_w698" CONTENT="our" HPOS="1416" VPOS="1712" WIDTH="59" HEIGHT="75" STYLEREFS="font0"/><SP WIDTH="15" VPOS="1712" HPOS="1475"/><String ID="p485_w699" CONTENT="example." HPOS="1490" VPOS="1712" WIDTH="161" HEIGHT="75" STYLEREFS="font0"/></TextLine><TextLine WIDTH="989" HEIGHT="75" ID="p485_t96" HPOS="1307" VPOS="1760"><String ID="p485_w700" CONTENT="The" HPOS="1307" VPOS="1760" WIDTH="75" HEIGHT="75" STYLEREFS="font0"/><SP WIDTH="9" VPOS="1760" HPOS="1382"/><String ID="p485_w701" CONTENT="operation" HPOS="1391" VPOS="1760" WIDTH="166" HEIGHT="75" STYLEREFS="font0"/><SP WIDTH="15" VPOS="1760" HPOS="1557"/><String ID="p485_w702" CONTENT="here" HPOS="1572" VPOS="1760" WIDTH="77" HEIGHT="75" STYLEREFS="font0"/><SP WIDTH="12" VPOS="1760" HPOS="1649"/><String ID="p485_w703" CONTENT="is" HPOS="1661" VPOS="1760" WIDTH="31" HEIGHT="75" STYLEREFS="font0"/><SP WIDTH="8" VPOS="1760" HPOS="1692"/><String ID="p485_w704" CONTENT="the" HPOS="1700" VPOS="1760" WIDTH="56" HEIGHT="75" STYLEREFS="font0"/><SP WIDTH="16" VPOS="1760" HPOS="1756"/><String ID="p485_w705" CONTENT="fame" HPOS="1772" VPOS="1760" WIDTH="85" HEIGHT="75" STYLEREFS="font0"/><SP WIDTH="17" VPOS="1760" HPOS="1857"/><String ID="p485_w706" CONTENT="as" HPOS="1874" VPOS="1760" WIDTH="34" HEIGHT="75" STYLEREFS="font0"/><SP WIDTH="13" VPOS="1760" HPOS="1908"/><String ID="p485_w707" CONTENT="in" HPOS="1921" VPOS="1760" WIDTH="33" HEIGHT="75" STYLEREFS="font0"/><SP WIDTH="16" VPOS="1760" HPOS="1954"/><String ID="p485_w708" CONTENT="addition" HPOS="1970" VPOS="1760" WIDTH="144" HEIGHT="75" STYLEREFS="font0"/><SP WIDTH="17" VPOS="1760" HPOS="2114"/><String ID="p485_w709" CONTENT="of" HPOS="2131" VPOS="1760" WIDTH="41" HEIGHT="75" STYLEREFS="font0"/><SP WIDTH="10" VPOS="1760" HPOS="2172"/><String ID="p485_w710" CONTENT="vulgar" HPOS="2182" VPOS="1760" WIDTH="114" HEIGHT="75" STYLEREFS="font0"/></TextLine><TextLine WIDTH="1036" HEIGHT="75" ID="p485_t97" HPOS="1260" VPOS="1808"><String ID="p485_w711" CONTENT="fra&amp;ions" HPOS="1260" VPOS="1808" WIDTH="149" HEIGHT="75" STYLEREFS="font0"/><SP WIDTH="14" VPOS="1808" HPOS="1409"/><String ID="p485_w712" CONTENT=";" HPOS="1423" VPOS="1808" WIDTH="11" HEIGHT="75" STYLEREFS="font0"/><SP WIDTH="27" VPOS="1808" HPOS="1434"/><String ID="p485_w713" CONTENT="for" HPOS="1461" VPOS="1808" WIDTH="51" HEIGHT="75" STYLEREFS="font0"/><SP WIDTH="16" VPOS="1808" HPOS="1512"/><String ID="p485_w714" CONTENT="every" HPOS="1528" VPOS="1808" WIDTH="98" HEIGHT="75" STYLEREFS="font0"/><SP WIDTH="15" VPOS="1808" HPOS="1626"/><String ID="p485_w715" CONTENT="circle" HPOS="1641" VPOS="1808" WIDTH="96" HEIGHT="75" STYLEREFS="font0"/><SP WIDTH="16" VPOS="1808" HPOS="1737"/><String ID="p485_w716" CONTENT="is" HPOS="1753" VPOS="1808" WIDTH="27" HEIGHT="75" STYLEREFS="font0"/><SP WIDTH="17" VPOS="1808" HPOS="1780"/><String ID="p485_w717" CONTENT="the" HPOS="1797" VPOS="1808" WIDTH="56" HEIGHT="75" STYLEREFS="font0"/><SP WIDTH="17" VPOS="1808" HPOS="1853"/><String ID="p485_w718" CONTENT="numerator" HPOS="1870" VPOS="1808" WIDTH="186" HEIGHT="75" STYLEREFS="font0"/><SP WIDTH="25" VPOS="1808" HPOS="2056"/><String ID="p485_w719" CONTENT="of" HPOS="2081" VPOS="1808" WIDTH="40" HEIGHT="75" STYLEREFS="font0"/><SP WIDTH="19" VPOS="1808" HPOS="2121"/><String ID="p485_w720" CONTENT="a" HPOS="2140" VPOS="1808" WIDTH="19" HEIGHT="75" STYLEREFS="font0"/><SP WIDTH="23" VPOS="1808" HPOS="2159"/><String ID="p485_w721" CONTENT="vulgar" HPOS="2182" VPOS="1808" WIDTH="114" HEIGHT="75" STYLEREFS="font0"/></TextLine><TextLine WIDTH="1037" HEIGHT="75" ID="p485_t98" HPOS="1258" VPOS="1855"><String ID="p485_w722" CONTENT="fradlion," HPOS="1258" VPOS="1855" WIDTH="145" HEIGHT="75" STYLEREFS="font0"/><SP WIDTH="26" VPOS="1855" HPOS="1403"/><String ID="p485_w723" CONTENT="whofe" HPOS="1429" VPOS="1855" WIDTH="107" HEIGHT="75" STYLEREFS="font0"/><SP WIDTH="27" VPOS="1855" HPOS="1536"/><String ID="p485_w724" CONTENT="common" HPOS="1563" VPOS="1855" WIDTH="148" HEIGHT="75" STYLEREFS="font0"/><SP WIDTH="23" VPOS="1855" HPOS="1711"/><String ID="p485_w725" CONTENT="denominator" HPOS="1734" VPOS="1855" WIDTH="222" HEIGHT="75" STYLEREFS="font0"/><SP WIDTH="26" VPOS="1855" HPOS="1956"/><String ID="p485_w726" CONTENT="is" HPOS="1982" VPOS="1855" WIDTH="28" HEIGHT="75" STYLEREFS="font0"/><SP WIDTH="28" VPOS="1855" HPOS="2010"/><String ID="p485_w727" CONTENT="999999" HPOS="2038" VPOS="1855" WIDTH="141" HEIGHT="75" STYLEREFS="font0"/><SP WIDTH="14" VPOS="1855" HPOS="2179"/><String ID="p485_w728" CONTENT=";" HPOS="2193" VPOS="1855" WIDTH="10" HEIGHT="75" STYLEREFS="font0"/><SP WIDTH="27" VPOS="1855" HPOS="2203"/><String ID="p485_w729" CONTENT="and" HPOS="2230" VPOS="1855" WIDTH="65" HEIGHT="75" STYLEREFS="font0"/></TextLine><TextLine WIDTH="1038" HEIGHT="75" ID="p485_t99" HPOS="1256" VPOS="1901"><String ID="p485_w730" CONTENT="if" HPOS="1256" VPOS="1901" WIDTH="31" HEIGHT="75" STYLEREFS="font0"/><SP WIDTH="11" VPOS="1901" HPOS="1287"/><String ID="p485_w731" CONTENT="the" HPOS="1298" VPOS="1901" WIDTH="59" HEIGHT="75" STYLEREFS="font0"/><SP WIDTH="15" VPOS="1901" HPOS="1357"/><String ID="p485_w732" CONTENT="circles" HPOS="1372" VPOS="1901" WIDTH="113" HEIGHT="75" STYLEREFS="font0"/><SP WIDTH="24" VPOS="1901" HPOS="1485"/><String ID="p485_w733" CONTENT="or" HPOS="1509" VPOS="1901" WIDTH="39" HEIGHT="75" STYLEREFS="font0"/><SP WIDTH="25" VPOS="1901" HPOS="1548"/><String ID="p485_w734" CONTENT="numerators" HPOS="1573" VPOS="1901" WIDTH="201" HEIGHT="75" STYLEREFS="font0"/><SP WIDTH="16" VPOS="1901" HPOS="1774"/><String ID="p485_w735" CONTENT="be" HPOS="1790" VPOS="1901" WIDTH="41" HEIGHT="75" STYLEREFS="font0"/><SP WIDTH="22" VPOS="1901" HPOS="1831"/><String ID="p485_w736" CONTENT="added," HPOS="1853" VPOS="1901" WIDTH="117" HEIGHT="75" STYLEREFS="font0"/><SP WIDTH="25" VPOS="1901" HPOS="1970"/><String ID="p485_w737" CONTENT="without" HPOS="1995" VPOS="1901" WIDTH="137" HEIGHT="75" STYLEREFS="font0"/><SP WIDTH="18" VPOS="1901" HPOS="2132"/><String ID="p485_w738" CONTENT="minding" HPOS="2150" VPOS="1901" WIDTH="144" HEIGHT="75" STYLEREFS="font0"/></TextLine><TextLine WIDTH="1037" HEIGHT="75" ID="p485_t100" HPOS="1257" VPOS="1948"><String ID="p485_w739" CONTENT="any" HPOS="1257" VPOS="1948" WIDTH="63" HEIGHT="75" STYLEREFS="font0"/><SP WIDTH="16" VPOS="1948" HPOS="1320"/><String ID="p485_w740" CONTENT="carriage" HPOS="1336" VPOS="1948" WIDTH="141" HEIGHT="75" STYLEREFS="font0"/><SP WIDTH="16" VPOS="1948" HPOS="1477"/><String ID="p485_w741" CONTENT="from" HPOS="1493" VPOS="1948" WIDTH="86" HEIGHT="75" STYLEREFS="font0"/><SP WIDTH="15" VPOS="1948" HPOS="1579"/><String ID="p485_w742" CONTENT="the" HPOS="1594" VPOS="1948" WIDTH="57" HEIGHT="75" STYLEREFS="font0"/><SP WIDTH="15" VPOS="1948" HPOS="1651"/><String ID="p485_w743" CONTENT="left-hand" HPOS="1666" VPOS="1948" WIDTH="162" HEIGHT="75" STYLEREFS="font0"/><SP WIDTH="18" VPOS="1948" HPOS="1828"/><String ID="p485_w744" CONTENT="column," HPOS="1846" VPOS="1948" WIDTH="142" HEIGHT="75" STYLEREFS="font0"/><SP WIDTH="25" VPOS="1948" HPOS="1988"/><String ID="p485_w745" CONTENT="the" HPOS="2013" VPOS="1948" WIDTH="57" HEIGHT="75" STYLEREFS="font0"/><SP WIDTH="15" VPOS="1948" HPOS="2070"/><String ID="p485_w746" CONTENT="fum" HPOS="2085" VPOS="1948" WIDTH="69" HEIGHT="75" STYLEREFS="font0"/><SP WIDTH="16" VPOS="1948" HPOS="2154"/><String ID="p485_w747" CONTENT="will" HPOS="2170" VPOS="1948" WIDTH="66" HEIGHT="75" STYLEREFS="font0"/><SP WIDTH="16" VPOS="1948" HPOS="2236"/><String ID="p485_w748" CONTENT="be" HPOS="2252" VPOS="1948" WIDTH="42" HEIGHT="75" STYLEREFS="font0"/></TextLine><TextLine WIDTH="817" HEIGHT="131" ID="p485_t101" HPOS="1258" VPOS="1998"><String ID="p485_w749" CONTENT="2110628." HPOS="1258" VPOS="1998" WIDTH="177" HEIGHT="75" STYLEREFS="font0"/><SP WIDTH="34" VPOS="1998" HPOS="1435"/><String ID="p485_w750" CONTENT="And" HPOS="1469" VPOS="2054" WIDTH="80" HEIGHT="75" STYLEREFS="font0"/><SP WIDTH="16" VPOS="2054" HPOS="1549"/><String ID="p485_w751" CONTENT="999999)2ii°628(244444f" HPOS="1565" VPOS="2054" WIDTH="510" HEIGHT="75" STYLEREFS="font0"/></TextLine><TextLine WIDTH="156" HEIGHT="75" ID="p485_t102" HPOS="1724" VPOS="2102"><String ID="p485_w752" CONTENT="1999998" HPOS="1724" VPOS="2102" WIDTH="156" HEIGHT="75" STYLEREFS="font0"/></TextLine><TextLine WIDTH="138" HEIGHT="75" ID="p485_t103" HPOS="1747" VPOS="2195"><String ID="p485_w753" CONTENT="110630" HPOS="1747" VPOS="2195" WIDTH="138" HEIGHT="75" STYLEREFS="font0"/></TextLine><TextLine WIDTH="989" HEIGHT="75" ID="p485_t104" HPOS="1302" VPOS="2263"><String ID="p485_w754" CONTENT="But," HPOS="1302" VPOS="2263" WIDTH="80" HEIGHT="75" STYLEREFS="font0"/><SP WIDTH="23" VPOS="2263" HPOS="1382"/><String ID="p485_w755" CONTENT="by" HPOS="1405" VPOS="2263" WIDTH="45" HEIGHT="75" STYLEREFS="font0"/><SP WIDTH="14" VPOS="2263" HPOS="1450"/><String ID="p485_w756" CONTENT="pointing" HPOS="1464" VPOS="2263" WIDTH="146" HEIGHT="75" STYLEREFS="font0"/><SP WIDTH="15" VPOS="2263" HPOS="1610"/><String ID="p485_w757" CONTENT="off" HPOS="1625" VPOS="2263" WIDTH="53" HEIGHT="75" STYLEREFS="font0"/><SP WIDTH="10" VPOS="2263" HPOS="1678"/><String ID="p485_w758" CONTENT="from" HPOS="1688" VPOS="2263" WIDTH="86" HEIGHT="75" STYLEREFS="font0"/><SP WIDTH="23" VPOS="2263" HPOS="1774"/><String ID="p485_w759" CONTENT="the" HPOS="1797" VPOS="2263" WIDTH="57" HEIGHT="75" STYLEREFS="font0"/><SP WIDTH="23" VPOS="2263" HPOS="1854"/><String ID="p485_w760" CONTENT="fum" HPOS="1877" VPOS="2263" WIDTH="68" HEIGHT="75" STYLEREFS="font0"/><SP WIDTH="25" VPOS="2263" HPOS="1945"/><String ID="p485_w761" CONTENT="of" HPOS="1970" VPOS="2263" WIDTH="41" HEIGHT="75" STYLEREFS="font0"/><SP WIDTH="22" VPOS="2263" HPOS="2011"/><String ID="p485_w762" CONTENT="the" HPOS="2033" VPOS="2263" WIDTH="55" HEIGHT="75" STYLEREFS="font0"/><SP WIDTH="17" VPOS="2263" HPOS="2088"/><String ID="p485_w763" CONTENT="circles" HPOS="2105" VPOS="2263" WIDTH="112" HEIGHT="75" STYLEREFS="font0"/><SP WIDTH="24" VPOS="2263" HPOS="2217"/><String ID="p485_w764" CONTENT="fix" HPOS="2241" VPOS="2263" WIDTH="50" HEIGHT="75" STYLEREFS="font0"/></TextLine><TextLine WIDTH="1035" HEIGHT="75" ID="p485_t105" HPOS="1255" VPOS="2311"><String ID="p485_w765" CONTENT="figures" HPOS="1255" VPOS="2311" WIDTH="115" HEIGHT="75" STYLEREFS="font0"/><SP WIDTH="28" VPOS="2311" HPOS="1370"/><String ID="p485_w766" CONTENT="towards" HPOS="1398" VPOS="2311" WIDTH="141" HEIGHT="75" STYLEREFS="font0"/><SP WIDTH="27" VPOS="2311" HPOS="1539"/><String ID="p485_w767" CONTENT="the" HPOS="1566" VPOS="2311" WIDTH="57" HEIGHT="75" STYLEREFS="font0"/><SP WIDTH="28" VPOS="2311" HPOS="1623"/><String ID="p485_w768" CONTENT="right," HPOS="1651" VPOS="2311" WIDTH="105" HEIGHT="75" STYLEREFS="font0"/><SP WIDTH="22" VPOS="2311" HPOS="1756"/><String ID="p485_w769" CONTENT="we" HPOS="1778" VPOS="2311" WIDTH="49" HEIGHT="75" STYLEREFS="font0"/><SP WIDTH="22" VPOS="2311" HPOS="1827"/><String ID="p485_w770" CONTENT="divide.by" HPOS="1849" VPOS="2311" WIDTH="169" HEIGHT="75" STYLEREFS="font0"/><SP WIDTH="19" VPOS="2311" HPOS="2018"/><String ID="p485_w771" CONTENT="1006000," HPOS="2037" VPOS="2311" WIDTH="175" HEIGHT="75" STYLEREFS="font0"/><SP WIDTH="24" VPOS="2311" HPOS="2212"/><String ID="p485_w772" CONTENT="in-" HPOS="2236" VPOS="2311" WIDTH="54" HEIGHT="75" STYLEREFS="font0"/></TextLine><TextLine WIDTH="1035" HEIGHT="75" ID="p485_t106" HPOS="1256" VPOS="2358"><String ID="p485_w773" CONTENT="ftead" HPOS="1256" VPOS="2358" WIDTH="86" HEIGHT="75" STYLEREFS="font0"/><SP WIDTH="26" VPOS="2358" HPOS="1342"/><String ID="p485_w774" CONTENT="of" HPOS="1368" VPOS="2358" WIDTH="40" HEIGHT="75" STYLEREFS="font0"/><SP WIDTH="23" VPOS="2358" HPOS="1408"/><String ID="p485_w775" CONTENT="dividing" HPOS="1431" VPOS="2358" WIDTH="144" HEIGHT="75" STYLEREFS="font0"/><SP WIDTH="15" VPOS="2358" HPOS="1575"/><String ID="p485_w776" CONTENT="by" HPOS="1590" VPOS="2358" WIDTH="44" HEIGHT="75" STYLEREFS="font0"/><SP WIDTH="17" VPOS="2358" HPOS="1634"/><String ID="p485_w777" CONTENT="999999" HPOS="1651" VPOS="2358" WIDTH="138" HEIGHT="75" STYLEREFS="font0"/><SP WIDTH="16" VPOS="2358" HPOS="1789"/><String ID="p485_w778" CONTENT=";" HPOS="1805" VPOS="2358" WIDTH="11" HEIGHT="75" STYLEREFS="font0"/><SP WIDTH="26" VPOS="2358" HPOS="1816"/><String ID="p485_w779" CONTENT="which" HPOS="1842" VPOS="2358" WIDTH="106" HEIGHT="75" STYLEREFS="font0"/><SP WIDTH="28" VPOS="2358" HPOS="1948"/><String ID="p485_w780" CONTENT="gives" HPOS="1976" VPOS="2358" WIDTH="88" HEIGHT="75" STYLEREFS="font0"/><SP WIDTH="27" VPOS="2358" HPOS="2064"/><String ID="p485_w781" CONTENT="indeed" HPOS="2091" VPOS="2358" WIDTH="117" HEIGHT="75" STYLEREFS="font0"/><SP WIDTH="26" VPOS="2358" HPOS="2208"/><String ID="p485_w782" CONTENT="the" HPOS="2234" VPOS="2358" WIDTH="57" HEIGHT="75" STYLEREFS="font0"/></TextLine><TextLine WIDTH="879" HEIGHT="75" ID="p485_t107" HPOS="1258" VPOS="2404"><String ID="p485_w783" CONTENT="fame" HPOS="1258" VPOS="2404" WIDTH="83" HEIGHT="75" STYLEREFS="font0"/><SP WIDTH="21" VPOS="2404" HPOS="1341"/><String ID="p485_w784" CONTENT="quot," HPOS="1362" VPOS="2404" WIDTH="94" HEIGHT="75" STYLEREFS="font0"/><SP WIDTH="25" VPOS="2404" HPOS="1456"/><String ID="p485_w785" CONTENT="but" HPOS="1481" VPOS="2404" WIDTH="59" HEIGHT="75" STYLEREFS="font0"/><SP WIDTH="16" VPOS="2404" HPOS="1540"/><String ID="p485_w786" CONTENT="makes" HPOS="1556" VPOS="2404" WIDTH="108" HEIGHT="75" STYLEREFS="font0"/><SP WIDTH="16" VPOS="2404" HPOS="1664"/><String ID="p485_w787" CONTENT="the" HPOS="1680" VPOS="2404" WIDTH="56" HEIGHT="75" STYLEREFS="font0"/><SP WIDTH="25" VPOS="2404" HPOS="1736"/><String ID="p485_w788" CONTENT="remainder" HPOS="1761" VPOS="2404" WIDTH="177" HEIGHT="75" STYLEREFS="font0"/><SP WIDTH="16" VPOS="2404" HPOS="1938"/><String ID="p485_w789" CONTENT="too" HPOS="1954" VPOS="2404" WIDTH="56" HEIGHT="75" STYLEREFS="font0"/><SP WIDTH="24" VPOS="2404" HPOS="2010"/><String ID="p485_w790" CONTENT="fmall." HPOS="2034" VPOS="2404" WIDTH="103" HEIGHT="75" STYLEREFS="font0"/></TextLine><TextLine WIDTH="987" HEIGHT="75" ID="p485_t108" HPOS="1304" VPOS="2450"><String ID="p485_w791" CONTENT="Now," HPOS="1304" VPOS="2450" WIDTH="98" HEIGHT="75" STYLEREFS="font0"/><SP WIDTH="25" VPOS="2450" HPOS="1402"/><String ID="p485_w792" CONTENT="that" HPOS="1427" VPOS="2450" WIDTH="71" HEIGHT="75" STYLEREFS="font0"/><SP WIDTH="26" VPOS="2450" HPOS="1498"/><String ID="p485_w793" CONTENT="the" HPOS="1524" VPOS="2450" WIDTH="56" HEIGHT="75" STYLEREFS="font0"/><SP WIDTH="17" VPOS="2450" HPOS="1580"/><String ID="p485_w794" CONTENT="carriageTfigure" HPOS="1597" VPOS="2450" WIDTH="257" HEIGHT="75" STYLEREFS="font0"/><SP WIDTH="18" VPOS="2450" HPOS="1854"/><String ID="p485_w795" CONTENT="from" HPOS="1872" VPOS="2450" WIDTH="85" HEIGHT="75" STYLEREFS="font0"/><SP WIDTH="18" VPOS="2450" HPOS="1957"/><String ID="p485_w796" CONTENT="the" HPOS="1975" VPOS="2450" WIDTH="55" HEIGHT="75" STYLEREFS="font0"/><SP WIDTH="16" VPOS="2450" HPOS="2030"/><String ID="p485_w797" CONTENT="left-hand" HPOS="2046" VPOS="2450" WIDTH="163" HEIGHT="75" STYLEREFS="font0"/><SP WIDTH="24" VPOS="2450" HPOS="2209"/><String ID="p485_w798" CONTENT="co-" HPOS="2233" VPOS="2450" WIDTH="58" HEIGHT="75" STYLEREFS="font0"/></TextLine><TextLine WIDTH="1036" HEIGHT="75" ID="p485_t109" HPOS="1256" VPOS="2498"><String ID="p485_w799" CONTENT="lumn" HPOS="1256" VPOS="2498" WIDTH="88" HEIGHT="75" STYLEREFS="font0"/><SP WIDTH="16" VPOS="2498" HPOS="1344"/><String ID="p485_w800" CONTENT="of" HPOS="1360" VPOS="2498" WIDTH="41" HEIGHT="75" STYLEREFS="font0"/><SP WIDTH="10" VPOS="2498" HPOS="1401"/><String ID="p485_w801" CONTENT="the" HPOS="1411" VPOS="2498" WIDTH="57" HEIGHT="75" STYLEREFS="font0"/><SP WIDTH="22" VPOS="2498" HPOS="1468"/><String ID="p485_w802" CONTENT="circles," HPOS="1490" VPOS="2498" WIDTH="126" HEIGHT="75" STYLEREFS="font0"/><SP WIDTH="23" VPOS="2498" HPOS="1616"/><String ID="p485_w803" CONTENT="is" HPOS="1639" VPOS="2498" WIDTH="28" HEIGHT="75" STYLEREFS="font0"/><SP WIDTH="16" VPOS="2498" HPOS="1667"/><String ID="p485_w804" CONTENT="the" HPOS="1683" VPOS="2498" WIDTH="54" HEIGHT="75" STYLEREFS="font0"/><SP WIDTH="17" VPOS="2498" HPOS="1737"/><String ID="p485_w805" CONTENT="integral" HPOS="1754" VPOS="2498" WIDTH="136" HEIGHT="75" STYLEREFS="font0"/><SP WIDTH="16" VPOS="2498" HPOS="1890"/><String ID="p485_w806" CONTENT="part" HPOS="1906" VPOS="2498" WIDTH="71" HEIGHT="75" STYLEREFS="font0"/><SP WIDTH="17" VPOS="2498" HPOS="1977"/><String ID="p485_w807" CONTENT="of" HPOS="1994" VPOS="2498" WIDTH="40" HEIGHT="75" STYLEREFS="font0"/><SP WIDTH="11" VPOS="2498" HPOS="2034"/><String ID="p485_w808" CONTENT="the" HPOS="2045" VPOS="2498" WIDTH="55" HEIGHT="75" STYLEREFS="font0"/><SP WIDTH="13" VPOS="2498" HPOS="2100"/><String ID="p485_w809" CONTENT="quot," HPOS="2113" VPOS="2498" WIDTH="93" HEIGHT="75" STYLEREFS="font0"/><SP WIDTH="17" VPOS="2498" HPOS="2206"/><String ID="p485_w810" CONTENT="and" HPOS="2223" VPOS="2498" WIDTH="69" HEIGHT="75" STYLEREFS="font0"/></TextLine><TextLine WIDTH="1030" HEIGHT="75" ID="p485_t110" HPOS="1258" VPOS="2544"><String ID="p485_w811" CONTENT="at" HPOS="1258" VPOS="2544" WIDTH="31" HEIGHT="75" STYLEREFS="font0"/><SP WIDTH="16" VPOS="2544" HPOS="1289"/><String ID="p485_w812" CONTENT="the" HPOS="1305" VPOS="2544" WIDTH="56" HEIGHT="75" STYLEREFS="font0"/><SP WIDTH="17" VPOS="2544" HPOS="1361"/><String ID="p485_w813" CONTENT="fame" HPOS="1378" VPOS="2544" WIDTH="83" HEIGHT="75" STYLEREFS="font0"/><SP WIDTH="17" VPOS="2544" HPOS="1461"/><String ID="p485_w814" CONTENT="time" HPOS="1478" VPOS="2544" WIDTH="78" HEIGHT="75" STYLEREFS="font0"/><SP WIDTH="26" VPOS="2544" HPOS="1556"/><String ID="p485_w815" CONTENT="the" HPOS="1582" VPOS="2544" WIDTH="56" HEIGHT="75" STYLEREFS="font0"/><SP WIDTH="26" VPOS="2544" HPOS="1638"/><String ID="p485_w816" CONTENT="difference" HPOS="1664" VPOS="2544" WIDTH="171" HEIGHT="75" STYLEREFS="font0"/><SP WIDTH="31" VPOS="2544" HPOS="1835"/><String ID="p485_w817" CONTENT="between" HPOS="1866" VPOS="2544" WIDTH="145" HEIGHT="75" STYLEREFS="font0"/><SP WIDTH="27" VPOS="2544" HPOS="2011"/><String ID="p485_w818" CONTENT="the" HPOS="2038" VPOS="2544" WIDTH="55" HEIGHT="75" STYLEREFS="font0"/><SP WIDTH="28" VPOS="2544" HPOS="2093"/><String ID="p485_w819" CONTENT="true" HPOS="2121" VPOS="2544" WIDTH="70" HEIGHT="75" STYLEREFS="font0"/><SP WIDTH="32" VPOS="2544" HPOS="2191"/><String ID="p485_w820" CONTENT="and" HPOS="2223" VPOS="2544" WIDTH="65" HEIGHT="75" STYLEREFS="font0"/></TextLine><TextLine WIDTH="1030" HEIGHT="75" ID="p485_t111" HPOS="1256" VPOS="2591"><String ID="p485_w821" CONTENT="falfe" HPOS="1256" VPOS="2591" WIDTH="78" HEIGHT="75" STYLEREFS="font0"/><SP WIDTH="28" VPOS="2591" HPOS="1334"/><String ID="p485_w822" CONTENT="remainder," HPOS="1362" VPOS="2591" WIDTH="189" HEIGHT="75" STYLEREFS="font0"/><SP WIDTH="21" VPOS="2591" HPOS="1551"/><String ID="p485_w823" CONTENT="is" HPOS="1572" VPOS="2591" WIDTH="28" HEIGHT="75" STYLEREFS="font0"/><SP WIDTH="27" VPOS="2591" HPOS="1600"/><String ID="p485_w824" CONTENT="evident;" HPOS="1627" VPOS="2591" WIDTH="146" HEIGHT="75" STYLEREFS="font0"/><SP WIDTH="27" VPOS="2591" HPOS="1773"/><String ID="p485_w825" CONTENT="for" HPOS="1800" VPOS="2591" WIDTH="53" HEIGHT="75" STYLEREFS="font0"/><SP WIDTH="26" VPOS="2591" HPOS="1853"/><String ID="p485_w826" CONTENT="the" HPOS="1879" VPOS="2591" WIDTH="56" HEIGHT="75" STYLEREFS="font0"/><SP WIDTH="27" VPOS="2591" HPOS="1935"/><String ID="p485_w827" CONTENT="quotient-figure" HPOS="1962" VPOS="2591" WIDTH="265" HEIGHT="75" STYLEREFS="font0"/><SP WIDTH="24" VPOS="2591" HPOS="2227"/><String ID="p485_w828" CONTENT="2," HPOS="2251" VPOS="2591" WIDTH="35" HEIGHT="75" STYLEREFS="font0"/></TextLine><TextLine WIDTH="1030" HEIGHT="75" ID="p485_t112" HPOS="1255" VPOS="2637"><String ID="p485_w829" CONTENT="muHiplied" HPOS="1255" VPOS="2637" WIDTH="180" HEIGHT="75" STYLEREFS="font0"/><SP WIDTH="15" VPOS="2637" HPOS="1435"/><String ID="p485_w830" CONTENT="into" HPOS="1450" VPOS="2637" WIDTH="70" HEIGHT="75" STYLEREFS="font0"/><SP WIDTH="21" VPOS="2637" HPOS="1520"/><String ID="p485_w831" CONTENT="the" HPOS="1541" VPOS="2637" WIDTH="56" HEIGHT="75" STYLEREFS="font0"/><SP WIDTH="22" VPOS="2637" HPOS="1597"/><String ID="p485_w832" CONTENT="two." HPOS="1619" VPOS="2637" WIDTH="72" HEIGHT="75" STYLEREFS="font0"/><SP WIDTH="20" VPOS="2637" HPOS="1691"/><String ID="p485_w833" CONTENT="divifors" HPOS="1711" VPOS="2637" WIDTH="134" HEIGHT="75" STYLEREFS="font0"/><SP WIDTH="32" VPOS="2637" HPOS="1845"/><String ID="p485_w834" CONTENT="1000000.and" HPOS="1877" VPOS="2637" WIDTH="239" HEIGHT="75" STYLEREFS="font0"/><SP WIDTH="16" VPOS="2637" HPOS="2116"/><String ID="p485_w835" CONTENT="999999," HPOS="2132" VPOS="2637" WIDTH="153" HEIGHT="75" STYLEREFS="font0"/></TextLine><TextLine WIDTH="1030" HEIGHT="75" ID="p485_t113" HPOS="1255" VPOS="2684"><String ID="p485_w836" CONTENT="gives" HPOS="1255" VPOS="2684" WIDTH="87" HEIGHT="75" STYLEREFS="font0"/><SP WIDTH="24" VPOS="2684" HPOS="1342"/><String ID="p485_w837" CONTENT="two" HPOS="1366" VPOS="2684" WIDTH="67" HEIGHT="75" STYLEREFS="font0"/><SP WIDTH="26" VPOS="2684" HPOS="1433"/><String ID="p485_w838" CONTENT="produdlsj" HPOS="1459" VPOS="2684" WIDTH="160" HEIGHT="75" STYLEREFS="font0"/><SP WIDTH="23" VPOS="2684" HPOS="1619"/><String ID="p485_w839" CONTENT="whofe" HPOS="1642" VPOS="2684" WIDTH="106" HEIGHT="75" STYLEREFS="font0"/><SP WIDTH="27" VPOS="2684" HPOS="1748"/><String ID="p485_w840" CONTENT="difference" HPOS="1775" VPOS="2684" WIDTH="174" HEIGHT="75" STYLEREFS="font0"/><SP WIDTH="26" VPOS="2684" HPOS="1949"/><String ID="p485_w841" CONTENT="is" HPOS="1975" VPOS="2684" WIDTH="28" HEIGHT="75" STYLEREFS="font0"/><SP WIDTH="22" VPOS="2684" HPOS="2003"/><String ID="p485_w842" CONTENT="2;" HPOS="2025" VPOS="2684" WIDTH="41" HEIGHT="75" STYLEREFS="font0"/><SP WIDTH="27" VPOS="2684" HPOS="2066"/><String ID="p485_w843" CONTENT="and" HPOS="2093" VPOS="2684" WIDTH="62" HEIGHT="75" STYLEREFS="font0"/><SP WIDTH="22" VPOS="2684" HPOS="2155"/><String ID="p485_w844" CONTENT="confe-" HPOS="2177" VPOS="2684" WIDTH="108" HEIGHT="75" STYLEREFS="font0"/></TextLine><TextLine WIDTH="1029" HEIGHT="75" ID="p485_t114" HPOS="1256" VPOS="2730"><String ID="p485_w845" CONTENT="quently," HPOS="1256" VPOS="2730" WIDTH="146" HEIGHT="75" STYLEREFS="font0"/><SP WIDTH="35" VPOS="2730" HPOS="1402"/><String ID="p485_w846" CONTENT="if" HPOS="1437" VPOS="2730" WIDTH="31" HEIGHT="75" STYLEREFS="font0"/><SP WIDTH="17" VPOS="2730" HPOS="1468"/><String ID="p485_w847" CONTENT="the" HPOS="1485" VPOS="2730" WIDTH="56" HEIGHT="75" STYLEREFS="font0"/><SP WIDTH="26" VPOS="2730" HPOS="1541"/><String ID="p485_w848" CONTENT="greateft" HPOS="1567" VPOS="2730" WIDTH="134" HEIGHT="75" STYLEREFS="font0"/><SP WIDTH="34" VPOS="2730" HPOS="1701"/><String ID="p485_w849" CONTENT="product," HPOS="1735" VPOS="2730" WIDTH="145" HEIGHT="75" STYLEREFS="font0"/><SP WIDTH="31" VPOS="2730" HPOS="1880"/><String ID="p485_w850" CONTENT="viz." HPOS="1911" VPOS="2730" WIDTH="70" HEIGHT="75" STYLEREFS="font0"/><SP WIDTH="28" VPOS="2730" HPOS="1981"/><String ID="p485_w851" CONTENT="2.X" HPOS="2009" VPOS="2730" WIDTH="61" HEIGHT="75" STYLEREFS="font0"/><SP WIDTH="14" VPOS="2730" HPOS="2070"/><String ID="p485_w852" CONTENT="1000000=" HPOS="2084" VPOS="2730" WIDTH="201" HEIGHT="75" STYLEREFS="font0"/></TextLine><TextLine WIDTH="1040" HEIGHT="75" ID="p485_t115" HPOS="1255" VPOS="2779"><String ID="p485_w853" CONTENT="2000000," HPOS="1255" VPOS="2779" WIDTH="175" HEIGHT="75" STYLEREFS="font0"/><SP WIDTH="24" VPOS="2779" HPOS="1430"/><String ID="p485_w854" CONTENT="be" HPOS="1454" VPOS="2779" WIDTH="39" HEIGHT="75" STYLEREFS="font0"/><SP WIDTH="26" VPOS="2779" HPOS="1493"/><String ID="p485_w855" CONTENT="fubtradted" HPOS="1519" VPOS="2779" WIDTH="179" HEIGHT="75" STYLEREFS="font0"/><SP WIDTH="25" VPOS="2779" HPOS="1698"/><String ID="p485_w856" CONTENT="from" HPOS="1723" VPOS="2779" WIDTH="85" HEIGHT="75" STYLEREFS="font0"/><SP WIDTH="27" VPOS="2779" HPOS="1808"/><String ID="p485_w857" CONTENT="the" HPOS="1835" VPOS="2779" WIDTH="57" HEIGHT="75" STYLEREFS="font0"/><SP WIDTH="26" VPOS="2779" HPOS="1892"/><String ID="p485_w858" CONTENT="dividend," HPOS="1918" VPOS="2779" WIDTH="165" HEIGHT="75" STYLEREFS="font0"/><SP WIDTH="25" VPOS="2779" HPOS="2083"/><String ID="p485_w859" CONTENT="the" HPOS="2108" VPOS="2779" WIDTH="56" HEIGHT="75" STYLEREFS="font0"/><SP WIDTH="25" VPOS="2779" HPOS="2164"/><String ID="p485_w860" CONTENT="refult." HPOS="2189" VPOS="2779" WIDTH="106" HEIGHT="75" STYLEREFS="font0"/></TextLine><TextLine WIDTH="1029" HEIGHT="75" ID="p485_t116" HPOS="1255" VPOS="2825"><String ID="p485_w861" CONTENT="will" HPOS="1255" VPOS="2825" WIDTH="65" HEIGHT="75" STYLEREFS="font0"/><SP WIDTH="12" VPOS="2825" HPOS="1320"/><String ID="p485_w862" CONTENT="want" HPOS="1332" VPOS="2825" WIDTH="85" HEIGHT="75" STYLEREFS="font0"/><SP WIDTH="17" VPOS="2825" HPOS="1417"/><String ID="p485_w863" CONTENT="2" HPOS="1434" VPOS="2825" WIDTH="18" HEIGHT="75" STYLEREFS="font0"/><SP WIDTH="20" VPOS="2825" HPOS="1452"/><String ID="p485_w864" CONTENT="of" HPOS="1472" VPOS="2825" WIDTH="40" HEIGHT="75" STYLEREFS="font0"/><SP WIDTH="10" VPOS="2825" HPOS="1512"/><String ID="p485_w865" CONTENT="the" HPOS="1522" VPOS="2825" WIDTH="56" HEIGHT="75" STYLEREFS="font0"/><SP WIDTH="15" VPOS="2825" HPOS="1578"/><String ID="p485_w866" CONTENT="true" HPOS="1593" VPOS="2825" WIDTH="71" HEIGHT="75" STYLEREFS="font0"/><SP WIDTH="16" VPOS="2825" HPOS="1664"/><String ID="p485_w867" CONTENT="remainder." HPOS="1680" VPOS="2825" WIDTH="191" HEIGHT="75" STYLEREFS="font0"/><SP WIDTH="47" VPOS="2825" HPOS="1871"/><String ID="p485_w868" CONTENT="To" HPOS="1918" VPOS="2825" WIDTH="58" HEIGHT="75" STYLEREFS="font0"/><SP WIDTH="16" VPOS="2825" HPOS="1976"/><String ID="p485_w869" CONTENT="prevent" HPOS="1992" VPOS="2825" WIDTH="131" HEIGHT="75" STYLEREFS="font0"/><SP WIDTH="16" VPOS="2825" HPOS="2123"/><String ID="p485_w870" CONTENT="fuch" HPOS="2139" VPOS="2825" WIDTH="76" HEIGHT="75" STYLEREFS="font0"/><SP WIDTH="17" VPOS="2825" HPOS="2215"/><String ID="p485_w871" CONTENT="er-" HPOS="2232" VPOS="2825" WIDTH="52" HEIGHT="75" STYLEREFS="font0"/></TextLine><TextLine WIDTH="1038" HEIGHT="75" ID="p485_t117" HPOS="1254" VPOS="2873"><String ID="p485_w872" CONTENT="rors," HPOS="1254" VPOS="2873" WIDTH="81" HEIGHT="75" STYLEREFS="font0"/><SP WIDTH="26" VPOS="2873" HPOS="1335"/><String ID="p485_w873" CONTENT="and" HPOS="1361" VPOS="2873" WIDTH="61" HEIGHT="75" STYLEREFS="font0"/><SP WIDTH="24" VPOS="2873" HPOS="1422"/><String ID="p485_w874" CONTENT="to" HPOS="1446" VPOS="2873" WIDTH="36" HEIGHT="75" STYLEREFS="font0"/><SP WIDTH="23" VPOS="2873" HPOS="1482"/><String ID="p485_w875" CONTENT="put" HPOS="1505" VPOS="2873" WIDTH="58" HEIGHT="75" STYLEREFS="font0"/><SP WIDTH="26" VPOS="2873" HPOS="1563"/><String ID="p485_w876" CONTENT="the" HPOS="1589" VPOS="2873" WIDTH="57" HEIGHT="75" STYLEREFS="font0"/><SP WIDTH="26" VPOS="2873" HPOS="1646"/><String ID="p485_w877" CONTENT="work" HPOS="1672" VPOS="2873" WIDTH="97" HEIGHT="75" STYLEREFS="font0"/><SP WIDTH="21" VPOS="2873" HPOS="1769"/><String ID="p485_w878" CONTENT="on" HPOS="1790" VPOS="2873" WIDTH="43" HEIGHT="75" STYLEREFS="font0"/><SP WIDTH="17" VPOS="2873" HPOS="1833"/><String ID="p485_w879" CONTENT="a" HPOS="1850" VPOS="2873" WIDTH="19" HEIGHT="75" STYLEREFS="font0"/><SP WIDTH="15" VPOS="2873" HPOS="1869"/><String ID="p485_w880" CONTENT="fure." HPOS="1884" VPOS="2873" WIDTH="82" HEIGHT="75" STYLEREFS="font0"/><SP WIDTH="15" VPOS="2873" HPOS="1966"/><String ID="p485_w881" CONTENT="footing," HPOS="1981" VPOS="2873" WIDTH="139" HEIGHT="75" STYLEREFS="font0"/><SP WIDTH="25" VPOS="2873" HPOS="2120"/><String ID="p485_w882" CONTENT="find" HPOS="2145" VPOS="2873" WIDTH="66" HEIGHT="75" STYLEREFS="font0"/><SP WIDTH="17" VPOS="2873" HPOS="2211"/><String ID="p485_w883" CONTENT="the." HPOS="2228" VPOS="2873" WIDTH="64" HEIGHT="75" STYLEREFS="font0"/></TextLine><TextLine WIDTH="1028" HEIGHT="75" ID="p485_t118" HPOS="1255" VPOS="2920"><String ID="p485_w884" CONTENT="carriage" HPOS="1255" VPOS="2920" WIDTH="138" HEIGHT="75" STYLEREFS="font0"/><SP WIDTH="17" VPOS="2920" HPOS="1393"/><String ID="p485_w885" CONTENT="from," HPOS="1410" VPOS="2920" WIDTH="91" HEIGHT="75" STYLEREFS="font0"/><SP WIDTH="11" VPOS="2920" HPOS="1501"/><String ID="p485_w886" CONTENT="the" HPOS="1512" VPOS="2920" WIDTH="54" HEIGHT="75" STYLEREFS="font0"/><SP WIDTH="16" VPOS="2920" HPOS="1566"/><String ID="p485_w887" CONTENT="left-hand" HPOS="1582" VPOS="2920" WIDTH="162" HEIGHT="75" STYLEREFS="font0"/><SP WIDTH="26" VPOS="2920" HPOS="1744"/><String ID="p485_w888" CONTENT="column:" HPOS="1770" VPOS="2920" WIDTH="135" HEIGHT="75" STYLEREFS="font0"/><SP WIDTH="14" VPOS="2920" HPOS="1905"/><String ID="p485_w889" CONTENT="of" HPOS="1919" VPOS="2920" WIDTH="40" HEIGHT="75" STYLEREFS="font0"/><SP WIDTH="18" VPOS="2920" HPOS="1959"/><String ID="p485_w890" CONTENT="the" HPOS="1977" VPOS="2920" WIDTH="56" HEIGHT="75" STYLEREFS="font0"/><SP WIDTH="28" VPOS="2920" HPOS="2033"/><String ID="p485_w891" CONTENT="circles," HPOS="2061" VPOS="2920" WIDTH="125" HEIGHT="75" STYLEREFS="font0"/><SP WIDTH="33" VPOS="2920" HPOS="2186"/><String ID="p485_w892" CONTENT="add" HPOS="2219" VPOS="2920" WIDTH="64" HEIGHT="75" STYLEREFS="font0"/></TextLine><TextLine WIDTH="1041" HEIGHT="75" ID="p485_t119" HPOS="1255" VPOS="2967"><String ID="p485_w893" CONTENT="this" HPOS="1255" VPOS="2967" WIDTH="64" HEIGHT="75" STYLEREFS="font0"/><SP WIDTH="17" VPOS="2967" HPOS="1319"/><String ID="p485_w894" CONTENT="carriage" HPOS="1336" VPOS="2967" WIDTH="140" HEIGHT="75" STYLEREFS="font0"/><SP WIDTH="15" VPOS="2967" HPOS="1476"/><String ID="p485_w895" CONTENT="to" HPOS="1491" VPOS="2967" WIDTH="37" HEIGHT="75" STYLEREFS="font0"/><SP WIDTH="15" VPOS="2967" HPOS="1528"/><String ID="p485_w896" CONTENT="the" HPOS="1543" VPOS="2967" WIDTH="56" HEIGHT="75" STYLEREFS="font0"/><SP WIDTH="18" VPOS="2967" HPOS="1599"/><String ID="p485_w897" CONTENT="right-hand" HPOS="1617" VPOS="2967" WIDTH="188" HEIGHT="75" STYLEREFS="font0"/><SP WIDTH="26" VPOS="2967" HPOS="1805"/><String ID="p485_w898" CONTENT="column," HPOS="1831" VPOS="2967" WIDTH="146" HEIGHT="75" STYLEREFS="font0"/><SP WIDTH="20" VPOS="2967" HPOS="1977"/><String ID="p485_w899" CONTENT="divide" HPOS="1997" VPOS="2967" WIDTH="108" HEIGHT="75" STYLEREFS="font0"/><SP WIDTH="27" VPOS="2967" HPOS="2105"/><String ID="p485_w900" CONTENT="the" HPOS="2132" VPOS="2967" WIDTH="56" HEIGHT="75" STYLEREFS="font0"/><SP WIDTH="26" VPOS="2967" HPOS="2188"/><String ID="p485_w901" CONTENT="fum." HPOS="2214" VPOS="2967" WIDTH="82" HEIGHT="75" STYLEREFS="font0"/></TextLine><TextLine WIDTH="1040" HEIGHT="75" ID="p485_t120" HPOS="1254" VPOS="3014"><String ID="p485_w902" CONTENT="by" HPOS="1254" VPOS="3014" WIDTH="43" HEIGHT="75" STYLEREFS="font0"/><SP WIDTH="24" VPOS="3014" HPOS="1297"/><String ID="p485_w903" CONTENT="1000000," HPOS="1321" VPOS="3014" WIDTH="172" HEIGHT="75" STYLEREFS="font0"/><SP WIDTH="25" VPOS="3014" HPOS="1493"/><String ID="p485_w904" CONTENT="and" HPOS="1518" VPOS="3014" WIDTH="62" HEIGHT="75" STYLEREFS="font0"/><SP WIDTH="17" VPOS="3014" HPOS="1580"/><String ID="p485_w905" CONTENT="you" HPOS="1597" VPOS="3014" WIDTH="63" HEIGHT="75" STYLEREFS="font0"/><SP WIDTH="18" VPOS="3014" HPOS="1660"/><String ID="p485_w906" CONTENT="will" HPOS="1678" VPOS="3014" WIDTH="67" HEIGHT="75" STYLEREFS="font0"/><SP WIDTH="16" VPOS="3014" HPOS="1745"/><String ID="p485_w907" CONTENT="have" HPOS="1761" VPOS="3014" WIDTH="80" HEIGHT="75" STYLEREFS="font0"/><SP WIDTH="17" VPOS="3014" HPOS="1841"/><String ID="p485_w908" CONTENT="a" HPOS="1858" VPOS="3014" WIDTH="18" HEIGHT="75" STYLEREFS="font0"/><SP WIDTH="16" VPOS="3014" HPOS="1876"/><String ID="p485_w909" CONTENT="true" HPOS="1892" VPOS="3014" WIDTH="71" HEIGHT="75" STYLEREFS="font0"/><SP WIDTH="17" VPOS="3014" HPOS="1963"/><String ID="p485_w910" CONTENT="quot,'" HPOS="1980" VPOS="3014" WIDTH="96" HEIGHT="75" STYLEREFS="font0"/><SP WIDTH="22" VPOS="3014" HPOS="2076"/><String ID="p485_w911" CONTENT="and" HPOS="2098" VPOS="3014" WIDTH="62" HEIGHT="75" STYLEREFS="font0"/><SP WIDTH="16" VPOS="3014" HPOS="2160"/><String ID="p485_w912" CONTENT="a" HPOS="2176" VPOS="3014" WIDTH="19" HEIGHT="75" STYLEREFS="font0"/><SP WIDTH="13" VPOS="3014" HPOS="2195"/><String ID="p485_w913" CONTENT="true," HPOS="2208" VPOS="3014" WIDTH="86" HEIGHT="75" STYLEREFS="font0"/></TextLine><TextLine WIDTH="1040" HEIGHT="75" ID="p485_t121" HPOS="1254" VPOS="3062"><String ID="p485_w914" CONTENT="remainder." HPOS="1254" VPOS="3062" WIDTH="190" HEIGHT="75" STYLEREFS="font0"/><SP WIDTH="47" VPOS="3062" HPOS="1444"/><String ID="p485_w915" CONTENT="The" HPOS="1491" VPOS="3062" WIDTH="77" HEIGHT="75" STYLEREFS="font0"/><SP WIDTH="17" VPOS="3062" HPOS="1568"/><String ID="p485_w916" CONTENT="learner" HPOS="1585" VPOS="3062" WIDTH="124" HEIGHT="75" STYLEREFS="font0"/><SP WIDTH="15" VPOS="3062" HPOS="1709"/><String ID="p485_w917" CONTENT="may" HPOS="1724" VPOS="3062" WIDTH="74" HEIGHT="75" STYLEREFS="font0"/><SP WIDTH="14" VPOS="3062" HPOS="1798"/><String ID="p485_w918" CONTENT="look" HPOS="1812" VPOS="3062" WIDTH="80" HEIGHT="75" STYLEREFS="font0"/><SP WIDTH="26" VPOS="3062" HPOS="1892"/><String ID="p485_w919" CONTENT="back" HPOS="1918" VPOS="3062" WIDTH="82" HEIGHT="75" STYLEREFS="font0"/><SP WIDTH="26" VPOS="3062" HPOS="2000"/><String ID="p485_w920" CONTENT="to" HPOS="2026" VPOS="3062" WIDTH="35" HEIGHT="75" STYLEREFS="font0"/><SP WIDTH="27" VPOS="3062" HPOS="2061"/><String ID="p485_w921" CONTENT="divifion" HPOS="2088" VPOS="3062" WIDTH="131" HEIGHT="75" STYLEREFS="font0"/><SP WIDTH="16" VPOS="3062" HPOS="2219"/><String ID="p485_w922" CONTENT="&lt;oP" HPOS="2235" VPOS="3062" WIDTH="59" HEIGHT="75" STYLEREFS="font0"/></TextLine><TextLine WIDTH="169" HEIGHT="75" ID="p485_t122" HPOS="2129" VPOS="3107"><String ID="p485_w923" CONTENT="integers,." HPOS="2129" VPOS="3107" WIDTH="169" HEIGHT="75" STYLEREFS="font0"/></TextLine></PrintSpace></Page></Layout></alto>