2498 3377
1147 165 18 75 (
1224 165 81 75 318
1364 165 21 75 )

505 381 80 75 A
694 381 83 75 N
889 375 82 75 N
1080 375 79 75 U
1272 375 37 75 I
1420 375 83 75 T
1616 375 35 75 I
1764 375 63 75 E
1948 375 75 75 S.

208 527 116 75 AN
348 527 149 75 Annuity
511 527 27 75 is
555 527 19 75 a
589 527 69 75 fum
674 527 43 75 of
725 527 131 75 money,
871 527 134 75 payable
1016 527 123 75 yearly,
1156 527 84 75 half-

314 571 122 75 yearly,
461 571 38 75 or
515 571 178 75 quarterly,
719 571 35 75 to
771 571 149 75 continue
936 571 22 75 a
971 571 122 75 certain
1109 571 133 75 number

209 618 41 75 of
260 618 106 75 years,
392 618 53 75 for
461 618 87 75 ever,
577 618 38 75 or
631 618 51 75 for
699 618 70 75 life.

254 665 55 75 An
326 665 134 75 annuity
481 665 31 75 ia
526 665 65 75 faid
611 665 35 75 to
663 665 40 75 be
719 665 33 75 in
769 665 118 75 arrear,
913 665 94 75 when
1031 665 27 75 it
1077 665 165 75 continues

206 711 125 75 unpaid'
341 711 84 75 after
439 711 27 75 it
482 711 74 75 falls
573 711 75 75 due.
697 711 78 75 And
792 711 39 75 an
848 711 131 75 annuity
995 711 27 75 is
1047 711 66 75 laid
1140 711 36 75 to
1202 711 42 75 be

207 757 34 75 in
258 757 168 75 reverfion,
451 757 93 75 when
561 757 56 75 the
633 757 182 75 purcHafer,
840 757 86 75 upon
943 757 117 75 paying
1076 757 56 75 the
1144 757 99 75 price,

208 804 77 75 does
302 804 58 75 not
375 804 218 75 immediately
609 804 91 75 enter
723 804 86 75 upon
833 804 180 75 poffeffion;
1039 804 58 75 tire
1114 804 133 75 annuity

208 850 57 75 not
282 850 219 75 commencing
517 850 51 75 till
584 850 87 75 fome
686 850 77 75 time
780 850 97 75 after.

256 896 135 75 Intereft
407 896 42 75 on
465 896 156 75 annuities
647 896 75 75 may
744 896 41 75 be
812 896 173 75 computed
1008 896 103 75 either
1134 896 33 75 in
1190 896 57 75 the

208 943 73 75 way
308 943 41 75 of
371 943 108 75 limple
507 943 37 75 or
572 943 179 75 compound
778 943 142 75 interell.
967 943 68 75 But
1065 943 184 75 compound

208 990 149 75 intereft,,
373 990 97 75 being
486 990 102 75 found
603 990 80 75 molt
699 990 175 75 equitable*
900 990 82 75 both
998 990 52 75 for
1069 990 101 75 buyer
1187 990 63 75 and

210 1036 105 75 feller,
348 1036 60 75 the
424 1036 219 75 computation
667 1036 45 75 by
735 1036 109 75 fimple
860 1036 129 75 intereft
1010 1036 28 75 is
1058 1036 192 75 univerfally

210 1083 137 75 difufed.

415 1165 30 75 I.
471 1165 182 75 Annuities
659 1165 65 75 for
739 1165 22 75 a
778 1165 131 75 certain
926 1165 107 75 Time.

257 1221 185 75 Problem
463 1221 32 75 i.
544 1221 160 75 Annuity,
721 1221 81 75 rate,
820 1221 63 75 and
899 1221 89 75 time,
1006 1221 106 75 given,
1129 1221 36 75 to
1177 1221 67 75 find

212 1268 57 75 the
285 1268 144 75 amount,
455 1268 37 75 or
509 1268 67 75 fum
593 1268 41 75 of
644 1268 112 75 yearly
772 1268 179 75 payments,
976 1268 63 75 and
1054 1268 141 75 intereft.

259 1314 123 75 Rule.
431 1314 102 75 Make
549 1314 14 75 i
579 1314 56 75 the
651 1314 64 75 firft
730 1314 83 75 term
830 1314 39 75 of
881 1314 18 75 a
914 1314 206 75 geometrical
1135 1314 107 75 feries,

211 1361 135 75 and.the
363 1361 130 75 amount
516 1361 41 75 of
575 1361 49 75 il.
650 1361 53 75 for
726 1361 19 75 a
771 1361 84 75 year
875 1361 55 75 the
958 1361 147 75 common
1133 1361 109 75 ratio;

211 1408 149 75 continue
375 1408 65 75 this
464 1408 95 75 feries
580 1408 36 75 to
640 1408 34 75 as
698 1408 96 75 many
810 1408 99 75 terms
926 1408 34 75 as
976 1408 91 75 there
1084 1408 53 75 are
1153 1408 92 75 years

211 1454 33 75 in
260 1454 56 75 the
333 1454 164 75 queftion;
524 1454 63 75 and
602 1454 57 75 the
675 1454 68 75 fum
760 1454 40 75 of
811 1454 65 75 this
887 1454 95 75 feries
999 1454 27 75 is
1042 1454 57 75 the
1116 1454 131 75 amount

211 1500 41 75 of
266 1500 53 75 11.
344 1500 133 75 annuity
492 1500 52 75 for
559 1500 57 75 the
632 1500 94 75 given
741 1500 112 75 years;
872 1500 119 75 which,
1009 1500 180 75 multiplied
1200 1500 45 75 by

211 1547 56 75 the
284 1547 92 75 given
389 1547 145 75 annuity,
559 1547 66 75 will
642 1547 140 75 produce
798 1547 57 75 the
872 1547 131 75 amount
1019 1547 130 75 fought.

259 1593 206 75 Example.
516 1593 53 75 An
586 1593 132 75 annuity
745 1593 40 75 of
809 1593 78 75 40I.
913 1593 134 75 payable
1069 1593 122 75 yearly,
1217 1593 27 75 is

211 1639 133 75 forborn
363 1639 62 75 and
441 1639 118 75 unpaid
574 1639 50 75 till
641 1639 55 75 the
713 1639 64 75 end
806 1639 42 75 of
870 1639 18 75 5
917 1639 111 75 years:
1055 1639 106 75 What
1176 1639 67 75 will

211 1685 78 75 then
305 1685 41 75 be
363 1685 74 75 due,
462 1685 175 75 reckoning
653 1685 182 75 compound
854 1685 130 75 intereft
998 1685 33 75 at
1050 1685 92 75 ^ger
1157 1685 86 75 cent.

212 1732 42 75 on
272 1732 43 75 all
332 1732 56 75 the
403 1732 169 75 payments
592 1732 77 75 then
685 1732 36 75 in
735 1732 106 75 arrear
853 1732 12 75 ?

263 1782 287 75 123

741 1782 22 75 4

955 1782 17 75 5

263 1826 14 75 1
296 1826 9 75 :
330 1826 78 75 1.05
430 1826 12 75 :
460 1826 125 75 1.1025
611 1808 9 49 :
646 1826 174 75 1.157625
837 1826 10 75 :
866 1826 244 75 1.21550625;
1136 1826 109 75 whole

211 1873 68 75 fum
318 1873 27 75 is
388 1873 290 75 5,525631251.;
720 1873 62 75 and
817 1873 221 75 5.52563125
1073 1873 29 75 X
1136 1873 45 75 40
1208 1873 41 75 —

212 1920 199 75 221.02525
429 1920 37 75 =
483 1920 100 75 2211.
609 1920 63 75 os.
698 1920 22 75 6
732 1920 34 75 d.
791 1920 55 75 the
864 1920 132 75 amount
1009 1920 128 75 fought.

258 1964 77 75 The
351 1964 132 75 amount
497 1964 75 75 may
587 1964 66 75 alfo
668 1964 39 75 be
724 1964 101 75 found
840 1964 75 75 thus
927 1964 9 75 :
955 1964 158 75 Multiply
1128 1964 56 75 the
1196 1964 48 75 gi-

212 2009 62 75 ven
297 2009 132 75 annuity
445 2009 44 75 by
507 2009 57 75 the
580 2009 134 75 amount
737 2009 40 75 of
793 2009 12 75 1
822 2009 24 75 1.
872 2009 53 75 for
950 2009 19 75 a
994 2009 98 75 year;
1128 2009 37 75 to
1188 2009 60 75 the

212 2054 136 75 produifc
364 2054 63 75 add
442 2054 56 75 the
515 2054 90 75 given
623 2054 145 75 annuity,
786 2054 61 75 and
859 2054 56 75 the
926 2054 67 75 fum
1006 2054 26 75 is
1045 2054 54 75 the
1115 2054 131 75 amount

213 2102 32 75 in
263 2102 20 75 2
301 2102 115 75 years;
441 2102 108 75 which
568 2102 149 75 multiply
740 2102 43 75 by
797 2102 57 75 the
870 2102 131 75 amount
1017 2102 40 75 of
1080 2102 13 75 1
1109 2102 25 75 h
1160 2102 52 75 for
1227 2102 19 75 a

214 2147 95 75 year;
335 2147 36 75 to
389 2147 54 75 the
461 2147 135 75 product
613 2147 63 75 add
692 2147 55 75 the
763 2147 94 75 given
873 2147 143 75 annuity,
1034 2147 62 75 and
1112 2147 55 75 the
1178 2147 69 75 fum

214 2194 27 75 is
269 2194 56 75 the
351 2194 130 75 amount
509 2194 31 75 in
561 2194 31 75 3'
592 2194 109 75 years,
728 2194 66 75 <fcc.
852 2194 78 75 The
955 2194 121 75 former
1103 2194 146 75 queftion

214 2240 149 75 wrought
379 2240 34 75 in
430 2240 64 75 this
511 2240 131 75 manner
657 2240 142 75 follows.

380 2289 46 75 40
443 2289 63 75 am.
523 2289 34 75 in
578 2289 13 75 1
613 2289 90 75 year.

866 2289 103 75 126.1
986 2289 63 75 am.
1062 2289 32 75 in
1109 2289 18 75 3
1141 2289 104 75 years.

349 2334 78 75 1.05

892 2334 79 75 1.05

321 2427 108 75 42.00

321 2475 45 75 AO

321 2567 43 75 82
384 2567 65 75 am.
465 2567 32 75 in
516 2567 18 75 2
552 2567 105 75 years,

291 2613 79 75 1.05

274 2704 112 75 86.10

276 2752 45 75 40

824 2430 150 75 132.405

840 2475 46 75 40
939 2475 7 75 .

837 2568 147 75 172.405
998 2568 65 75 am.
1071 2568 32 75 in
1113 2568 22 75 4
1142 2568 105 75 years.

907 2615 76 75 1.05

790 2708 194 75 181.02525

810 2751 45 75 40

261 2845 64 75 126
346 2845 12 75 1
381 2845 64 75 am.
462 2845 33 75 in
513 2845 140 75 3-years.

781 2845 198 75 221.02525
994 2845 105 75 am.in
1114 2845 132 75 yyears.

262 2889 40 75 If
311 2889 56 75 the
386 2889 96 75 given
503 2889 76 75 time
604 2889 41 75 be
666 2889 92 75 years
781 2889 62 75 and
866 2889 160 75 quarters,
1051 2889 64 75 find
1141 2889 55 75 the
1213 2889 36 75 a-

215 2935 113 75 mount
344 2935 52 75 for
411 2935 55 75 the
483 2935 105 75 whole
611 2935 105 75 years,
741 2935 33 75 as
798 2935 125 75 above;
950 2935 75 75 then
1050 2935 67 75 find
1140 2935 106 75 the-a-

216 2980 113 75 mOunt
345 2980 41 75 of
402 2980 50 75 11.
470 2980 51 75 for
538 2980 55 75 the
611 2980 93 75 given
723 2980 169 75 quarters;
918 2980 44 75 by
974 2980 106 75 which
1096 2980 151 75 multiply

216 3030 56 75 the
290 3030 131 75 amount
436 3030 53 75 for
505 3030 56 75 the
576 3030 107 75 whole
698 3030 113 75 years;
838 3030 63 75 and
916 3030 36 75 to
968 3030 56 75 the
1039 3030 135 75 produdt
1183 3030 66 75 add

1289 520 77 75 fuch
1379 520 18 75 a
1416 520 74 75 part
1504 520 41 75 of
1556 520 56 75 the
1629 520 136 75 annuity
1777 520 34 75 as
1828 520 56 75 the
1904 520 93 75 given
2017 520 148 75 quarters
2183 520 54 75 are
2254 520 40 75 of
2305 520 19 75 3

1291 566 89 75 year.

1339 613 37 75 If
1394 613 55 75 the
1468 613 102 75 given,
1578 613 135 75 annuity
1733 613 41 75 be
1795 613 134 75 payable
1945 613 207 75 half-yearly,
2173 613 38 75 or
2228 613 97 75 quar-

1291 660 97 75 terly,
1413 660 66 75 find
1496 660 55 75 the
1569 660 131 75 amount
1715 660 40 75 of
1779 660 51 75 11.
1856 660 51 75 for
1929 660 74 75 half
2014 660 18 75 a
2048 660 76 75 year
2140 660 37 75 or
2193 660 19 75 a
2227 660 99 75 quar-

1292 706 69 75 ter;
1388 706 43 75 by
1443 706 107 75 which
1566 706 67 75 find
1648 706 56 75 the
1724 706 132 75 amount
1872 706 52 75 for
1939 706 57 75 the
2012 706 120 75 feveral
2147 706 178 75 half-years

1293 753 38 75 or
1347 753 161 75 quarters,
1532 753 33 75 in
1585 753 56 75 the
1664 753 83 75 fame
1770 753 133 75 manner
1923 753 35 75 as
1982 753 56 75 the
2055 753 131 75 amount
2200 753 53 75 for
2269 753 57 75 the

1295 799 118 75 feveral
1431 799 92 75 years
1539 799 27 75 is
1582 799 103 75 found
1699 799 114 75 above.

1343 845 115 75 Prob.
1479 845 34 75 2.
1563 845 158 75 Annuity,
1739 845 80 75 rate,
1838 845 63 75 and
1916 845 78 75 time
2011 845 105 75 given,
2141 845 36 75 to
2188 845 66 75 find
2270 845 57 75 the

1296 892 124 75 prefent
1437 892 119 75 worth,
1580 892 38 75 or
1633 892 68 75 fum
1717 892 41 75 of
1768 892 116 75 money
1907 892 74 75 that
2006 892 66 75 will
2092 892 153 75 purchafe
2270 892 58 75 the

1298 939 143 75 annuity.

1343 985 125 75 Rule.
1516 985 84 75 Find
1615 985 56 75 the
1687 985 131 75 amount
1834 985 40 75 of
1884 985 56 75 the
1957 985 92 75 given
2066 985 133 75 annuity
2214 985 44 75 by
2269 985 57 75 the

1296 1032 121 75 former
1433 1032 165 75 problem;
1625 1032 63 75 and
1704 1032 89 75 then,
1818 1032 44 75 by
1888 1032 181 75 compound
2094 1032 140 75 intereft,
2258 1032 68 75 find

1294 1080 55 75 the
1369 1080 124 75 prefent
1508 1080 106 75 worth
1631 1080 40 75 of
1681 1080 65 75 this
1758 1080 144 75 amount,
1919 1080 34 75 as
1966 1080 19 75 a
1996 1080 68 75 fum
2076 1080 62 75 due
2150 1080 34 75 at
2195 1080 55 75 the
2262 1080 65 75 end

1293 1127 41 75 of
1345 1127 55 75 the
1416 1127 94 75 given
1527 1127 90 75 time.

1337 1171 153 75 Examp.
1538 1171 107 75 What
1660 1171 26 75 is
1704 1171 56 75 the
1776 1171 126 75 prefent
1913 1171 106 75 worth
2036 1171 41 75 of
2088 1171 39 75 an
2144 1171 135 75 annuity
2289 1171 43 75 of

1293 1220 75 75 401.
1388 1220 34 75 to
1439 1220 149 75 continue
1608 1220 17 75 5
1644 1220 105 75 years,
1766 1220 200 75 difcounting
1982 1220 33 75 at
2030 1220 17 75 5
2056 1220 64 75 per
2134 1220 84 75 cent,
2237 1220 88 75 com-

1291 1264 109 75 pound
1418 1264 127 75 intereft
1558 1264 12 75 ?

1338 1311 52 75 By
1406 1311 55 75 the
1477 1311 121 75 former
1612 1311 158 75 problem,
1795 1311 55 75 the
1866 1311 132 75 amount
2014 1311 40 75 of
2072 1311 56 75 the
2152 1311 93 75 given
2269 1311 56 75 an-

1293 1357 91 75 nuity
1400 1357 53 75 for
1472 1357 17 75 5
1508 1357 105 75 years,
1639 1357 33 75 at
1691 1357 17 75 5
1725 1357 62 75 per
1803 1357 86 75 cent,
1907 1357 26 75 is
1952 1357 223 75 221.02525;
2202 1357 63 75 and
2280 1357 44 75 by

1293 1403 182 75 compound
1489 1403 140 75 intereft,
1654 1403 57 75 the
1727 1403 130 75 amount
1879 1403 41 75 of
1943 1403 49 75 if.
2017 1403 53 75 for
2084 1403 62 75 five
2161 1403 105 75 years,
2292 1403 35 75 at

1297 1451 52 75 5I.
1368 1451 63 75 per
1448 1451 86 75 cent,
1559 1451 27 75 is
1608 1451 267 75 1.2762815625

1342 1496 94 75 And,
1462 1496 734 75 1.2762815625)221.02525000(173.179
2203 1496 37 75 =

1297 1543 62 75 173
1375 1543 23 75 1.
1427 1543 57 75 38.
1505 1543 64 75 yd.
1595 1543 56 75 the
1674 1543 125 75 prelent
1821 1543 106 75 worth
1948 1543 128 75 fought.

1339 1589 76 75 The
1432 1589 125 75 prefent
1576 1589 103 75 worth
1695 1589 74 75 may
1785 1589 65 75 alfo
1866 1589 40 75 be
1925 1589 102 75 found
2043 1589 73 75 thus
2129 1589 9 75 :
2168 1589 53 75 By
2237 1589 88 75 com-

1292 1636 109 75 pound
1415 1636 141 75 intereft,
1581 1636 66 75 find
1659 1636 55 75 the
1730 1636 125 75 prefent
1872 1636 105 75 worth
1993 1636 40 75 of
2044 1636 77 75 each
2137 1636 76 75 year
2229 1636 43 75 by
2283 1636 41 75 it-

1293 1683 72 75 felf,
1391 1683 63 75 and
1469 1683 56 75 the
1541 1683 68 75 fum
1626 1683 40 75 of
1677 1683 88 75 thefe
1787 1683 27 75 is
1838 1683 56 75 the
1918 1683 124 75 prefent
2066 1683 106 75 worth
2195 1683 128 75 fought.

1293 1730 77 75 The
1386 1730 121 75 former
1523 1730 148 75 example
1687 1730 84 75 done
1789 1730 33 75 in
1839 1730 65 75 this
1919 1730 72 75 way
2007 1730 142 75 follows.

1452 1777 735 75 1.2762815625)40.000000000(31.3410
2205 1777 15 75 \

1502 1824 464 75 1.21550625)40.0000000
2015 1824 175 75 (32.908a

1550 1869 370 75 1.157625)40.00000
2017 1869 168 75 (34-5535

1596 1915 276 75 1.1025)40.000

2015 1915 167 75 (36.2811

1642 1961 184 75 1.05)40.0

2015 1961 168 75 (38.0952

1576 2052 133 75 Prefent
1728 2052 121 75 worth,

2021 2052 171 75 173.1788

1340 2100 38 75 If
1388 2100 57 75 the
1468 2100 131 75 annuity
1616 2100 35 75 to
1679 2100 40 75 be
1745 2100 176 75 purchafed
1944 2100 40 75 be
2007 2100 33 75 in
2067 2100 169 75 reverfion,
2261 2100 70 75 find

1294 2145 64 75 firft
1374 2145 56 75 the
1446 2145 125 75 prefent
1586 2145 107 75 worth
1705 2145 46 75 of,
1756 2145 56 75 the
1828 2145 145 75 annuity,
1992 2145 32 75 as
2038 2145 218 75 commencing
2266 2145 60 75 im-

1295 2194 183 75 mediately,
1503 2194 47 75 by
1563 2194 62 75 any
1648 2194 40 75 of
1710 2194 56 75 the
1793 2194 147 75 methods
1969 2194 114 75 taught
2111 2194 118 75 above;
2264 2194 66 75 and

1296 2239 89 75 then,
1411 2239 42 75 by
1470 2239 186 75 compound-
1673 2239 141 75 intere’ft,
1840 2239 67 75 find
1933 2239 56 75 the
2017 2239 124 75 prefent
2164 2239 105 75 worth
2291 2239 43 75 of

1296 2285 71 75 that
1383 2285 125 75 prefent
1523 2285 119 75 worth,
1665 2285 146 75 rebating
1827 2285 51 75 for
1902 2285 57 75 the
1987 2285 80 75 time
2088 2285 33 75 in
2144 2285 180 75 reverfion;

1297 2333 62 75 and
1374 2333 64 75 this
1454 2333 62 75 laft
1533 2333 125 75 prefent
1674 2333 107 75 worth
1796 2333 29 75 is
1839 2333 56 75 the
1911 2333 130 75 anfwer.

1344 2379 153 75 Examp.
1546 2379 107 75 What
1679 2379 28 75 is
1731 2379 55 75 the
1813 2379 126 75 prefent
1970 2379 109 75 worth
2104 2379 40 75 of
2169 2379 19 75 a
2213 2379 113 75 yearly

1298 2425 125 75 penfion
1441 2425 37 75 or
1498 2425 73 75 rent
1585 2425 41 75 of
1640 2425 40 75 75
1692 2425 24 75 1.
1741 2425 35 75 to
1794 2425 148 75 continue
1959 2425 21 75 4
1996 2425 105 75 years,
2125 2425 60 75 but
2210 2425 56 75 not
2290 2425 36 75 to

1298 2472 180 75 commence
1495 2472 49 75 till
1567 2472 17 75 3
1603 2472 91 75 years
1711 2472 112 75 hence,
1840 2472 199 75 difcounting
2055 2472 32 75 at
2106 2472 17 75 5
2137 2472 187 75 percent,?

1394 2521 53 75 .05
1469 2521 9 75 :
1503 2521 12 75 1
1539 2521 25 75 "
1586 2521 41 75 75
1649 2503 9 49 :
1682 2521 88 75 I5°°

1398 2566 74 75 1.05
1490 2566 29 75 X
1534 2566 75 75 1.05
1626 2566 29 75 X
1670 2566 75 75 1.05
1766 2566 30 75 X
1814 2566 77 75 1.05
1903 2566 37 75 =
1952 2566 218 75 1.21550625

1397 2614 72 75 1.21
1478 2614 17 75 5
1502 2614 129 75 50625)
1641 2614 12 75 I
1662 2614 217 75 5QO.OOOOO(
1887 2614 145 75 1234.05
2039 2614 63 75 371

1443 2658 88 75 1500

1441 2705 216 75 1234.05371

1463 2801 212 75 265.94629,
1700 2801 126 75 prefent
1841 2801 105 75 worth
1964 2801 41 75 of
2021 2801 56 75 the
2090 2801 143 75 annuity,
2258 2801 30 75 if
2299 2801 27 75 it

1732 2844 71 75 was.
1813 2844 34 75 to
1870 2844 182 75 commence
2068 2844 229 75 immediately.

1300 2892 121 75 1.05^
1439 2892 79 75 r.oy
1531 2892 29 75 X
1578 2892 77 75 1.05
1669 2892 36 75 =
1720 2892 182 75 1.157625.
1958 2892 42 75 L.
2047 2892 29 75 s.
2125 2892 33 75 d\

1300 2939 590 75 1.157625)265.94629(229.7344
1898 2939 37 75 =
1942 2939 67 75 229
2046 2939 40 75 14
2123 2939 49 75 8£

1344 2983 116 75 Prob.
1488 2983 33 75 3.
1570 2983 133 75 Prefent
1729 2983 30 75 u'
1759 2983 88 75 cyth,
1873 2983 67 75 rate
1969 2983 62 75 and
2053 2983 78 75 time
2159 2983 105 75 given,
2289 2983 36 75 to

1295 3031 66 75 find
1377 3031 56 75 the
1445 3031 145 75 annuity.

2199 3073 124 75 Rule,
