2517 3387
206 197 79 75 623

868 197 37 75 B
1027 197 41 75 O
1187 197 39 75 T

206 263 80 75 mud
303 263 63 75 firft
381 263 64 75 eat,
463 263 113 75 before
589 263 62 75 any
663 263 120 75 certain
796 263 179 75 conclufion
988 263 58 75 can
1057 263 41 75 be
1110 263 139 75 formed.

207 312 85 75 This
304 312 27 75 is
344 312 55 75 not
411 312 55 75 the
477 312 192 75 defcription
682 312 41 75 of
733 312 121 75 danger
865 312 113 75 arifing
990 312 83 75 from
1087 312 40 75 an
1138 312 113 75 imagi-

208 358 79 75 nary
302 358 157 75 fituation.
502 358 119 75 Before
639 358 55 75 the
710 358 182 75 vegetables
909 358 70 75 that
996 358 90 75 grow
1100 358 34 75 in
1153 358 98 75 Ame-

211 405 78 75 rica,
300 405 55 75 the
371 405 79 75 Eafl
465 405 62 75 and
539 405 89 75 Weft
638 405 121 75 Indies,
770 405 64 75 &c.
853 405 130 75 became
992 405 140 75 familiar
1144 405 35 75 to
1192 405 59 75 our

209 452 121 75 failorg,
358 452 95 75 many
469 452 79 75 lives
564 452 84 75 were
665 452 61 75 loft
741 452 44 75 by
802 452 89 75 trials
908 452 41 75 of
961 452 64 75 this
1041 452 99 75 kind:
1167 452 81 75 Nei-

209 500 73 75 ther
305 500 57 75 has
391 500 44 75 ail
460 500 56 75 the
543 500 208 75 information
779 500 145 75 received
952 500 86 75 from
1062 500 189 75 experience

209 547 81 75 been
314 547 160 75 fufficient
496 547 36 75 to
555 547 131 75 prevent
710 547 191 75 individuals
917 547 87 75 from
1021 547 62 75 ftill
1099 547 114 75 falling
1231 547 19 75 a

209 591 81 75 prey
307 591 36 75 to
360 591 172 75 ignorance
548 591 38 75 or
606 591 150 75 rafhnefs.

255 643 37 75 If
303 643 56 75 the
375 643 105 75 whole
497 643 119 75 fcience
643 643 42 75 of
707 643 121 75 botany
854 643 84 75 were
967 643 33 75 as
1029 643 158 75 complete
1211 643 33 75 as

208 688 85 75 fome
311 688 40 75 of
361 688 42 75 its
425 688 168 75 branches,
618 688 78 75 very
712 688 85 75 little
812 688 72 75 llcill
903 688 33 75 in
951 688 27 75 it
999 688 109 75 would
1124 688 39 75 be
1180 688 63 75 fuf-

209 736 107 75 ficient
332 736 35 75 to
383 736 102 75 guard
513 736 36 75 us
577 736 160 75 infallibly
752 736 85 75 from
853 736 201 75 committing
1071 736 75 75 fuch
1165 736 77 75 fatal

208 783 158 75 miftakes.
415 783 113 75 There
556 783 53 75 are
637 783 122 75 certain
787 783 112 75 orders
927 783 62 75 and
1014 783 108 75 clafles
1139 783 105 75 which

186 829 11 75 '
208 829 53 75 are
278 829 104 75 called
398 829 150 75 natural,
566 829 130 75 bycaufe
709 829 96 75 every
820 829 98 75 genus
940 829 61 75 and
1022 829 116 75 fpecies
1155 829 86 75 com-

207 877 184 75 prehended
406 877 101 75 under
533 877 89 75 them
640 877 52 75 are
713 877 56 75 not
792 877 78 75 only
885 877 225 75 diftinguilhed
1126 877 43 75 by
1186 877 56 75 the

207 923 82 75 fame
308 923 231 75 charaderiftic
566 923 119 75 marks,
711 923 57 75 but
791 923 140 75 likewife
951 923 114 75 poflefs
1081 923 55 75 the
1160 923 84 75 fame

208 971 162 75 qualities,
396 971 125 75 though
546 971 56 75 not
625 971 42 75 all
684 971 31 75 in
733 971 39 75 an
800 971 95 75 equal
923 971 129 75 degree.
1101 971 140 75 Forex-

207 1018 104 75 ample
323 1018 8 75 :
361 1018 96 75 Shew
474 1018 17 75 a
505 1018 135 75 botanift
657 1018 54 75 the
728 1018 111 75 flower
849 1018 40 75 of
901 1018 18 75 a
928 1018 92 75 plant
1034 1018 105 75 whofe
1155 1018 87 75 calix

206 1063 27 75 is
251 1063 18 75 a
285 1063 252 75 double-valved
563 1063 119 75 glume,
714 1063 79 75 with
818 1063 92 75 three
936 1063 142 75 ftamina,
1103 1063 66 75 two
1196 1063 46 75 pi-

207 1111 77 75 ftils,
311 1111 63 75 and
396 1111 59 75 one
473 1111 104 75 naked
593 1111 85 75 feed,
703 1111 42 75 he
771 1111 57 75 can
845 1111 182 75 pronounce
1044 1111 79 75 with
1152 1111 90 75 abio-

206 1158 67 75 lute
290 1158 169 75 certainty,
486 1158 70 75 that
573 1158 55 75 the
645 1158 88 75 plant
750 1158 85 75 from
852 1158 105 75 which
975 1158 55 75 the
1046 1158 111 75 flower
1175 1158 65 75 was

206 1204 96 75 taken
319 1204 93 75 bears
430 1204 87 75 feeds
535 1204 39 75 of
586 1204 19 75 a
621 1204 197 75 farinaceous
836 1204 137 75 quality,
999 1204 63 75 and
1078 1204 71 75 that
1166 1204 79 75 they

211 1251 74 75 may
302 1251 38 75 be
357 1251 100 75 fafely
480 1251 75 75 ufed
573 1251 33 75 as
623 1251 92 75 food.
765 1251 38 75 In
821 1251 64 75 like
901 1251 143 75 manner,
1070 1251 82 75 ftiew
1175 1251 68 75 him

207 1298 19 75 a
242 1298 109 75 flower
376 1298 77 75 with
472 1298 115 75 twelve
604 1298 37 75 or
667 1298 89 75 more
785 1298 141 75 ftamina,
952 1298 43 75 ail
1018 1298 138 75 inferted
1171 1298 71 75 into

207 1346 56 75 the
285 1346 136 75 internal
440 1346 63 75 fide
527 1346 40 75 of
587 1346 56 75 the
660 1346 108 75 calix;
794 1346 128 75 though
946 1346 26 75 it
989 1346 158 75 belonged
1172 1346 35 75 to
1224 1346 20 75 a

206 1391 89 75 plant
311 1391 145 75 growing
472 1391 32 75 in
517 1391 115 75 Japan,
656 1391 41 75 he
710 1391 58 75 can
785 1391 195 75 pronounce,
1010 1391 137 75 without
1162 1391 80 75 hefi-

207 1439 113 75 tation,
347 1439 70 75 that
434 1439 55 75 the
506 1439 79 75 fruit
607 1439 40 75 of
673 1439 26 75 it
715 1439 73 75 may
805 1439 39 75 be
861 1439 50 75 eat
928 1439 78 75 with
1023 1439 114 75 fafety.
1187 1439 54 75 On

206 1485 56 75 the
278 1485 94 75 other
389 1485 99 75 hand,
514 1485 84 75 (how
621 1485 68 75 him
705 1485 18 75 a
740 1485 87 75 plant
843 1485 108 75 whofe
975 1485 109 75 flower
1107 1485 56 75 has
1181 1485 61 75 five

207 1533 140 75 ftamina,
373 1533 60 75 one
450 1533 94 75 piftil,
569 1533 62 75 one
656 1533 84 75 petal
765 1533 37 75 or
818 1533 202 75 flower-leaf,
1047 1533 62 75 and
1135 1533 107 75 whofe

206 1579 79 75 fruit
302 1579 25 75 is
341 1579 39 75 of
386 1579 55 75 the
456 1579 98 75 berry
571 1579 90 75 kind,
686 1579 41 75 he
739 1579 66 75 will
823 1579 56 75 tell
897 1579 64 75 you
979 1579 34 75 to
1031 1579 212 75 abftainfrom

207 1626 106 75 eating
329 1626 39 75 it,
394 1626 131 75 becaufe
541 1626 27 75 it
584 1626 27 75 is
624 1626 182 75 poifonous.
855 1626 106 75 Many
972 1626 94 75 other
1078 1626 163 75 examples

207 1673 102 75 might
326 1673 40 75 be
390 1673 114 75 given:
531 1673 59 75 but
606 1673 48 75 we
670 1673 77 75 ftiail
763 1673 124 75 referve
912 1673 89 75 them
1018 1673 51 75 till
1085 1673 49 75 we
1151 1673 90 75 come

209 1720 36 75 to
260 1720 57 75 the
331 1720 134 75 medical
483 1720 162 75 qualities.

254 1767 89 75 Fails
361 1767 39 75 of
419 1767 64 75 this
500 1767 78 75 kind
594 1767 92 75 make
698 1767 122 75 botany
836 1767 57 75 not
909 1767 78 75 only
1003 1767 18 75 a
1033 1767 207 75 refpeilable,

206 1814 58 75 but
289 1814 18 75 a
331 1814 78 75 moft
434 1814 181 75 interefting
637 1814 132 75 fcience.
818 1814 76 75 The
917 1814 125 75 French
1069 1814 63 75 and
1155 1814 86 75 fome

205 1860 94 75 other
315 1860 126 75 nations
458 1860 52 75 ufe
528 1860 18 75 a
562 1860 125 75 greater
702 1860 124 75 variety
842 1860 41 75 of
896 1860 166 75 vegetable
1074 1860 76 75 food
1165 1860 76 75 than

207 1908 54 75 the
278 1908 130 75 Britilh.
456 1908 87 75 This
559 1908 136 75 praitice
711 1908 27 75 is
755 1908 153 75 attended
919 1908 79 75 with
1010 1908 95 75 many
1123 1908 116 75 advan-

205 1954 101 75 tages.
354 1954 77 75 The
443 1954 125 75 greater
585 1954 135 75 number
735 1954 41 75 of
794 1954 182 75 vegetables
993 1954 70 75 that
1080 1954 53 75 are
1149 1954 93 75 made

207 2002 52 75 ufe
275 2002 41 75 of
333 2002 34 75 in
383 2002 63 75 any
462 2002 149 75 country,
635 2002 55 75 the
707 2002 80 75 poor
803 2002 79 75 have
899 2002 56 75 the
967 2002 126 75 greater
1108 2002 133 75 number

207 2049 40 75 of
266 2049 160 75 refources
444 2049 92 75 when
553 2049 91 75 there
661 2049 138 75 happens
820 2049 35 75 to
872 2049 40 75 be
933 2049 17 75 a
966 2049 134 75 fcarcity
1120 2049 40 75 of
1179 2049 63 75 any

205 2093 172 75 particular
394 2093 89 75 kind.
534 2093 31 75 It
582 2093 138 75 likewife
738 2093 120 75 affords
875 2093 39 75 an
939 2093 209 75 opportunity
1164 2093 40 75 of
1224 2093 18 75 a

207 2141 89 75 more
320 2141 157 75 univerfal
501 2141 200 75 cultivation.
752 2141 111 75 When
888 2141 194 75 agriculture
1107 2141 38 75 or
1168 2141 72 75 gar-

206 2188 117 75 dening
339 2188 27 75 is
384 2188 145 75 confined
553 2188 35 75 to
601 2188 73 75 "few
699 2188 116 75 plants,
841 2188 91 75 there
956 2188 26 75 is
1003 2188 95 75 great
1119 2188 123 75 hazard

205 2234 85 75 from
307 2234 62 75 bad
385 2234 120 75 feafons
525 2234 61 75 and
602 2234 94 75 other
708 2234 209 75 unavoidable
929 2234 174 75 accidents,
1121 2234 119 75 befides

206 2283 56 75 the
279 2283 119 75 certain
416 2283 61 75 lofs
495 2283 113 75 arifing
625 2283 82 75 from
725 2283 150 75 allowing
888 2283 75 75 fuch
980 2283 72 75 foils
1065 2283 33 75 as
1112 2283 53 75 are
1181 2283 59 75 im-

204 2327 117 75 proper
348 2327 51 75 for
427 2327 111 75 raifing
567 2327 53 75 the
647 2327 88 75 ufual
761 2327 102 75 plants
890 2327 37 75 to
949 2327 41 75 lie
1014 2327 225 75 unemployed.

205 2374 145 75 Though
367 2374 48 75 we
432 2374 53 75 are
503 2374 187 75 principally
706 2374 177 75 influenced
900 2374 43 75 by
966 2374 147 75 example
1137 2374 31 75 in
1191 2374 48 75 in-

207 2421 170 75 troducing
393 2421 56 75 the
466 2421 126 75 culture
604 2421 41 75 of
663 2421 71 75 new
754 2421 118 75 plants;
897 2421 55 75 yet
977 2421 54 75 the
1052 2421 110 75 advice
1178 2421 64 75 and

206 2468 154 75 direction
377 2468 40 75 of
428 2468 55 75 the
499 2468 136 75 botanift
650 2468 72 75 may
738 2468 41 75 be
795 2468 115 75 ufeful.
951 2468 97 75 From
1061 2468 50 75 his
1126 2468 112 75 know-

206 2516 93 75 ledge
315 2516 41 75 of
376 2516 56 75 the
448 2516 148 75 qualities
609 2516 41 75 of
668 2516 103 75 plants
789 2516 71 75 that
876 2516 90 75 grow
983 2516 31 75 in
1031 2516 94 75 other
1143 2516 96 75 coun-

206 2562 89 75 tries,
321 2562 41 75 he
379 2562 25 75 is
428 2562 133 75 enabled
586 2562 36 75 to
647 2562 103 75 guefs,
780 2562 79 75 with
882 2562 154 75 tolerable
1063 2562 176 75 exaflnefs,

206 2608 147 75 whether
368 2608 78 75 they
460 2608 63 75 will
540 2608 92 75 agree
650 2608 78 75 with
746 2608 56 75 the
819 2608 57 75 foil
893 2608 38 75 or
946 2608 128 75 climate
1090 2608 32 75 in
1135 2608 105 75 which

207 2655 77 75 they
301 2655 53 75 are
371 2655 155 75 propofed
542 2655 35 75 to
602 2655 39 75 be
663 2655 186 75 cultivated.
899 2655 54 75 He
978 2655 57 75 can
1060 2655 43 75 do
1126 2655 111 75 more:

205 2702 41 75 he
264 2702 56 75 can
338 2702 88 75 point
443 2702 57 75 out
516 2702 87 75 what
620 2702 172 75 particular
808 2702 117 75 fpecies
946 2702 40 75 of
997 2702 55 75 the
1068 2702 89 75 plant
1173 2702 68 75 will

207 2749 39 75 be
263 2749 79 75 moft
358 2749 94 75 eafily
468 2749 213 75 naturalized.
729 2749 142 75 Befides,
898 2749 136 75 without
1050 2749 118 75 having
1192 2749 48 75 re-

208 2795 109 75 courfe
329 2795 35 75 to
377 2795 55 75 the
443 2795 147 75 example
603 2795 41 75 of
656 2795 121 75 foreign
786 2795 171 75 countries,
972 2795 55 75 the
1037 2795 134 75 botanift
1184 2795 56 75 can

207 2841 89 75 point
321 2841 58 75 out
395 2841 18 75 a
433 2841 133 75 number
581 2841 41 75 of
642 2841 105 75 plants
769 2841 70 75 that
855 2841 90 75 grow
962 2841 74 75 wild
1052 2841 32 75 in
1101 2841 50 75 his
1168 2841 72 75 own

209 2888 147 75 country,
380 2888 106 75 which
510 2888 103 75 might
637 2888 40 75 be
698 2888 175 75 cultivated
888 2888 78 75 with
992 2888 188 75 advantage,
1205 2888 35 75 as

206 2935 79 75 food
296 2935 103 75 either
416 2935 51 75 for
479 2935 70 75 men
573 2935 37 75 or
626 2935 110 75 cattle.
769 2935 66 75 For
846 2935 159 75 example,
1023 2935 32 75 in
1068 2935 55 75 the
1134 2935 107 75 whole

208 2981 77 75 clafs
311 2981 102 75 called
435 2981 186 75 diadelphia
651 2981 42 75 by
714 2981 164 75 Linnaeus,
907 2981 102 75 which
1026 2981 141 75 includes
1185 2981 56 75 the

207 3027 159 75 polygala,
392 3027 38 75 or
446 3027 199 75 milk-wort;
672 3027 55 75 the
744 3027 163 75 anthyllis,
933 3027 37 75 or
985 3027 228 75 kidney-vetch
1226 3027 11 75 ;

1346 199 371 75 ANY.

1300 269 55 75 the
1371 269 132 75 orobus,
1515 269 38 75 or
1564 269 227 75 heath-peafe;
1817 269 56 75 the
1885 269 144 75 lathyrus
2043 269 62 75 and
2116 269 94 75 vicia,
2227 269 106 75 which

1300 317 215 75 comprehend
1531 317 19 75 a
1564 317 135 75 number
1722 317 39 75 of
1781 317 103 75 plants
1909 317 40 75 of
1968 317 57 75 the
2040 317 211 75 Vetch-kind;
2278 317 55 75 the

1300 363 201 75 ornithopus,
1527 363 38 75 or
1580 363 210 75 birds-foot;
1819 363 54 75 the
1897 363 201 75 hedyfarum,
2124 363 38 75 or
2184 363 146 75 St-foin;

1300 411 54 75 the
1371 411 184 75 aftragalus,
1580 411 38 75 or
1634 411 77 75 wild
1735 411 178 75 liquorice;
1939 411 55 75 the
2017 411 180 75 medicago,
2220 411 38 75 or
2282 411 49 75 lu-

1299 456 74 75 cent
1386 456 9 75 ;
1423 456 56 75 the
1502 456 98 75 lotus,
1626 456 37 75 or
1687 456 188 75 birds-foot
1900 456 115 75 trifoil,
2041 456 87 75 <bc.;
2155 456 56 75 the
2227 456 105 75 leaves

1298 504 54 75 are
1368 504 161 75 excellent
1545 504 78 75 food
1640 504 53 75 for
1708 504 109 75 cattle,
1844 504 62 75 and
1922 504 56 75 the
2002 504 88 75 feeds
2112 504 74 75 may
2201 504 40 75 be
2259 504 73 75 tifed

1297 550 102 75 either
1416 550 44 75 by
1476 550 72 75 men
1565 550 37 75 or
1614 550 110 75 cattle.
1774 550 39 75 In
1824 550 65 75 like
1906 550 142 75 manner,
2066 550 43 75 all
2125 550 56 75 the
2197 550 88 75 feeds
2297 550 41 75 of

1297 597 54 75 the
1375 597 194 75 grafs-kind,
1594 597 106 75 which
1728 597 117 75 belong
1870 597 34 75 to
1928 597 56 75 the
2010 597 154 75 triandria
2190 597 78 75 clafs
2296 597 42 75 of

1296 644 164 75 Linnaeus,
1493 644 63 75 and
1580 644 53 75 are
1650 644 77 75 very
1742 644 183 75 numerous,
1950 644 93 75 make
2066 644 159 75 excellent
2252 644 81 75 food

1297 690 50 75 for
1360 690 84 75 men,
1470 690 62 75 and
1549 690 55 75 the
1620 690 104 75 leaves
1742 690 104 75 afford
1863 690 55 75 the
1935 690 65 75 beft
2017 690 120 75 pafture
2155 690 50 75 for
2217 690 110 75 cattle.

1294 737 105 75 Many
1417 737 40 75 of
1469 737 55 75 the
1541 737 104 75 plants
1663 737 172 75 belonging
1857 737 35 75 to
1917 737 64 75 this
1998 737 78 75 clafs
2094 737 52 75 are
2163 737 55 75 not
2236 737 94 75 culti-

1295 785 93 75 vated
1403 785 32 75 in
1453 785 63 75 this
1533 785 148 75 country,
1710 785 125 75 though
1853 785 48 75 we
1918 785 80 75 have
2015 785 18 75 a
2049 785 91 75 great
2155 785 124 75 variety
2294 785 42 75 of

1294 831 89 75 them
1401 831 147 75 growing,
1563 831 87 75 wild.

1340 877 31 75 It
1387 877 58 75 has
1461 877 80 75 been
1558 877 185 75 frequently
1758 877 166 75 obferved,
1941 877 72 75 that
2028 877 83 75 poor
2126 877 125 75 people,
2270 877 59 75 du-

1292 924 70 75 ring
1379 924 18 75 a
1412 924 136 75 fcarcity
1570 924 42 75 of
1630 924 90 75 corn,
1742 924 82 75 have
1848 924 79 75 been
1953 924 139 75 induced
2116 924 35 75 to
2175 924 45 75 fill
2244 924 86 75 their

1292 972 110 75 bellies
1432 972 79 75 with
1543 972 177 75 fubftances
1747 972 72 75 that
1843 972 84 75 were
1954 972 80 75 both
2063 972 178 75 pernicious
2265 972 63 75 and

1291 1018 188 75 loathfome,
1507 1018 95 75 while
1624 1018 79 75 they
1726 1018 84 75 were
1834 1018 172 75 trampling
2028 1018 100 75 under
2154 1018 84 75 their
2261 1018 67 75 feet

1292 1065 103 75 plants
1421 1065 70 75 that
1516 1065 109 75 would
1648 1065 33 75 at
1705 1065 79 75 once
1805 1065 82 75 have
1909 1065 146 75 afforded
2076 1065 85 75 good
2186 1065 141 75 nourifh-

1290 1111 87 75 ment
1406 1111 63 75 and
1496 1111 80 75 been
1604 1111 115 75 highly
1744 1111 152 75 grateful.
1958 1111 86 75 This
2068 1111 136 75 conduft
2231 1111 97 75 could

1291 1159 137 75 proceed
1445 1159 85 75 from
1546 1159 134 75 nothing
1696 1159 58 75 but
1775 1159 85 75 their
1883 1159 171 75 ignorance
2076 1159 40 75 of
2136 1159 58 75 the
2217 1159 111 75 nature

1292 1204 62 75 and
1371 1204 107 75 effedts
1496 1204 40 75 of
1548 1204 87 75 tlrefe
1650 1204 119 75 plants,
1795 1204 61 75 and
1873 1204 84 75 from
1974 1204 85 75 their
2075 1204 57 75 not
2147 1204 94 75 being
2257 1204 72 75 able

1291 1251 34 75 to
1337 1251 180 75 diftinguifh
1530 1251 55 75 the
1597 1251 137 75 noxious
1747 1251 74 75 ones
1835 1251 83 75 from
1931 1251 54 75 the
1997 1251 152 75 falutary.
2188 1251 32 75 It
2233 1251 26 75 is
2273 1251 54 75 the

1291 1296 81 75 duty
1383 1296 40 75 of
1434 1296 97 75 every
1543 1296 71 75 man
1631 1296 35 75 to
1683 1296 90 75 point
1789 1296 57 75 out
1864 1296 54 75 the
1937 1296 131 75 remedy
2084 1296 52 75 for
2152 1296 176 75 calamities

1293 1344 39 75 of
1344 1344 62 75 this
1423 1344 91 75 kind,
1540 1344 169 75 efpecially
1725 1344 93 75 when
1835 1344 26 75 it
1877 1344 26 75 is
1920 1344 56 75 not
1992 1344 171 75 impoflible
2183 1344 71 75 that
2270 1344 56 75 the

1292 1391 105 75 caufes
1416 1391 105 75 which
1539 1391 163 75 produced
1718 1391 90 75 them
1824 1391 74 75 may
1914 1391 80 75 exift
2009 1391 33 75 in
2055 1391 85 75 fome
2151 1391 108 75 future
2270 1391 55 75 pe-

1291 1436 84 75 riod.
1424 1436 66 75 For
1505 1436 64 75 this
1586 1436 147 75 purpofe,
1760 1436 48 75 we
1825 1436 76 75 fhall
1921 1436 123 75 fubjoin
2069 1436 19 75 a
2111 1436 86 75 fhort
2221 1436 48 75 lift
2291 1436 40 75 of

1292 1483 104 75 native
1408 1483 104 75 plants
1530 1483 71 75 that
1617 1483 73 75 may
1707 1483 40 75 be
1759 1483 52 75 eat
1823 1483 77 75 with
1918 1483 102 75 fafety
2036 1483 61 75 and
2116 1483 189 75 advantage.

1340 1529 176 75 Salicornia
1532 1529 171 75 Europsea,
1729 1529 37 75 or
1782 1529 285 75 marfh-famphire,
2090 1529 125 75 jointed
2228 1529 98 75 glafs-

1290 1577 97 75 wort,
1419 1577 39 75 or
1480 1577 156 75 faltwort.
1684 1577 86 75 This
1794 1577 87 75 plant
1909 1577 105 75 grows
2042 1577 183 75 plentifully
2250 1577 83 75 near

1290 1623 55 75 the
1362 1623 181 75 fea-coafts,
1568 1623 62 75 and
1653 1623 68 75 eats
1741 1623 79 75 very
1835 1623 75 75 well
1935 1623 78 75 with
2029 1623 59 75 fait
2106 1623 62 75 and
2183 1623 142 75 vinegar.

1338 1670 161 75 Veronica
1521 1670 195 75 becabunga,
1747 1670 38 75 or
1809 1670 146 75 common
1979 1670 208 75 brook-lime.
2237 1670 87 75 This

1291 1716 100 75 plant,
1416 1716 105 75 which
1539 1716 105 75 grows
1661 1716 32 75 in
1710 1716 149 75 marfhes,
1884 1716 27 75 is
1928 1716 181 75 commonly
2125 1716 156 75 gathered
2293 1716 31 75 in

1290 1764 55 75 the
1362 1764 118 75 fpring,
1505 1764 60 75 and
1584 1764 51 75 eat
1652 1764 33 75 as
1703 1764 19 75 a
1737 1764 110 75 fallad.

1337 1810 173 75 Valeriana
1525 1810 131 75 locufta,
1672 1810 262 75 lambs-lettuce,
1952 1810 38 75 or
2005 1810 196 75 corn-fallet,
2219 1810 107 75 grows

1289 1856 32 75 in
1339 1856 184 75 corn-fields
1539 1856 62 75 and
1617 1856 294 75 pafture-grounds.
1958 1856 76 75 The
2057 1856 104 75 leaves
2185 1856 53 75 are
2256 1856 68 75 rec-

1289 1903 107 75 koned
1418 1903 88 75 more
1529 1903 191 75 wholefome
1741 1903 77 75 than
1843 1903 55 75 the
1922 1903 146 75 common
2085 1903 119 75 lettuce
2229 1903 93 75 culti-

1289 1948 97 75 vated
1401 1948 33 75 in
1450 1948 59 75 our
1526 1948 148 75 gardens.

1338 1995 129 75 Scirpus
1495 1995 190 75 maritimus,
1710 1995 37 75 or
1775 1995 235 75 round-rooted
2038 1995 146 75 cyperus,
2219 1995 105 75 grows

1289 2041 75 75 near
1380 2041 56 75 the
1452 2041 186 75 fea-fhores.
1685 2041 77 75 The
1786 2041 73 75 root
1884 2041 124 75 confifts
2034 2041 39 75 of
2094 2041 19 75 a
2137 2041 133 75 number
2287 2041 42 75 of

1289 2089 108 75 knots,
1423 2089 118 75 which,
1566 2089 83 75 after
1666 2089 94 75 being
1776 2089 91 75 dried
1885 2089 62 75 and
1971 2089 147 75 grinded,
2142 2089 81 75 have
2243 2089 80 75 been

1293 2135 186 75 frequently
1497 2135 75 75 ufed
1587 2135 36 75 as
1639 2135 98 75 bread
1750 2135 91 75 when
1857 2135 171 75 provifions
2044 2135 85 75 were
2145 2135 117 75 fcarce.

1338 2182 137 75 Bromus
1493 2182 166 75 fecalinus,
1685 2182 36 75 or
1738 2182 75 75 field
1830 2182 225 75 brorhe-grafs,
2081 2182 105 75 grows
2205 2182 31 75 in
2260 2182 65 75 vaft

1292 2228 169 75 quantities
1485 2228 31 75 in
1543 2228 176 75 rye-fields,
1755 2228 168 75 efpecially
1947 2228 84 75 after
2054 2228 55 75 the
2138 2228 56 75 rye
2219 2228 25 75 is
2271 2228 55 75 cut

1290 2275 109 75 down.
1447 2275 77 75 The
1540 2275 88 75 feeds
1646 2275 40 75 of
1705 2275 64 75 this
1786 2275 101 75 plant,
1912 2275 111 75 mixed
2046 2275 77 75 with
2142 2275 89 75 grain
2248 2275 41 75 of
2307 2275 19 75 a

1290 2321 105 75 better
1406 2321 137 75 quality,
1569 2321 92 75 make
1678 2321 77 75 very
1772 2321 85 75 good
1873 2321 98 75 bread
1983 2321 9 75 :
2019 2321 67 75 But
2102 2321 29 75 if
2150 2321 57 75 the
2223 2321 100 75 quan-

1290 2368 63 75 tity
1375 2368 40 75 of
1434 2368 212 75 brome-grafs
1663 2368 88 75 feeds
1775 2368 39 75 be
1831 2368 102 75 great,
1958 2368 56 75 the
2036 2368 113 75 people
2172 2368 75 75 who
2271 2368 54 75 ufe

1289 2416 54 75 the
1360 2416 99 75 bread
1475 2416 54 75 are
1546 2416 54 75 apt
1618 2416 32 75 at
1666 2416 64 75 firft
1746 2416 35 75 to
1797 2416 40 75 be
1854 2416 134 75 afFe&ed
2005 2416 76 75 with
2106 2416 19 75 a
2149 2416 93 75 flight
2268 2416 56 75 de-

1289 2462 74 75 gree
1380 2462 40 75 of
1437 2462 234 75 intoxication;
1697 2462 58 75 but
1771 2462 62 75 this
1851 2462 93 75 efFet
1961 2462 116 75 ceafes,
2101 2462 83 75 after
2201 2462 94 75 being
2307 2462 19 75 a

1289 2508 84 75 little
1390 2508 200 75 accuftomed
1606 2508 36 75 to
1657 2508 55 75 the
1729 2508 91 75 food.

1337 2555 131 75 Feftuca
1479 2555 138 75 fluitans,
1642 2555 38 75 or
1691 2555 316 75 flote-fefcue-grafs,
2033 2555 106 75 grows
2151 2555 32 75 in
2200 2555 124 75 ditches

1291 2602 62 75 and
1369 2602 124 75 marfhy
1509 2602 117 75 places.
1676 2602 37 75 In
1733 2602 135 75 Sweden
1886 2602 61 75 and
1959 2602 179 75 Germany,
2164 2602 55 75 the
2236 2602 88 75 feeds

1290 2648 53 75 are
1359 2648 77 75 ufed
1451 2648 33 75 in
1500 2648 112 75 broths
1638 2648 63 75 and
1716 2648 119 75 gruels,
1862 2648 41 75 on
1921 2648 135 75 account
2079 2648 79 75 both
2182 2648 40 75 of
2241 2648 84 75 their

1290 2694 151 75 nutritive
1458 2694 123 75 quality
1598 2694 63 75 and
1679 2694 165 75 agreeable
1860 2694 133 75 flavour.
2042 2694 112 75 When
2174 2694 147 75 grinded,

1289 2741 62 75 and
1368 2741 92 75 made
1476 2741 70 75 into
1562 2741 111 75 bread,
1697 2741 77 75 they
1791 2741 53 75 are
1860 2741 155 75 efteemed
2030 2741 85 75 little
2137 2741 134 75 inferior
2288 2741 36 75 to

1290 2787 104 75 wheat
1411 2787 36 75 or
1463 2787 83 75 oats.

1336 2835 166 75 Triticum
1528 2835 124 75 repens,
1687 2835 146 75 common
1860 2835 220 75 wheat-grafs,
2114 2835 208 75 dogs-grafs,

1290 2881 213 75 quick-grafs,
1528 2881 37 75 or
1589 2881 217 75 couch-grafs,
1831 2881 105 75 grows
1960 2881 34 75 fo
2017 2881 183 75 plentifully
2215 2881 32 75 in
2265 2881 59 75 our

1290 2928 104 75 fields,
1412 2928 71 75 that
1499 2928 25 75 it
1536 2928 26 75 is
1576 2928 18 75 a
1605 2928 90 75 great
1712 2928 104 75 objedt
1834 2928 78 75 with
1928 2928 135 75 farmers
2074 2928 36 75 to
2127 2928 72 75 root
2211 2928 25 75 it
2253 2928 76 75 out..

1290 2974 76 75 The
1383 2974 89 75 roots
1484 2974 41 75 of
1543 2974 65 75 this
1626 2974 100 75 plant,
1752 2974 84 75 after
1855 2974 95 75 being
1965 2974 135 75 walked,
2126 2974 103 75 dried,
2262 2974 63 75 and

1290 3021 146 75 grinded,
1453 3021 80 75 have
1545 3021 90 75 often
1648 3021 80 75 been
1740 3021 75 75 ufed
1827 3021 34 75 as
1872 3021 100 75 bread
1983 3021 32 75 in
2025 3021 18 75 a
2058 3021 113 75 dearth
2181 3021 40 75 of
2232 3021 90 75 corn.

2226 3060 97 75 With
