2428 3377
148 134 80 75 166

693 131 1002 75 ANATOMY.

2104 131 98 75 Part
2222 131 30 75 f.

142 200 102 75 roots,
269 200 61 75 and
348 200 32 75 as
397 200 87 75 thefe
503 200 74 75 root'
577 200 16 75 s
618 200 162 75 generally
797 200 173 75 divaricate
995 200 84 75 from
1096 200 78 75 each

144 246 107 75 other,
275 246 54 75 the
352 246 166 75 partitions
543 246 40 75 of
602 246 56 75 the
675 246 123 75 fockets
822 246 146 75 between
983 246 91 75 them
1098 246 78 75 bear

144 294 20 75 a
185 294 88 75 large
288 294 86 75 (hare
390 294 42 75 of
450 294 54 75 the
520 294 91 75 great
633 294 138 75 preffure
787 294 78 75 they
887 294 111 75 fuffer,
1027 294 63 75 and
1105 294 70 75 hin-

145 339 59 75 der
220 339 25 75 it
262 339 35 75 to
314 339 49 75 adt
378 339 42 75 on
436 339 83 75 their
535 339 119 75 points.

192 384 76 75 The
292 384 170 75 numerous
491 384 89 75 roots
603 384 38 75 of
661 384 55 75 the
739 384 112 75 dentes
879 384 136 75 molares
1044 384 133 75 prevent

143 431 88 75 their
245 431 163 75 loofening
419 431 43 75 by
472 431 55 75 the
542 431 112 75 lateral
670 431 138 75 preiTure
817 431 78 75 they
906 431 98 75 fuffer
1020 431 33 75 in
1070 431 107 75 grind-

146 478 55 75 ing
216 478 9 75 ;
252 478 61 75 and
331 478 34 75 as
382 478 54 75 the
452 478 124 75 fockets
592 478 33 75 in
642 478 55 75 the
714 478 99 75 upper
826 478 66 75 jaw
908 478 53 75 are
981 478 89 75 more
1087 478 91 75 fpon-

147 524 55 75 gy,
228 524 63 75 and
313 524 55 75 the
392 524 89 75 teeth
498 524 53 75 are
567 524 89 75 more
672 524 108 75 liable,
798 524 44 75 by
861 524 84 75 their
961 524 160 75 fmiation,
1145 524 34 75 to

146 571 60 75 fall
234 571 70 75 out,
335 571 57 75 the
414 571 145 75 grinders
584 571 91 75 there
700 571 82 75 have
807 571 88 75 more
923 571 169 75 numerous
1118 571 63 75 and

150 617 91 75 more
255 617 173 75 deparated
444 617 88 75 roots
549 617 77 75 than
643 617 32 75 in
691 617 55 75 the
762 617 100 75 lower
880 617 81 75 jaw.

155 662 3 75 ,
194 662 186 75 According
403 662 34 75 to
460 662 55 75 the
538 662 131 75 divifion
697 662 93 75 made
810 662 39 75 of
866 662 56 75 the
949 662 153 75 ikeleton,
1132 662 48 75 we

147 710 114 75 fhould
276 710 73 75 now
362 710 137 75 proceed
515 710 35 75 to
567 710 55 75 the
638 710 192 75 defer!ption
843 710 39 75 of
892 710 56 75 the
961 710 97 75 trunk
1074 710 39 75 of
1125 710 55 75 the

146 756 103 75 body.
297 756 67 75 But
381 756 79 75 muft
471 756 70 75 -firft
558 756 141 75 confider
717 756 18 75 a
750 756 96 75 bone,
858 756 105 75 which
977 756 115 75 cannot
1108 756 74 75 well

146 802 42 75 be
204 802 67 75 faid
287 802 35 75 to
338 802 117 75 belong
470 802 36 75 to
522 802 104 75 either
642 802 55 75 the
709 802 88 75 head
811 802 38 75 or
865 802 55 75 the
936 802 117 75 trunk;
1079 802 58 75 nor
1154 802 26 75 is

147 848 28 75 it
189 848 219 75 Immediately
420 848 111 75 joined
548 848 34 75 to
599 848 62 75 any
677 848 106 75 other,
802 848 62 75 and
881 848 161 75 therefore
1059 848 26 75 is
1102 848 78 75 very

148 895 122 75 feldom
292 895 168 75 preferved
475 895 80 75 with
570 895 170 75 Ikeletons.

196 941 77 75 The
304 941 52 75 Os
391 941 200 75 Hyoides,
623 941 106 75 which
758 941 25 75 is
808 941 136 75 fituated
964 941 219 75 horizontally

149 987 146 75 between
311 987 55 75 the
389 987 72 75 root
478 987 41 75 of
542 987 54 75 the
619 987 118 75 tongue
755 987 62 75 and
839 987 56 75 the
918 987 130 75 larynx.
1097 987 32 75 It
1157 987 26 75 is

149 1033 155 75 properly
320 1033 126 75 enough
463 1033 116 75 named
598 1033 133 75 hyoides,
757 1033 86 75 from
859 1033 55 75 the
931 1033 211 75 refemblance
1159 1033 25 75 it

149 1080 94 75 bears
267 1080 35 75 to
318 1080 56 75 the
391 1080 113 75 Greek
521 1080 94 75 letter
635 1080 31 75 v,
692 1080 61 75 and
774 1080 86 75 may,
886 1080 51 75 for
958 1080 18 75 a
991 1080 120 75 clearer
1127 1080 56 75 de-

151 1126 206 75 monftration
370 1126 39 75 of
420 1126 42 75 its
474 1126 164 75 ftruffure,
651 1126 40 75 be
703 1126 223 75 diftinguiftied
941 1126 70 75 into
1026 1126 41 75 its
1083 1126 100 75 body,

152 1172 132 75 cornua,
302 1172 62 75 and
380 1172 200 75 appendices.

198 1219 76 75 The
296 1219 88 75 body
400 1219 26 75 is
449 1219 56 75 the
530 1219 120 75 middle
669 1219 102 75 broad
793 1219 82 75 part,
909 1219 124 75 convex
1060 1219 123 75 before,

151 1266 64 75 and
230 1266 121 75 hollow
367 1266 301 75 behind.——The
685 1266 124 75 convex
825 1266 158 75 fore-part
1006 1266 29 75 is
1056 1266 129 75 divided

150 1312 71 75 into
237 1312 79 75 two,
333 1312 44 75 by
393 1312 18 75 a
424 1312 100 75 ridge,
542 1312 68 75 into
626 1312 55 75 the
698 1312 121 75 middle
834 1312 41 75 of
886 1312 105 75 which
1009 1312 55 75 the
1080 1312 103 75 mylo-

151 1359 144 75 hyoidei,
327 1359 63 75 and
413 1359 69 75 into
507 1359 55 75 the
587 1359 79 75 fides
695 1359 56 75 the
766 1359 251 75 •ftylo-hyoidei,
1050 1359 133 75 mufcles

150 1405 58 75 are
223 1405 150 75 inferred.
466 1405 119 75 Above
595 1405 55 75 the
667 1405 102 75 ridge,
780 1405 55 75 the
850 1405 83 75 bone
949 1405 26 75 is
988 1405 195 75 horizontal,

151 1449 60 75 but
226 1449 103 75 pitted
345 1449 32 75 in
395 1449 55 75 the
473 1449 119 75 middle
608 1449 43 75 by
667 1449 55 75 the
745 1449 152 75 infertion
913 1449 40 75 of
976 1449 55 75 the
1048 1449 65 75 two
1129 1449 54 75 ge-

150 1498 206 75 nio-hyoidei
370 1498 146 75 mufcles,
534 1498 63 75 and
614 1498 18 75 a
653 1498 86 75 little
755 1498 163 75 hollowed
934 1498 88 75 more
1039 1498 147 75 laterally

152 1544 45 75 by
212 1544 56 75 the
284 1544 224 75 bafiogloffi.—■
508 1544 170 75 —Below
694 1544 56 75 the
767 1544 102 75 ridge,
887 1544 25 75 it
929 1544 26 75 is
973 1544 136 75 convex,
1126 1544 58 75 but

151 1590 21 75 a
188 1590 84 75 little
288 1590 113 75 flatted
419 1590 32 75 in
468 1590 55 75 the
540 1590 120 75 middle
688 1590 43 75 by
754 1590 55 75 the
833 1590 260 75 fterno-hyoidei,
1123 1590 62 75 and

150 1637 106 75 pitted
282 1637 88 75 more
397 1637 181 75 externally
593 1637 43 75 by
655 1637 58 75 the
739 1637 260 75 coraco-hyoidei
1098 1637 87 75 -The

152 1682 170 75 concavity
337 1682 119 75 behind
471 1682 85 75 faces
573 1682 185 75 backwards
775 1682 63 75 and
860 1682 200 75 downwards
1078 1682 35 75 to
1134 1682 50 75 re-

153 1729 90 75 ceive
268 1729 56 75 the
339 1729 131 75 jhyroid
486 1729 163 75 cartilage,
674 1729 93 75 when
784 1729 56 75 the
856 1729 116 75 larynx
989 1729 62 75 and
1075 1729 54 75 the
1150 1729 36 75 os

154 1774 135 75 hyoidcs
306 1774 53 75 are
383 1774 110 75 pulled
508 1774 140 75 towards
666 1774 76 75 each
772 1774 93 75 other
891 1774 44 75 by
952 1774 55 75 the
1033 1774 101 75 aftion
1152 1774 39 75 of

152 1820 58 75 the
227 1820 249 75 fterno-hyoidei
497 1820 62 75 and
582 1820 227 75 hyothyroidei
831 1820 158 75 mufcles;
1016 1820 62 75 and
1094 1820 35 75 to
1145 1820 40 75 its

154 1866 101 75 upper
270 1866 92 75 edge,
386 1866 55 75 the
458 1866 210 75 ligamentous
685 1866 198 75 membranes
900 1866 40 75 of
951 1866 55 75 the
1024 1866 160 75 epiglotis,

154 1913 132 75 tongue,
312 1913 62 75 and
390 1913 131 75 thyroid
537 1913 163 75 cartilage,
726 1913 54 75 are
795 1913 101 75 fixed;

202 1960 76 75 The
295 1960 118 75 cornua
430 1960 39 75 of
480 1960 55 75 the
552 1960 36 75 os
604 1960 134 75 hyoides
756 1960 52 75 are
825 1960 158 75 ftretched
1000 1960 186 75 backwards

155 2006 84 75 from
256 2006 76 75 each
350 2006 62 75 fide
429 2006 40 75 of
487 2006 41 75 its
548 2006 100 75 body,
670 2006 109 75 where
803 2006 88 75 often
910 2006 17 75 a
953 2006 89 75 fmall
1065 2006 122 75 furrow

156 2051 105 75 points
278 2051 56 75 out
351 2051 56 75 the
424 2051 121 75 former
567 2051 191 75 feparation.
852 2051 109 75 Thefe
988 2051 120 75 cornua
1135 2051 53 75 are

155 2097 59 75 not
245 2097 117 75 always
390 2097 144 75 ftreight,
559 2097 61 75 nor
651 2097 41 75 of
717 2097 94 75 equal
842 2097 109 75 length
969 2097 9 75 ;
1005 2097 85 75 their
1122 2097 66 75 two

157 2143 85 75 plain
259 2143 138 75 furfaces
414 2143 88 75 (land
519 2143 165 75 obliquely
699 2143 148 75 flopping
869 2143 84 75 from
978 2143 112 75 above,
1116 2143 72 75 out-

155 2190 106 75 wards
279 2190 64 75 and
360 2190 213 75 downwards.
668 2190 76 75 Into
762 2190 55 75 the
832 2190 158 75 external,
1007 2190 56 75 the
1081 2190 107 75 cerato

158 2237 118 75 gloffus
292 2237 26 75 is
336 2237 140 75 inferted
492 2237 112 75 above,
630 2237 62 75 and
714 2237 56 75 the
786 2237 269 75 thyro-hyoideus
1072 2237 117 75 mufcle

156 2283 131 75 below;
314 2283 62 75 and
401 2283 36 75 to
465 2283 54 75 the
537 2283 60 75 one
612 2283 133 75 behind,
768 2283 55 75 the
851 2283 210 75 ligamentous
1091 2283 97 75 mem-

157 2329 100 75 brane
274 2329 40 75 of
339 2329 56 75 the
412 2329 117 75 tongue
546 2329 62 75 and
632 2329 118 75 larynx
766 2329 147 75 adheres.
959 2329 92 75 Each
1068 2329 41 75 of
1135 2329 56 75 the

156 2376 122 75 cornua
292 2376 147 75 becomes
456 2376 167 75 gradually
639 2376 137 75 fmaller,
794 2376 33 75 as
844 2376 25 75 it
886 2376 26 75 is
929 2376 160 75 extended
1105 2376 84 75 from

158 2421 58 75 the
231 2421 94 75 bafe;
350 2421 60 75 but
425 2421 78 75 ends
527 2421 31 75 in
588 2421 18 75 a
636 2421 101 75 round
754 2421 155 75 tubercle,
937 2421 85 75 from
1049 2421 105 75 which
1173 2421 18 75 a

158 2468 166 75 moveable
341 2468 150 75 cartilage
507 2468 103 75 ftands
627 2468 68 75 out,
720 2468 106 75 which
843 2468 26 75 is
887 2468 170 75 connefted
1083 2468 36 75 to
1135 2468 55 75 the

159 2513 102 75 upper
277 2513 124 75 procefs
418 2513 39 75 of
468 2513 55 75 the
542 2513 153 75 cartilage
711 2513 180 75 thyroidea.

208 2561 126 75 Where
357 2561 56 75 the
432 2561 89 75 body
537 2561 40 75 of
599 2561 55 75 the
671 2561 35 75 os
724 2561 133 75 hyoides
871 2561 85 75 joins
974 2561 41 75 on
1032 2561 77 75 each
1126 2561 64 75 fide

160 2605 81 75 with
256 2605 42 75 its
316 2605 131 75 cornua,
468 2605 18 75 a
502 2605 89 75 fmall
607 2605 156 75 ftyliform
780 2605 138 75 procefs,
947 2605 103 75 called
1074 2605 116 75 appen-

161 2653 70 75 dix,
256 2653 76 75 rifes
352 2653 146 75 upwards
517 2653 63 75 and
602 2653 199 75 backwards,
830 2653 69 75 into
915 2653 104 75 which
1037 2653 55 75 the
1109 2653 81 75 muf-

163 2698 63 75 culi
243 2698 225 75 flylo-hyoidei
485 2698 104 75 alteri,
618 2698 63 75 and
696 2698 72 75 part
784 2698 40 75 of
846 2698 54 75 the
916 2698 169 75 hyo-glofli
1107 2698 83 75 muf-

163 2744 65 75 cles
249 2744 53 75 are
324 2744 101 75 fixed.

210 2790 76 75 The
302 2790 159 75 fubftance
477 2790 39 75 of
529 2790 54 75 the
599 2790 36 75 os
651 2790 134 75 hyoides
802 2790 27 75 is
848 2790 143 75 cellular,
1006 2790 59 75 but
1083 2790 109 75 cover-

163 2835 42 75 ed
225 2835 81 75 with
339 2835 19 75 a
388 2835 71 75 firm
483 2835 145 75 external
652 2835 98 75 plate,
776 2835 105 75 which
913 2835 26 75 is
973 2835 40 75 of
1040 2835 152 75 fufficient

164 2882 140 75 ftrength
319 2882 36 75 to
371 2882 77 75 bear
463 2882 55 75 the
535 2882 117 75 affions
669 2882 40 75 of
720 2882 34 75 fo
770 2882 95 75 many
879 2882 132 75 mufcles
1024 2882 34 75 as
1075 2882 53 75 are
1144 2882 48 75 in-

164 2926 105 75 ferted
291 2926 68 75 into
375 2926 37 75 it.

214 2972 32 75 It
269 2972 27 75 is
324 2972 56 75 not
403 2972 187 75 articulated
608 2972 75 75 with
701 2972 61 75 any
778 2972 82 75 bone
877 2972 40 75 of
932 2972 55 75 the
1011 2972 101 75 body,
1136 2972 58 75 ex-

1222 201 72 75 cept
1325 201 44 75 by
1400 201 107 75 means
1542 201 41 75 of
1621 201 56 75 the
1708 201 132 75 mufcles
1874 201 63 75 and
1968 201 168 75 ligaments
2168 201 87 75 men-

1222 248 122 75 tioned.

1269 295 77 75 The
1361 295 53 75 ufe
1431 295 41 75 of
1488 295 56 75 the
1563 295 36 75 os
1616 295 147 75 hyoides,
1780 295 27 75 is
1824 295 35 75 to
1878 295 87 75 ferve
1982 295 33 75 as
2033 295 19 75 a
2067 295 82 75 folid
2171 295 87 75 lever

1224 340 51 75 for
1292 340 55 75 die
1364 340 132 75 mufcles
1514 340 34 75 to
1566 340 47 75 aff
1630 340 91 75 with,
1749 340 33 75 in
1798 340 122 75 -railing
1943 340 38 75 or
2007 340 174 75 depreffing
2203 340 55 75 the

1225 387 119 75 tongue
1367 387 63 75 and
1446 387 128 75 larynx,
1600 387 37 75 or
1661 387 33 75 in
1719 387 163 75 enlarging
1902 387 62 75 and
1986 387 201 75 diminifhing
2203 387 55 75 the

1226 434 145 75 capacity
1386 434 41 75 of
1446 434 56 75 the
1525 434 122 75 fauces.

1439 538 83 75 OF
1569 538 149 75 THE
1766 538 280 75 TRUNK.

1274 617 84 75 The
1395 617 142 75 Trunk
1569 617 125 75 confifts
1728 617 40 75 of
1805 617 56 75 the
1890 617 109 75 fpine,
2034 617 120 75 pelvis,
2196 617 65 75 and

1227 663 128 75 thorax.

1274 710 76 75 The
1375 710 114 75 Spine
1520 710 26 75 is
1563 710 55 75 the
1634 710 77 75 long
1726 710 63 75 pile
1806 710 41 75 of
1868 710 99 75 bones
1990 710 161 75 extended
2175 710 85 75 from

1228 756 54 75 the
1310 756 150 75 condyles
1477 756 40 75 of
1528 756 55 75 the
1600 756 127 75 occiput
1743 756 35 75 to
1795 756 54 75 the
1865 756 63 75 end
1944 756 39 75 of
1994 756 55 75 the
2073 756 104 75 rump.
2227 756 32 75 It

1227 802 173 75 fomewhat
1425 802 167 75 refembles
1617 802 66 75 two
1704 802 136 75 unequal
1863 802 162 75 pyramids
2048 802 112 75 joined
2187 802 31 75 in
2243 802 19 75 a

1229 849 145 75 common
1392 849 84 75 bafe.
1527 849 32 75 It
1575 849 26 75 is
1623 849 68 75 not,
1715 849 161 75 however,
1895 849 153 75 ftreight;
2074 849 52 75 for
2144 849 41 75 its
2202 849 58 75 up-

1228 894 56 75 per
1309 894 72 75 part
1409 894 94 75 being
1531 894 108 75 drawn
1664 894 187 75 backwards
1876 894 45 75 by
1936 894 106 75 ftrong
2064 894 146 75 mufcles,
2236 894 25 75 it

1229 942 167 75 gradually
1413 942 154 75 advances
1588 942 170 75 forwards,
1787 942 34 75 to
1837 942 129 75 fupport
1983 942 55 75 the
2060 942 200 75 cefophagus,

1229 988 109 75 veffels
1356 988 39 75 of
1422 988 54 75 the
1503 988 96 75 head,
1618 988 64 75 &c.
1707 988 98 75 Then
1827 988 26 75 it
1878 988 90 75 turns
1992 988 201 75 backwards,
2226 988 36 75 to

1230 1033 91 75 make
1337 1033 90 75 place
1448 1033 125 75 enough
1596 1033 52 75 for
1672 1033 55 75 the
1744 1033 91 75 heart
1851 1033 62 75 and
1929 1033 107 75 lungs.
2085 1033 31 75 It
2139 1033 27 75 is
2183 1033 79 75 next

1230 1081 125 75 bended
1370 1081 168 75 forwards,
1558 1081 34 75 to
1608 1081 129 75 fupport
1754 1081 55 75 the
1834 1081 178 75 vifcera,of
2023 1081 54 75 the
2091 1081 168 75 abdomen.

1231 1125 32 75 It
1286 1125 189 75 afterwards
1493 1125 89 75 turns
1602 1125 199 75 backwards,
1830 1125 51 75 for
1908 1125 56 75 the
1988 1125 214 75 enlargement
2227 1125 41 75 of

1233 1172 54 75 the
1303 1172 114 75 pelvis.
1466 1172 90 75 And,
1574 1172 103 75 laftly,
1695 1172 25 75 it
1743 1172 27 75 is
1787 1172 148 75 reflefted
1950 1172 169 75 forwards,
2145 1172 51 75 for
2211 1172 51 75 fu-

1232 1218 131 75 ftaining
1379 1218 54 75 the
1449 1218 108 75 lowed
1573 1218 89 75 great
1678 1218 70 75 gut.

1278 1266 76 75 The
1377 1266 85 75 fpine
1489 1266 27 75 is
1542 1266 180 75 commonly
1744 1266 129 75 divided
1901 1266 68 75 into
1993 1266 71 75 true
2092 1266 62 75 and
2184 1266 78 75 falfe

1232 1312 175 75 vertebrae;
1435 1312 54 75 the
1508 1312 120 75 former
1645 1312 204 75 conftituting
1876 1312 55 75 the
1955 1312 77 75 long
2047 1312 98 75 upper
2162 1312 102 75 .pyra-

1232 1357 78 75 mid,
1332 1357 105 75 which
1454 1357 57 75 has
1528 1357 41 75 its
1592 1357 72 75 bafe
1679 1357 73 75 bafe
1768 1357 116 75 below,
1913 1357 94 75 while
2028 1357 54 75 the
2099 1357 76 75 falfe
2192 1357 71 75 ver-

1232 1405 96 75 tebra;
1353 1405 93 75 make
1469 1405 55 75 the
1546 1405 121 75 ftiorter
1691 1405 99 75 lower
1818 1405 158 75 pyramid,
2002 1405 105 75 whofe
2135 1405 73 75 bafe
2235 1405 29 75 is

1233 1451 113 75 above.

1278 1497 77 75 The
1377 1497 112 75 True
1514 1497 238 75 Vertebrae
1777 1497 53 75 are
1852 1497 56 75 the
1930 1497 212 75 twenty-four
2164 1497 98 75 upper

1231 1544 99 75 bones
1348 1544 39 75 of
1406 1544 55 75 the
1481 1544 99 75 fpine,
1605 1544 41 75 on
1663 1544 106 75 which
1786 1544 55 75 the
1857 1544 119 75 feveral
1993 1544 137 75 motions
2150 1544 39 75 of
2207 1544 55 75 the

1232 1590 95 75 trunk
1340 1590 40 75 of
1391 1590 58 75 our
1466 1590 111 75 bodies
1589 1590 52 75 are
1657 1590 203 75 performed;
1888 1590 84 75 from
1989 1590 105 75 which
2110 1590 53 75 ufe
2184 1590 78 75 they

1233 1636 80 75 have
1326 1636 98 75 juftly
1440 1636 57 75 got
1513 1636 84 75 their
1614 1636 103 75 name.

1280 1682 91 75 Each
1387 1682 41 75 of
1444 1682 88 75 thefe
1548 1682 154 75 vertebras
1729 1682 27 75 is
1775 1682 168 75 compofed
1965 1682 40 75 of
2026 1682 43 75 its
2096 1682 88 75 body
2200 1682 62 75 and

1233 1728 168 75 proceffes.

1280 1775 76 75 The
1376 1775 86 75 body
1478 1775 26 75 is
1521 1775 56 75 the
1593 1775 90 75 thick
1698 1775 121 75 fpongy
1835 1775 170 75 fore-part,
2022 1775 105 75 which
2143 1775 27 75 is
2187 1775 74 75 con-

1234 1820 61 75 vex
1312 1820 124 75 before,
1454 1820 137 75 concave
1607 1820 198 75 backwards,
1830 1820 182 75 horizontal
2030 1820 63 75 and
2119 1820 84 75 plain
2230 1820 32 75 in

1234 1866 78 75 mod
1343 1866 40 75 of
1410 1866 87 75 them
1533 1866 100 75 above
1661 1866 62 75 and
1750 1866 116 75 below.
1961 1866 185 75 Numerous
2173 1866 90 75 fmall

1234 1912 102 75 holes,
1368 1912 167 75 efpecially
1550 1912 42 75 on
1608 1912 55 75 the
1679 1912 70 75 fore
1765 1912 62 75 and
1842 1912 169 75 back-part
2033 1912 39 75 of
2096 1912 83 75 their
2195 1912 66 75 fur-

1234 1958 81 75 face,
1334 1958 70 75 give
1421 1958 122 75 paffage
1555 1958 35 75 to
1603 1958 83 75 their
1702 1958 122 75 veffels,
1835 1958 61 75 and
1914 1958 94 75 allow
2023 1958 55 75 the
2093 1958 168 75 ligaments

1235 2004 33 75 to
1292 2004 89 75 enter
1397 2004 85 75 their
1498 2004 172 75 fubdance.
1766 2004 76 75 The
1865 2004 96 75 edges
1986 2004 39 75 of
2047 2004 55 75 the
2123 2004 88 75 body
2228 2004 40 75 of

1236 2050 76 75 each
1337 2050 147 75 vertebra
1514 2050 53 75 are
1595 2050 148 75 covered,
1776 2050 167 75 efpecially
1959 2050 32 75 at
2008 2050 55 75 the
2090 2050 171 75 fore-part,

1235 2096 80 75 with
1332 2096 18 75 a
1366 2096 71 75 ring
1453 2096 40 75 of
1513 2096 84 75 bone
1617 2096 107 75 firmer
1746 2096 63 75 and
1824 2096 89 75 more
1929 2096 79 75 folid
2025 2096 76 75 than
2119 2096 55 75 the
2191 2096 71 75 fub-

1237 2143 101 75 dance
1355 2143 39 75 of
1409 2143 55 75 the
1480 2143 88 75 body
1588 2143 60 75 any
1665 2143 107 75 where
1789 2143 76 75 elfe.
1910 2143 109 75 Thefe
2042 2143 86 75 rings
2152 2143 53 75 are
2227 2143 42 75 of

1237 2189 89 75 great
1350 2189 53 75 ufe
1426 2189 32 75 in
1483 2189 189 75 preventing
1697 2189 54 75 the
1773 2189 120 75 fpongy
1908 2189 112 75 bodies
2052 2189 84 75 from
2168 2189 95 75 being

1236 2237 122 75 broken
1373 2237 32 75 in
1428 2237 55 75 the
1498 2237 138 75 motions
1653 2237 40 75 of
1703 2237 56 75 the
1776 2237 109 75 trunk.

1284 2281 153 75 Between
1464 2281 56 75 the
1536 2281 110 75 bodies
1673 2281 39 75 of
1729 2281 77 75 each
1824 2281 66 75 two
1913 2281 162 75 adjoining
2096 2281 165 75 vertebra,

1238 2329 18 75 a
1272 2329 157 75 fubdance
1452 2329 143 75 between
1613 2329 54 75 the
1683 2329 111 75 nature
1811 2329 39 75 of
1869 2329 151 75 ligament
2037 2329 67 75 and,
2114 2329 150 75 cartilage

1237 2375 26 75 is
1288 2375 202 75 interpofed;
1523 2375 104 75 which
1659 2375 98 75 feems
1784 2375 35 75 to
1851 2375 107 75 confid
1986 2375 39 75 of
2052 2375 211 75 concentrical

1238 2421 94 75 curve
1349 2421 106 75 fibres,
1481 2421 91 75 when
1600 2421 26 75 it
1641 2421 26 75 is
1686 2421 53 75 cut
1754 2421 233 75 horizontally;
2014 2421 58 75 but
2087 2421 90 75 when
2195 2421 25 75 it
2236 2421 26 75 is

1238 2466 129 75 divided
1383 2466 287 75 perpendicularly,
1680 2466 55 75 the
1751 2466 95 75 fibres
1863 2466 113 75 appear
1988 2466 130 75 oblique
2136 2466 60 75 and
2208 2466 55 75 de-

1239 2512 151 75 cuffating
1405 2512 77 75 each
1498 2512 106 75 other.
1699 2512 76 75 The
1791 2512 93 75 outer
1900 2512 70 75 part
1987 2512 40 75 of
2038 2512 55 75 the
2109 2512 153 75 interver-

1238 2559 102 75 tebral
1355 2559 167 75 ligaments
1538 2559 26 75 is
1574 2559 55 75 the
1645 2559 80 75 mod
1736 2559 82 75 folid
1825 2559 61 75 and
1897 2559 82 75 hard
1993 2559 10 75 ;
2030 2559 62 75 and
2099 2559 76 75 they
2192 2559 70 75 gra-

1239 2606 108 75 dually
1363 2606 130 75 become
1508 2606 99 75 fofter
1623 2606 48 75 till
1689 2606 77 75 they
1779 2606 53 75 are
1849 2606 109 75 almod
1974 2606 32 75 in
2023 2606 55 75 the
2095 2606 82 75 form
2196 2606 38 75 of
2247 2606 18 75 a

1239 2651 102 75 glairy
1356 2651 107 75 liquor
1489 2651 31 75 in
1541 2651 55 75 the
1628 2651 107 75 centre
1750 2651 10 75 ;
1795 2651 61 75 and
1883 2651 162 75 therefore
2072 2651 88 75 thefe
2191 2651 72 75 fub-

1240 2695 116 75 dances
1373 2695 85 75 were
1473 2695 56 75 not
1544 2695 194 75 improperly
1754 2695 101 75 called
1880 2695 127 75 muons
2030 2695 169 75 ligaments
2222 2695 43 75 by

1240 2744 55 75 the
1312 2744 152 75 ancients.
1511 2744 77 75 Tire
1605 2744 142 75 external
1765 2744 117 75 fibrous
1898 2744 71 75 part
1985 2744 40 75 of
2036 2744 77 75 each
2128 2744 26 75 is
2172 2744 91 75 capa-

1241 2789 97 75 bleof
1343 2789 96 75 being
1450 2789 124 75 greatly
1586 2789 172 75 extended,
1772 2789 61 75 and
1846 2789 39 75 of
1891 2789 94 75 being
1997 2789 268 75 compreffedinto

1243 2837 18 75 a
1276 2837 77 75 very
1366 2837 89 75 fmall
1471 2837 102 75 fpace,
1598 2837 101 75 whild
1711 2837 55 75 the
1783 2837 119 75 middle
1920 2837 78 75 fluid
2016 2837 68 75 part
2101 2837 26 75 is
2143 2837 121 75 incom-

1242 2882 152 75 preflible,
1420 2882 37 75 or
1485 2882 109 75 nearly
1608 2882 35 75 fo
1657 2882 10 75 ;
1694 2882 62 75 and
1784 2882 55 75 the
1866 2882 88 75 parts
1966 2882 51 75 mf
2034 2882 63 75 this
2115 2882 150 75 ligament

1244 2927 141 75 between
1402 2927 55 75 the
1474 2927 246 75 circumference
1737 2927 61 75 and
1815 2927 106 75 centre
1945 2927 157 75 approach
2127 2927 31 75 in
2182 2927 82 75 their

1243 2976 177 75 properties
1437 2976 34 75 to
1500 2976 115 75 either,
1639 2976 32 75 in
1693 2976 188 75 proportion
1908 2976 34 75 to
1967 2976 84 75 their
2077 2976 88 75 more
2185 2976 79 75 folid
