2397 3387
574 142 36 75 B
669 142 41 75 A
766 142 19 75 I

1130 142 162 75 (514

247 212 36 75 to
294 212 89 75 {land
398 212 74 75 trial
484 212 101 75 under
598 212 18 75 a
627 212 143 75 penalty,
795 212 42 75 he
848 212 28 75 is
892 212 67 75 faid
976 212 35 75 to
1022 212 41 75 be
1078 212 163 75 admitted

250 258 31 75 to
301 258 79 75 bail.
430 258 62 75 See
511 258 120 75 Scots
652 258 105 75 Law,
782 258 52 75 tit.
862 258 138 75 Crimes.

201 305 94 75 Clerk
322 305 43 75 of
389 305 55 75 the
470 305 134 75 Bails,
640 305 27 75 is
696 305 40 75 an
773 305 109 75 officer
909 305 173 75 belonging
1119 305 36 75 to
1181 305 58 75 the

249 352 94 75 court
367 352 40 75 of
427 352 55 75 the
505 352 118 75 King’s
647 352 113 75 Bench
775 352 9 75 :
821 352 40 75 he
884 352 69 75 files
969 352 56 75 the
1051 352 185 75 bail-pieces

249 399 96 75 taken
361 399 33 75 in
410 399 72 75 that
498 399 105 75 court,
630 399 62 75 and
709 399 126 75 attends
852 399 52 75 for
920 399 71 75 that
1007 399 148 75 purpofe.

202 446 130 75 BAIL,
365 446 37 75 or
425 446 120 75 Bale,
581 446 31 75 in
640 446 57 75 the
724 446 235 75 fea-language.
1009 446 78 75 The
1114 446 124 75 feamen

249 493 62 75 call
327 493 162 75 throwing
505 493 55 75 the
587 493 102 75 water
715 493 44 75 by
775 493 98 75 hand,
891 493 57 75 out
975 493 41 75 of
1038 493 55 75 the
1117 493 66 75 ffiip
1200 493 38 75 or

248 539 214 75 boat’s-hold,
480 539 138 75 bailing.
664 539 102 75 They
782 539 65 75 alfo
862 539 62 75 call
940 539 91 75 thofe
1046 539 103 75 hoops
1167 539 72 75 that

249 585 77 75 bear
344 585 42 75 up
402 585 56 75 the
475 585 52 75 tilt
544 585 40 75 of
596 585 19 75 a
630 585 88 75 boat,
737 585 42 75 its
797 585 98 75 bails.

201 633 252 75 BAILIAGE,
470 633 38 75 or
525 633 237 75 Bailiwick.
814 633 61 75 See
892 633 238 75 Bailiwick.

201 681 113 75 Water
328 681 212 75 Bailiage,
566 681 40 75 an
634 681 126 75 ancient
783 681 82 75 duty
882 681 75 75 paid
983 681 36 75 to
1042 681 55 75 the
1117 681 68 75 city
1200 681 41 75 of

250 727 153 75 London,
428 727 53 75 for
504 727 43 75 all
571 727 102 75 goods
697 727 141 75 brought
862 727 81 75 into,
969 727 38 75 or
1030 727 125 75 carried
1178 727 58 75 out

249 773 46 75 of,
314 773 55 75 the
389 773 87 75 port.

200 820 181 75 BAILIE,
407 820 32 75 in
457 820 96 75 Scots
573 820 77 75 law,
676 820 18 75 a
706 820 101 75 judge
824 820 162 75 anciently
1004 820 172 75 appointed
1192 820 44 75 by

249 867 55 75 the
320 867 78 75 king
413 867 78 75 over
507 867 76 75 fuch
599 867 92 75 lands
708 867 58 75 not
781 867 128 75 eredted
925 867 69 75 into
1010 867 19 75 a
1049 867 136 75 regality
1201 867 34 75 as

247 913 167 75 happened
429 913 36 75 to
481 913 58 75 fall
556 913 37 75 to
608 913 56 75 the
681 913 108 75 crown
805 913 45 75 by
866 913 168 75 forfeiture
1062 913 38 75 or
1126 913 110 75 other-

248 960 86 75 wife,
359 960 74 75 now
450 960 174 75 aboliffied.
673 960 34 75 It
735 960 26 75 is
786 960 67 75 alfo
869 960 56 75 the
942 960 91 75 name
1048 960 41 75 of
1100 960 18 75 a
1134 960 100 75 magi-

247 1007 96 75 ftrate
359 1007 32 75 in
408 1007 90 75 royal
515 1007 177 75 boroughs,
717 1007 63 75 and
807 1007 40 75 of
864 1007 56 75 the
941 1007 103 75 judge
1065 1007 173 75 appointed

247 1054 44 75 by
308 1054 19 75 a
342 1054 100 75 baron
466 1054 78 75 over
570 1054 92 75 lands
689 1054 127 75 eredted
839 1054 69 75 into
935 1054 19 75 a
982 1054 133 75 barony.
1175 1054 62 75 See

249 1100 128 75 Scots
395 1100 104 75 Law,
524 1100 53 75 tit.
607 1100 145 75 Inferior
768 1100 134 75 judges,
926 1100 63 75 &c.

199 1147 206 75 BAILIFF,
431 1147 39 75 an
488 1147 108 75 officer
614 1147 171 75 appointed
802 1147 50 75 for
869 1147 55 75 the
941 1147 249 75 adminiftration
1202 1147 41 75 of

247 1194 32 75 ji'
279 1194 78 75 ftice
373 1194 135 75 withing
527 1194 18 75 a
561 1194 120 75 certain
696 1194 131 75 diftridt,
852 1194 103 75 called
971 1194 19 75 a
1009 1194 178 75 bailiwick.

199 1240 330 75 BAiLiFFs-err^zz/,
554 1240 76 75 fuch
653 1240 33 75 as
712 1240 55 75 are
783 1240 172 75 appointed
970 1240 44 75 by
1035 1240 56 75 the
1116 1240 118 75 ffieriff,

247 1287 35 75 to
298 1287 42 75 go
356 1287 42 75 up
420 1287 62 75 and
506 1287 95 75 down
629 1287 55 75 the
708 1287 149 75 country,
882 1287 36 75 to
939 1287 88 75 ferve
1056 1287 90 75 writs
1172 1287 64 75 and

247 1334 169 75 warrants,
433 1334 143 75 fummon
593 1334 275 75 country-courts,
885 1334 136 75 feffions,
1038 1334 119 75 affizes,
1175 1334 65 75 and

246 1380 56 75 the
318 1380 78 75 like.

197 1427 187 75 Bailiffs
411 1427 43 75 of
457 1427 203 75 franchifes,
684 1427 91 75 thofe
802 1427 170 75 appointed
988 1427 42 75 by
1049 1427 97 75 every
1161 1427 73 75 lord

247 1473 112 75 within
385 1473 49 75 his
459 1473 118 75 liberty
602 1473 35 75 to
664 1473 44 75 do
737 1473 76 75 fuch
837 1473 108 75 offices
969 1473 124 75 therein
1117 1473 34 75 as
1176 1473 58 75 the

247 1520 230 75 bailiff-errant
493 1520 77 75 does
588 1520 34 75 at
647 1520 88 75 large
750 1520 33 75 in
800 1520 55 75 the
872 1520 148 75 country.

292 1568 114 75 There
422 1568 54 75 are
492 1568 65 75 alfo
572 1568 120 75 bailiffs
708 1568 40 75 of
760 1568 124 75 forefts,
903 1568 63 75 and
981 1568 119 75 bailiffs
1116 1568 41 75 of
1166 1568 68 75 ma-

245 1613 89 75 nors,
360 1613 74 75 who
455 1613 99 75 diredt
571 1613 194 75 hufbandry,
790 1613 58 75 fell
872 1613 97 75 trees,
995 1613 114 75 gather
1131 1613 100 75 rents,

246 1660 62 75 pay
324 1660 188 75 quit-rents,

197 1706 306 75 Water-BAitivv,
531 1706 38 75 an
588 1706 109 75 officer
715 1706 172 75 appointed
903 1706 33 75 in
958 1706 42 75 all
1024 1706 207 75 port-towns,

246 1753 51 75 for
313 1753 56 75 the
384 1753 164 75 fearching
565 1753 41 75 of
616 1753 95 75 ffiips,
728 1753 168 75 gathering
907 1753 55 75 the
974 1753 59 75 toll
1045 1753 52 75 for
1114 1753 118 75 ancho-

245 1800 88 75 rage,
359 1800 65 75 ire.
450 1800 63 75 and
532 1800 151 75 arrefting
699 1800 129 75 perfons
844 1800 52 75 for
912 1800 90 75 debt,
1029 1800 64 75 &c.
1119 1800 40 75 on
1177 1800 56 75 the

245 1846 111 75 water.

197 1894 282 75 BAILIWICK,
503 1894 72 75 that
591 1894 119 75 liberty
726 1894 106 75 which
849 1894 26 75 is
892 1894 173 75 exempted
1077 1894 84 75 from
1176 1894 57 75 the

244 1939 112 75 ffieriff
375 1939 40 75 of
436 1939 57 75 the
519 1939 144 75 county;
696 1939 78 75 over
801 1939 105 75 which
930 1939 118 75 liberty
1073 1939 57 75 the
1157 1939 75 75 lord

245 1987 133 75 thereof
390 1987 144 75 appoints
550 1987 50 75 his
617 1987 72 75 own
706 1987 115 75 bailiff,
846 1987 79 75 with
950 1987 55 75 the
1032 1987 66 75 like
1124 1987 111 75 power

245 2033 113 75 within
379 2033 48 75 his
447 2033 151 75 precindt,
616 2033 34 75 as
667 2033 39 75 an
723 2033 229 75 under-ffieriff
963 2033 157 75 exercifes
1132 2033 101 75 under

244 2079 56 75 the
323 2079 111 75 ffieriff
445 2079 40 75 of
503 2079 55 75 the
577 2079 139 75 county:
751 2079 51 75 Or
824 2079 26 75 it
874 2079 130 75 fignifies
1021 2079 57 75 the
1094 2079 139 75 precindt

246 2126 40 75 of
306 2126 19 75 a
350 2126 113 75 bailiff,
489 2126 37 75 or
541 2126 57 75 the
614 2126 90 75 place
720 2126 112 75 within
847 2126 106 75 which
969 2126 52 75 his
1033 2126 199 75 jurifdidtion

246 2173 26 75 is
289 2173 203 75 terminated.

198 2220 164 75 BAILO,
388 2220 74 75 thus
480 2220 78 75 they
573 2220 80 75 ftyle
668 2220 33 75 at
717 2220 262 75 Conftantinople
996 2220 56 75 the
1065 2220 166 75 -ambaffa-

245 2266 61 75 dor
332 2266 41 75 of
391 2266 56 75 the
479 2266 144 75 republic
650 2266 39 75 of
712 2266 136 75 Venice,
872 2266 75 75 who
974 2266 116 75 refides
1117 2266 32 75 at
1175 2266 57 75 the

245 2313 112 75 Porte.
390 2313 86 75 This
492 2313 150 75 minifter,
668 2313 118 75 befides
803 2313 49 75 his
871 2313 141 75 political
1024 2313 130 75 charge,
1167 2313 65 75 adts

245 2359 92 75 there
353 2359 55 75 the
424 2359 73 75 part
512 2359 40 75 of
563 2359 19 75 a
598 2359 107 75 conful
722 2359 40 75 of
774 2359 137 75 Venice.

199 2407 232 75 BAIOCAO,
477 2407 20 75 a
524 2407 219 75 copper-coin,
780 2407 129 75 current
953 2407 33 75 at
1014 2407 118 75 Rome,
1169 2407 63 75 and

248 2451 199 75 throughout
473 2451 57 75 the
557 2451 106 75 whole
691 2451 77 75 date
795 2451 41 75 of
861 2451 57 75 the
945 2451 134 75 church,
1115 2451 54 75 ten
1198 2451 41 75 of

248 2499 104 75 which
370 2499 92 75 make
478 2499 18 75 a
513 2499 96 75 julio,
634 2499 62 75 and
713 2499 40 75 an
768 2499 147 75 hundred
931 2499 18 75 a
965 2499 127 75 Roman
1110 2499 121 75 crown.

199 2547 208 75 BAIRAM,
431 2547 32 75 in
479 2547 56 75 the
549 2547 213 75 Mahometan
777 2547 148 75 cuftoms,
950 2547 19 75 a
984 2547 110 75 yearly
1110 2547 123 75 feftival

248 2595 40 75 of
300 2595 55 75 the
370 2595 125 75 Turks,
520 2595 106 75 which
649 2595 78 75 they
750 2595 80 75 keep
847 2595 82 75 after
948 2595 57 75 the
1027 2595 59 75 fall
1102 2595 41 75 of
1165 2595 67 75 Ra-

246 2639 127 75 mazan.

295 2686 77 75 The
389 2686 228 75 Mahometans
634 2686 81 75 have
730 2686 67 75 two
815 2686 151 75 bairams,
990 2686 55 75 the
1062 2686 89 75 great
1167 2686 64 75 and

248 2734 58 75 the
319 2734 100 75 little.
467 2734 76 75 The
570 2734 84 75 little
681 2734 122 75 bairam
830 2734 96 75 holds
944 2734 52 75 for
1022 2734 91 75 three
1136 2734 93 75 days,

247 2781 64 75 and
333 2781 26 75 is
376 2781 129 75 feventy
522 2781 78 75 days
616 2781 85 75 after
716 2781 55 75 the
788 2781 77 75 firft,
889 2781 107 75 which
1019 2781 128 75 follows
1170 2781 59 75 im-

246 2827 173 75 mediately
434 2827 54 75 the
509 2827 161 75 ramazan.
704 2827 129 75 During
848 2827 56 75 the
922 2827 135 75 bairam,
1081 2827 56 75 the
1153 2827 75 75 peo-

248 2873 54 75 ple
317 2873 89 75 leave
428 2873 85 75 their
528 2873 91 75 work
635 2873 51 75 for
704 2873 91 75 three
811 2873 92 75 days,
928 2873 92 75 make
1036 2873 140 75 prefents
1193 2873 35 75 to

248 2920 61 75 one
326 2920 148 75 another,
499 2920 59 75 and
577 2920 97 75 fpend
689 2920 55 75 the
760 2920 77 75 time
854 2920 77 75 with
945 2920 89 75 great
1052 2920 176 75 manifefta-

247 2967 86 75 tions
350 2967 39 75 of
395 2967 61 75 joy
460 2967 9 75 .
525 2967 39 75 If
584 2967 56 75 the
656 2967 63 75 day
731 2967 82 75 after
831 2967 147 75 ramazan
995 2967 112 75 ffiould
1133 2967 40 75 be
1193 2967 34 75 fo

246 3016 117 75 cloudy
380 3016 34 75 as
436 3016 35 75 to
487 3016 132 75 prevent
634 3016 56 75 the
706 3016 82 75 fight
806 3016 41 75 of
865 3016 56 75 the
945 3016 71 75 new
1038 3016 108 75 moon,
1171 3016 57 75 the

1348 149 18 75 )

1711 149 36 75 B
1806 149 41 75 A
1908 149 35 75 L

1333 214 122 75 bairam
1471 214 27 75 is
1521 214 59 75 put
1596 214 51 75 off
1659 214 35 75 to
1712 214 56 75 the
1785 214 80 75 next
1880 214 77 75 day,
1982 214 93 75 when
2092 214 27 75 it
2136 214 28 75 is
2183 214 90 75 kept,
2292 214 36 75 e-

1333 261 60 75 ven
1409 261 30 75 if
1454 261 55 75 the
1525 261 96 75 moon
1637 261 112 75 ffiould
1765 261 62 75 ftill
1855 261 41 75 be
1922 261 176 75 obfeured;
2125 261 91 75 when
2245 261 79 75 they

1335 308 159 75 celebrate
1511 308 64 75 this
1592 308 89 75 feaft,
1706 308 84 75 after
1806 308 169 75 numerous
1993 308 208 75 ceremonies,
2225 308 39 75 or
2276 308 50 75 ra-

1335 354 71 75 ther
1422 354 123 75 ftrange
1563 354 204 75 mimickries,
1784 354 33 75 in
1833 354 85 75 their
1942 354 145 75 mofque,
2106 354 25 75 it
2150 354 27 75 is
2197 354 131 75 conclu-

1335 401 64 75 ded
1415 401 79 75 with
1514 401 19 75 a
1556 401 120 75 folemn
1693 401 113 75 prayer
1830 401 118 75 againft
1968 401 57 75 the
2043 401 138 75 infidels,
2207 401 35 75 to
2267 401 59 75 ex-

1336 448 116 75 tirpate
1469 448 160 75 Chriftian
1646 448 137 75 princes,
1808 448 37 75 or
1873 448 34 75 to
1931 448 68 75 arm
2023 448 89 75 them
2128 448 118 75 againft
2263 448 63 75 one

1335 494 146 75 another,
1500 494 71 75 that
1587 494 79 75 they
1683 494 75 75 may
1774 494 82 75 have
1873 494 40 75 an
1929 494 208 75 opportunity
2149 494 36 75 to
2201 494 125 75 extend

1336 542 55 75 the
1407 542 135 75 borders
1564 542 40 75 of
1614 542 85 75 their
1716 542 76 75 law.

1289 588 129 75 BAIT,
1444 588 32 75 in
1492 588 123 75 fiffiing.
1666 588 63 75 See
1746 588 182 75 Fishing.

1288 636 222 75 BAITING,
1528 636 32 75 in
1572 636 158 75 falconry,
1747 636 27 75 is
1786 636 94 75 when
1892 636 19 75 a
1922 636 95 75 hawk
2031 636 124 75 flutters
2173 636 80 75 with
2266 636 58 75 her

1334 682 114 75 wings,
1473 682 105 75 either
1604 682 86 75 from
1707 682 98 75 perch
1820 682 39 75 or
1874 682 59 75 fift,
1959 682 34 75 as
2010 682 30 75 if
2051 682 27 75 it
2093 682 84 75 were
2193 682 131 75 driving

1333 728 35 75 to
1385 728 55 75 get
1460 728 103 75 away.

1286 775 232 75 BAJULUS,
1544 775 38 75 an
1600 775 125 75 ancient
1741 775 109 75 officer
1866 775 32 75 in
1916 775 55 75 the
1984 775 94 75 court
2090 775 41 75 of
2142 775 56 75 the
2209 775 65 75 Grc
2301 775 23 75 k

1335 822 161 75 emperors
1557 822 114 75 There
1687 822 84 75 were
1797 822 120 75 feveral
1933 822 134 75 degrees
2090 822 33 75 ot
2149 822 113 75 bajuli,
2288 822 34 75 as

1334 869 55 75 the
1405 869 102 75 grand
1524 869 140 75 bajulus,
1682 869 75 75 who
1772 869 65 75 was
1853 869 169 75 preceptor
2038 869 36 75 to
2087 869 56 75 the
2158 869 163 75 emperor;

1336 915 62 75 and
1414 915 55 75 the
1485 915 108 75 Ample
1609 915 112 75 bajuli,
1746 915 74 75 who
1835 915 86 75 were
1937 915 272 75 fub-preceptors.

1288 963 178 75 BAKAL,
1492 963 18 75 a
1526 963 90 75 great
1638 963 73 75 lake
1727 963 31 75 in
1775 963 56 75 the
1848 963 118 75 middle
1989 963 41 75 of
2042 963 137 75 Siberia,
2206 963 42 75 on
2265 963 56 75 the

1336 1009 77 75 road
1430 1009 84 75 from
1527 1009 160 75 Mufcovy
1699 1009 35 75 to
1751 1009 116 75 China.

1287 1056 177 75 BAKER,
1490 1056 19 75 a
1523 1056 112 75 perfon
1659 1056 107 75 whofe
1783 1056 190 75 occupation
1989 1056 38 75 or
2042 1056 137 75 bufinefs
2196 1056 26 75 it
2242 1056 26 75 is
2286 1056 35 75 to

1333 1102 83 75 bake
1434 1102 111 75 bread.
1595 1102 62 75 See
1674 1102 171 75 Baking.

1285 1149 291 75 BAKEWELL,
1589 1149 18 75 a
1615 1149 88 75 large
1715 1149 124 75 market
1855 1149 87 75 town
1955 1149 41 75 of
2003 1149 207 75 Derbyffiire,
2221 1149 99 75 about

1339 1195 63 75 150
1419 1195 91 75 miles
1527 1195 85 75 from
1623 1195 154 75 London.
1803 1195 32 75 It
1851 1195 26 75 is
1895 1195 18 75 a
1928 1195 88 75 good
2031 1195 124 75 market
2168 1195 51 75 for
2231 1195 88 75 lead.

1286 1242 202 75 BAKING,
1506 1242 56 75 the
1578 1242 50 75 art
1640 1242 40 75 of
1691 1242 168 75 preparing
1875 1242 112 75 bread,
2003 1242 37 75 or
2057 1242 154 75 reducing
2222 1242 99 75 meals

1332 1288 40 75 of
1383 1288 62 75 any
1460 1288 92 75 kind,
1569 1288 146 75 whether
1731 1288 107 75 Ample
1850 1288 37 75 or
1903 1288 194 75 compound,
2114 1288 69 75 into
2196 1288 111 75 bread.

1380 1334 77 75 The
1472 1334 127 75 various
1617 1334 100 75 forms
1740 1334 40 75 of
1800 1334 118 75 baking
1933 1334 116 75 among
2065 1334 36 75 us
2121 1334 74 75 may
2212 1334 39 75 be
2268 1334 50 75 re-

1335 1380 104 75 duced
1454 1380 69 75 into
1550 1380 79 75 two,
1654 1380 56 75 the
1734 1380 61 75 one
1812 1380 52 75 for
1887 1380 165 75 leavened,
2078 1380 56 75 the
2157 1380 94 75 other
2267 1380 53 75 for

1333 1427 195 75 unleavened
1543 1427 121 75 bread;
1689 1427 52 75 for
1758 1427 55 75 the
1830 1427 77 75 firft,
1932 1427 55 75 the
2004 1427 91 75 chief
2105 1427 26 75 is
2155 1427 165 75 manchet-

1334 1473 130 75 baking,
1488 1473 56 75 the
1560 1473 125 75 procefs
1697 1473 149 75 whereof
1857 1473 27 75 is
1901 1473 34 75 as
1952 1473 142 75 follows.

1378 1519 76 75 The
1467 1519 96 75 meal,
1579 1519 127 75 ground
1721 1519 64 75 and
1800 1519 144 75 boulted,
1962 1519 27 75 is
2006 1519 57 75 put
2078 1519 69 75 into
2159 1519 19 75 a
2186 1519 132 75 trough,

1332 1566 62 75 and
1410 1566 36 75 to
1461 1566 97 75 every
1572 1566 106 75 buffiel
1695 1566 54 75 are
1765 1566 121 75 poured
1902 1566 32 75 in
1951 1566 98 75 about
2065 1566 91 75 three
2172 1566 84 75 pints
2281 1566 42 75 of

1331 1613 99 75 warm
1456 1613 60 75 ale,
1550 1613 79 75 with
1652 1613 90 75 barm
1766 1613 63 75 and
1852 1613 59 75 fait
1939 1613 36 75 to
1999 1613 106 75 feafon
2122 1613 49 75 it:
2207 1613 65 75 this
2289 1613 28 75 is

1329 1660 145 75 kneaded
1501 1660 73 75 well
1600 1660 150 75 together
1777 1660 79 75 with
1884 1660 56 75 the
1967 1660 102 75 hands
2092 1660 141 75 through
2258 1660 57 75 the

1331 1706 98 75 brake
1441 1706 9 75 ;
1477 1706 38 75 or
1531 1706 52 75 for
1595 1706 85 75 want
1704 1706 139 75 thereof,
1869 1706 79 75 with
1965 1706 56 75 the
2038 1706 77 75 feet,
2140 1706 140 75 through
2298 1706 20 75 a

1331 1752 87 75 cloth
1430 1752 10 75 ;
1467 1752 84 75 after
1567 1752 120 75 which,
1712 1752 118 75 having
1846 1752 63 75 lain
1927 1752 38 75 an
1977 1752 83 75 hour
2075 1752 35 75 to
2127 1752 99 75 fwell,
2251 1752 25 75 it
2288 1752 28 75 is

1330 1799 151 75 moulded
1494 1799 69 75 into
1578 1799 179 75 manchets,
1774 1799 104 75 which
1896 1799 154 75 fcorched
2065 1799 33 75 in
2115 1799 55 75 the
2182 1799 134 75 middle,

1329 1846 62 75 and
1407 1846 131 75 pricked
1555 1846 32 75 at
1603 1846 69 75 top,
1697 1846 35 75 to
1748 1846 71 75 give
1836 1846 91 75 room
1943 1846 35 75 to
1994 1846 73 75 rile,
2092 1846 53 75 are
2161 1846 104 75 baked
2281 1846 34 75 in

1328 1891 57 75 the
1401 1891 81 75 oven
1500 1891 41 75 by
1555 1891 18 75 a
1589 1891 107 75 gentle
1713 1891 68 75 fire.

1377 1938 64 75 For
1458 1938 55 75 the
1536 1938 127 75 fecond,
1698 1938 179 75 fometimes
1895 1938 104 75 called
2028 1938 208 75 cheat-bread
2258 1938 56 75 ba-

1330 1983 88 75 king,
1443 1983 27 75 it
1497 1983 26 75 is
1548 1983 74 75 thus
1635 1983 8 75 :
1682 1983 85 75 fome
1784 1983 109 75 leaven
1923 1983 109 75 (faved
2048 1983 86 75 from
2159 1983 18 75 a
2193 1983 122 75 former

1328 2030 113 75 batch)
1466 2030 88 75 filled
1570 2030 79 75 with
1666 2030 71 75 fait,
1762 2030 66 75 laid
1844 2030 43 75 up
1903 2030 35 75 to
1962 2030 85 75 four,
2074 2030 62 75 and
2152 2030 34 75 at
2200 2030 114 75 length

1328 2077 155 75 diffolved
1506 2077 32 75 in
1553 2077 112 75 water,
1690 2077 27 75 is
1741 2077 137 75 ftrained
1900 2077 139 75 through
2057 2077 19 75 a
2092 2077 89 75 cloth
2208 2077 69 75 into
2294 2077 20 75 a

1328 2124 75 75 hole
1429 2124 91 75 made
1536 2124 32 75 in
1593 2124 56 75 the
1666 2124 119 75 middle
1802 2124 40 75 of
1862 2124 55 75 the
1933 2124 81 75 heap
2036 2124 40 75 of
2094 2124 82 75 meal
2200 2124 34 75 in
2258 2124 57 75 the

1328 2170 139 75 trough;
1493 2170 78 75 then
1587 2170 26 75 it
1630 2170 27 75 is
1676 2170 133 75 worked
1830 2170 76 75 with
1924 2170 85 75 fome
2022 2170 40 75 of
2073 2170 56 75 the
2145 2170 81 75 flour
2243 2170 69 75 into

1328 2218 18 75 a
1361 2218 165 75 moderate
1542 2218 209 75 confiftence;
1775 2218 65 75 this
1863 2218 26 75 is
1907 2218 136 75 covered
2059 2218 42 75 up
2120 2218 78 75 with
2215 2218 100 75 meal,

1327 2264 107 75 where
1458 2264 25 75 it
1506 2264 58 75 lies
1582 2264 43 75 all
1641 2264 92 75 night
1771 2264 64 75 and
1851 2264 30 75 in
1900 2264 55 75 the
1972 2264 146 75 morning
2134 2264 56 75 the
2206 2264 107 75 whole

1326 2310 81 75 heap
1423 2310 27 75 is
1466 2310 113 75 ftirred
1605 2310 55 75 up,
1686 2310 62 75 and
1766 2310 109 75 mixed
1894 2310 76 75 with
1988 2310 18 75 a
2022 2310 84 75 little
2122 2310 99 75 warm
2245 2310 65 75 wa-

1326 2356 62 75 ter,
1413 2356 103 75 barm,
1540 2356 64 75 and
1619 2356 72 75 fait,
1716 2356 44 75 by
1770 2356 106 75 which
1892 2356 27 75 it
1930 2356 28 75 is
1974 2356 160 75 feafoned,
2150 2356 159 75 foftened,

1326 2403 62 75 and
1411 2403 139 75 brought
1565 2403 35 75 to
1629 2403 39 75 an
1684 2403 79 75 even
1785 2403 132 75 leaven:
1943 2403 26 75 it
1991 2403 28 75 is
2046 2403 77 75 then
2147 2403 160 75 kneaded,

1326 2449 163 75 moulded,
1514 2449 63 75 and
1594 2449 116 75 baked,
1735 2449 33 75 as
1784 2449 125 75 before.

1280 2495 154 75 Baking
1454 2495 43 75 of
1499 2495 178 75 porcelain.
1727 2495 62 75 See
1801 2495 245 75 Porcelain.

1279 2543 28 75 B
1314 2543 110 75 ALA,
1440 2543 32 75 in
1483 2543 198 75 geography,
1699 2543 19 75 a
1728 2543 228 75 market-town
1973 2543 40 75 of
2023 2543 282 75 Marionethffiire,

1325 2588 97 75 about
1436 2588 40 75 16
1489 2588 91 75 miles
1592 2588 93 75 fouth
1695 2588 83 75 from
1792 2588 166 75 Denbigh,
1968 2588 33 75 in
2015 2588 18 75 3
2033 2570 19 49 0
2066 2588 56 75 40'
2136 2588 61 75 W.
2216 2588 93 75 long,

1330 2635 60 75 and
1412 2635 39 75 52
1451 2617 21 49 0
1491 2635 55 75 55'
1562 2635 49 75 N.
1627 2635 60 75 lat.

1276 2682 227 75 BALAsNA,
1516 2682 38 75 or
1566 2682 149 75 whale,
1733 2682 33 75 in
1778 2682 156 75 zoology,
1948 2682 19 75 a
1977 2682 101 75 genus
2088 2682 41 75 of
2139 2682 55 75 the
2206 2682 100 75 mam-

1324 2729 94 75 malia
1432 2729 96 75 clafs,
1544 2729 174 75 belonging
1733 2729 36 75 to
1785 2729 55 75 the
1852 2729 95 75 order
1963 2729 40 75 of
2016 2729 81 75 cete.
2135 2729 77 75 The
2228 2729 76 75 cha-

1325 2775 115 75 radters
1453 2775 41 75 of
1505 2775 65 75 this
1586 2775 99 75 genus
1702 2775 53 75 are
1772 2775 87 75 thefe
1871 2775 9 75 :
1913 2775 78 75 The
2007 2775 134 75 balaena,
2165 2775 33 75 in
2216 2775 90 75 place

1324 2822 41 75 of
1380 2822 101 75 teeth,
1507 2822 57 75 has
1582 2822 18 75 a
1627 2822 105 75 horny
1754 2822 86 75 plate
1863 2822 33 75 in
1912 2822 56 75 the
1983 2822 100 75 upper
2104 2822 78 75 jaw,
2207 2822 62 75 and
2285 2822 20 75 a

1323 2869 118 75 double
1456 2869 102 75 fiftula
1581 2869 37 75 or
1634 2869 71 75 pipe
1728 2869 52 75 for
1801 2869 161 75 throwing
1985 2869 58 75 out
2065 2869 113 75 water.
2227 2869 78 75 The

1322 2916 118 75 fpecies
1456 2916 54 75 are
1530 2916 96 75 four;
1653 2916 66 75 viL
1758 2916 29 75 1.
1805 2916 76 75 The
1898 2916 193 75 myftieetus,
2116 2916 104 75 which
2246 2916 59 75 has

1322 2962 93 75 many
1426 2962 146 75 turnings
1589 2962 62 75 and
1667 2962 155 75 windings
1838 2962 32 75 in
1887 2962 42 75 its
1947 2962 137 75 noftrils,
2108 2962 63 75 and
2186 2962 56 75 has
2262 2962 44 75 no

1317 3010 43 75 fin
1372 3010 42 75 on
1426 3010 56 75 the
1498 3010 95 75 back.
1623 3010 86 75 This
1722 3010 27 75 is
1762 3010 54 75 the
1828 3010 114 75 largeft
1953 3010 41 75 of
2004 3010 44 75 all
2064 3010 132 75 animals
2208 3010 9 75 ;
2237 3010 24 75 it
2274 3010 29 75 is

2211 3051 93 75 often
