2493 3387
182 174 84 75 453

742 174 501 75 ASTRO

185 238 221 75 Mr'Romeur
421 238 64 75 firfl:
501 238 197 75 difcovered,
717 238 56 75 the
789 238 122 75 motion
929 238 41 75 of
980 238 84 75 light
1075 238 27 75 is
1115 238 107 75 there-

186 284 44 75 by
254 284 119 75 proved
404 284 35 75 to
460 284 39 75 be
525 284 199 75 progreffive,
750 284 62 75 and
834 284 57 75 not
916 284 247 75 inftantaneous,
1189 284 33 75 as

184 305 4 104 ■
188 331 62 75 was
268 331 155 75 formerly
440 331 156 75 believed.
648 331 31 75 It
703 331 26 75 is
755 331 73 75 eafy
852 331 33 75 to
913 331 150 75 compute
1086 331 31 75 in
1135 331 88 75 what

184 378 80 75 time
276 378 61 75 .the
354 378 92 75 earth
464 378 107 75 moves
589 378 84 75 from
699 378 33 75 A
745 378 21 75 x.
766 378 14 75 q
798 378 30 75 B
841 378 10 75 \
878 378 51 75 for
942 378 55 75 the
1015 378 101 75 chord
1128 378 40 75 of
1177 378 45 75 60

184 425 132 75 degrees
328 425 40 75 of
379 425 62 75 any
458 425 96 75 circle
569 425 27 75 is
613 425 95 75 equal
725 425 35 75 to
778 425 55 75 the
850 425 230 75 femidiameter
1097 425 41 75 of
1149 425 72 75 that

184 471 95 75 circle
291 471 11 75 ;
321 471 63 75 and
401 471 33 75 as
448 471 54 75 the
515 471 91 75 earth
619 471 75 75 goes
712 471 140 75 through
871 471 42 75 all
929 471 55 75 the
1005 471 67 75 360
1087 471 133 75 degrees

184 517 40 75 of
236 517 41 75 its
295 517 86 75 orbit
397 517 33 75 in
448 517 17 75 a
477 517 88 75 year,
583 517 26 75 it
626 517 76 75 goes
716 517 139 75 through
870 517 45 75 60
931 517 40 75 of
983 517 89 75 thofe
1088 517 133 75 degrees

182 564 33 75 in
230 564 96 75 about
344 564 41 75 61
406 564 92 75 davs.
546 564 197 75 Therefore,
769 564 31 75 if
811 564 41 75 on
874 564 61 75 any
951 564 93 75 given
1056 564 75 75 day,
1150 564 70 75 fup-

181 611 76 75 pofe
273 611 54 75 the
344 611 63 75 firil
424 611 40 75 of
484 611 96 75 June,
605 611 55 75 the
677 611 91 75 earth
785 611 27 75 is
829 611 33 75 at
881 611 44 75 A,
951 611 40 75 on
1017 611 55 75 the
1098 611 64 75 firfl:
1185 611 41 75 of

183 657 127 75 Auguft
325 657 27 75 it
369 657 65 75 will
454 657 38 75 be
509 657 31 75 at
559 657 53 75 2?;
638 657 56 75 the
711 657 114 75 chord,
851 657 37 75 or
904 657 132 75 ftraight
1057 657 64 75 line

182 704 96 75 being
294 704 93 75 equal
414 704 35 75 to
478 704 59 75 DS
561 704 55 75 the
643 704 107 75 radius
768 704 40 75 of
826 704 56 75 the
900 704 119 75 earth’s
1037 704 99 75 orbit,
1163 704 56 75 the

182 751 85 75 fame
283 751 86 75 with'
380 751 58 75 AS
456 751 42 75 its
511 751 137 75 didance
666 751 84 75 from
768 751 55 75 the
841 751 70 75 fun.

232 798 49 75 As
297 798 55 75 the
370 798 91 75 earth
486 798 109 75 moves
621 798 84 75 from
735 798 36 75 T)
797 798 35 75 to
856 798 38 75 C,
919 798 142 75 through
1084 798 55 75 the
1155 798 64 75 fide

183 845 67 75 AB
268 845 40 75 of
327 845 40 75 its
380 845 98 75 orbit,
504 845 26 75 it
547 845 26 75 is
591 845 175 75 conftantly
778 845 140 75 meeting
935 845 56 75 the
1001 845 83 75 light
1100 845 40 75 of
1159 845 59 75 Ju-

181 891 113 75 piter's
312 891 152 75 fatellites
481 891 124 75 fooner,
632 891 105 75 which
753 891 160 75 occafions
934 891 37 75 an
998 891 151 75 apparent
1166 891 52 75 ac-

183 938 172 75 celeration
373 938 39 75 of
432 938 84 75 their
528 938 130 75 eclipfes
671 938 9 75 ;
707 938 62 75 and
786 938 33 75 as
837 938 25 75 it
879 938 108 75 moves
1006 938 139 75 through
1164 938 55 75 the

184 984 93 75 other
293 984 73 75 half
383 984 35 75 H
433 984 40 75 of
491 984 42 75 its
556 984 97 75 orbit,
679 984 86 75 from
782 984 29 75 C
831 984 36 75 to
891 984 49 75 D,
967 984 25 75 it
1016 984 28 75 is
1070 984 150 75 receding

183 1032 83 75 from
281 1032 84 75 their
381 1032 96 75 light,
503 1032 105 75 which
625 1032 158 75 occafions
801 1032 39 75 an
857 1032 152 75 apparent
1022 1032 197 75 retardation

183 1078 39 75 of
242 1078 84 75 their
343 1078 143 75 eclipfes,
512 1078 132 75 beeaufe
661 1078 83 75 their
768 1078 84 75 light
876 1078 28 75 is
929 1078 79 75 then
1032 1078 113 75 longer
1162 1078 55 75 be-

182 1125 71 75 fore
270 1125 24 75 it
313 1125 167 75 overtakes
495 1125 54 75 the
566 1125 104 75 earth.

229 1171 92 75 That
348 1171 87 75 thefe
465 1171 227 75 accelerations
717 1171 41 75 of
775 1171 56 75 the
848 1171 194 75 immerfions
1066 1171 40 75 of
1126 1171 91 75 Jupi-

181 1218 79 75 ter’s
276 1218 151 75 fatellites
452 1218 69 75 into
536 1218 50 75 his
603 1218 140 75 ihadow,
770 1218 33 75 as
829 1218 55 75 the
907 1218 91 75 earth
1023 1218 195 75 approaches

181 1265 140 75 towards
339 1265 139 75 Jupiter,
503 1265 63 75 and
590 1265 56 75 the
663 1265 212 75 retardations
891 1265 40 75 of
950 1265 85 75 their
1051 1265 166 75 emerfions

182 1312 57 75 out
252 1312 40 75 of
309 1312 51 75 his
377 1312 141 75 (hadovv,
542 1312 33 75 as
592 1312 56 75 the
664 1312 90 75 earth
779 1312 27 75 is
831 1312 97 75 going
951 1312 84 75 from
1058 1312 80 75 him,
1164 1312 53 75 are

181 1358 58 75 not
256 1358 238 75 occafionedby
511 1358 61 75 any
588 1358 177 75 inequality
777 1358 111 75 arifing
906 1358 83 75 trom
1006 1358 55 75 the
1077 1358 140 75 motions

181 1405 40 75 of
240 1405 56 75 the
313 1405 152 75 fatellites
482 1405 32 75 in
538 1405 164 75 excentric
731 1405 114 75 orbits,
870 1405 27 75 is
923 1405 96 75 plain,
1045 1405 131 75 becauie
1193 1405 25 75 it

181 1452 109 75 affefts
307 1452 88 75 them
420 1452 40 75 all
486 1452 97 75 alike,
608 1452 31 75 in
664 1452 164 75 whatever
851 1452 87 75 parts
955 1452 40 75 of
1013 1452 86 75 their
1114 1452 103 75 orbits

181 1497 78 75 they
277 1497 53 75 are
352 1497 150 75 eclipfed.
551 1497 143 75 Befides,
719 1497 78 75 they
821 1497 42 75 go
890 1497 89 75 often
1006 1497 101 75 round
1132 1497 85 75 their

180 1545 102 75 orbits
299 1545 95 75 every
408 1545 88 75 year,
514 1545 61 75 and
592 1545 83 75 their
692 1545 138 75 motions
843 1545 53 75 are
909 1545 42 75 no
969 1545 70 75 way
1055 1545 161 75 commen-

180 1591 105 75 furate
309 1591 34 75 to
361 1591 54 75 the
432 1591 132 75 earth’s.
625 1591 184 75 Therefore,
836 1591 18 75 a
870 1591 219 75 phenomenon
1108 1591 56 75 not
1183 1591 33 75 to

181 1639 41 75 be
238 1639 177 75 accounted
431 1639 51 75 for
499 1639 84 75 from
600 1639 57 75 the
673 1639 66 75 real
756 1639 139 75 motions
912 1639 40 75 of
971 1639 56 75 the
1051 1639 164 75 fatellites,

180 1685 59 75 but
257 1685 32 75 fo
306 1685 95 75 eafily
416 1685 170 75 deducible
610 1685 85 75 from
712 1685 54 75 the
792 1685 120 75 earth’s
936 1685 135 75 motion,
1098 1685 63 75 and
1183 1685 34 75 fo

182 1732 191 75 anfwerable
393 1732 136 75 ihereto,
554 1732 81 75 muft
660 1732 39 75 be
724 1732 139 75 allowed
886 1732 36 75 to
947 1732 96 75 refult
1068 1732 84 75 from
1177 1732 38 75 it.

181 1777 87 75 This
286 1777 121 75 affords
424 1777 61 75 one
501 1777 78 75 very
596 1777 85 75 good
700 1777 99 75 proof
819 1777 40 75 of
878 1777 56 75 the
958 1777 120 75 earth’s
1102 1777 115 75 annual

182 1826 135 75 motion.

226 1969 161 75 Chap.
419 1969 50 75 X.
529 1969 65 75 Of
614 1969 114 75 Solar
748 1969 85 75 and
854 1969 187 75 Sydereal
1065 1969 114 75 Time.

230 2064 85 75 The
334 2064 87 75 fixed
440 2064 77 75 ftars
533 2064 115 75 appear
663 2064 35 75 to
723 2064 43 75 go
790 2064 103 75 round
917 2064 58 75 the
999 2064 91 75 earth
1116 2064 31 75 in
1172 2064 42 75 23

182 2111 98 75 hours
304 2111 39 75 56
360 2111 138 75 minutes
517 2111 20 75 4
554 2111 145 75 feconds,
726 2111 62 75 and
809 2111 55 75 the
889 2111 56 75 fun
968 2111 33 75 in
1026 2111 44 75 24
1094 2111 121 75 hours;

182 2157 35 75 fo
233 2157 70 75 that
319 2157 56 75 the
392 2157 76 75 ftars
486 2157 72 75 gain
576 2157 91 75 three
684 2157 136 75 minutes
840 2157 43 75 56
900 2157 132 75 feconds
1056 2157 84 75 upon
1163 2157 56 75 the

182 2204 57 75 fun
265 2204 96 75 every
385 2204 75 75 day,
493 2204 105 75 which
625 2204 147 75 amounts
798 2204 35 75 to
857 2204 61 75 one
942 2204 126 75 diurnal
1092 2204 127 75 revolu-

182 2250 68 75 tion
276 2250 31 75 in
333 2250 19 75 a
373 2250 98 75 year;
506 2250 63 75 and
594 2250 174 75 therefore,
797 2250 32 75 in
856 2250 65 75 365
949 2250 104 75 miles,
1079 2250 34 75 as
1132 2250 85 75 mea-

183 2296 93 75 fured
300 2296 44 75 by
367 2296 55 75 the
446 2296 125 75 returns
593 2296 39 75 of
655 2296 56 75 the
735 2296 56 75 fun
808 2296 35 75 to
860 2296 55 75 the
930 2296 172 75 meridian,
1128 2296 92 75 there

184 2344 54 75 are
258 2344 66 75 366
342 2344 91 75 days,
459 2344 34 75 as
510 2344 163 75 meafured
689 2344 43 75 by
749 2344 56 75 the
821 2344 77 75 ftars
923 2344 163 75 returning
1110 2344 36 75 to
1168 2344 48 75 it;

185 2390 56 75 the
258 2390 120 75 former
396 2390 53 75 are
467 2390 102 75 called
578 2390 93 75 fclar
688 2390 87 75 days,
802 2390 62 75 and
880 2390 56 75 the
952 2390 96 75 latter
1054 2390 162 75 fydersal.

231 2436 76 75 The
331 2436 155 75 diameter
509 2436 39 75 of
568 2436 55 75 the
647 2436 120 75 earth’s
794 2436 85 75 orbit
904 2436 26 75 is
955 2436 57 75 but
1038 2436 16 75 a
1080 2436 137 75 phyfical

183 2482 91 75 point
291 2482 30 75 in
339 2482 184 75 proportion
542 2482 34 75 to
588 2482 55 75 the
660 2482 136 75 ciftance
813 2482 39 75 of
864 2482 55 75 the
932 2482 75 75 ftars
1019 2482 10 75 ;
1050 2482 50 75 for
1113 2482 105 75 which

183 2529 124 75 reafon,
334 2529 62 75 and
411 2529 56 75 the
490 2529 119 75 earth’s
630 2529 141 75 uniform
788 2529 122 75 motion
927 2529 40 75 on
984 2529 43 75 its
1048 2529 82 75 axis,
1157 2529 62 75 any

185 2576 93 75 given
291 2576 154 75 meridian
458 2576 67 75 wilt
542 2576 127 75 revolve
687 2576 83 75 from
784 2576 61 75 any
863 2576 57 75 ftar
935 2576 34 75 to
987 2576 54 75 the
1058 2576 85 75 fame
1158 2576 61 75 ftar

185 2622 91 75 again
305 2622 31 75 in
365 2622 96 75 every
489 2622 141 75 abfolute
657 2622 74 75 turn
757 2622 42 75 of
815 2622 55 75 the
895 2622 90 75 earth
1009 2622 40 75 on
1075 2622 41 75 its
1134 2622 83 75 axis,

185 2668 137 75 without
340 2668 55 75 the
411 2668 76 75 leaft
503 2668 194 75 perceptible
713 2668 174 75 difference
903 2668 40 75 of
962 2668 77 75 time
1056 2668 104 75 Ihewn
1176 2668 43 75 by

186 2715 20 75 a
217 2715 90 75 clock
326 2715 103 75 which
449 2715 76 75 goes
538 2715 125 75 exadlly
681 2715 83 75 true.

234 2761 38 75 If
288 2761 55 75 the
359 2761 89 75 earth
466 2761 63 75 had
541 2761 76 75 only
635 2761 18 75 a
664 2761 122 75 diurnal
800 2761 135 75 motion,
960 2761 138 75 without
1111 2761 38 75 an
1163 2761 53 75 an-

185 2807 72 75 nual
300 2807 61 75 any
377 2807 93 75 given
487 2807 155 75 meridian
658 2807 109 75 would
783 2807 128 75 revolve
929 2807 83 75 from
1037 2807 55 75 the
1110 2807 55 75 fun
1182 2807 35 75 to

186 2854 55 75 the
259 2854 54 75 fun
331 2854 90 75 again
439 2854 32 75 in
489 2854 55 75 the
567 2854 84 75 fame
671 2854 148 75 quantity
842 2854 39 75 of
901 2854 76 75 time
1003 2854 33 75 as
1053 2854 85 75 from
1155 2854 62 75 any

187 2900 61 75 ftar
268 2900 35 75 to
320 2900 54 75 the
390 2900 83 75 fame
496 2900 62 75 ftar
575 2900 106 75 again,
705 2900 130 75 becaufe
852 2900 55 75 the
923 2900 56 75 fun
998 2900 107 75 would
1120 2900 96 75 never

188 2946 121 75 change
324 2946 50 75 his
395 2946 90 75 place
508 2946 77 75 with
602 2946 119 75 refpedt
746 2946 34 75 to
802 2946 54 75 the
882 2946 87 75 ftars.
1019 2946 67 75 But
1103 2946 34 75 as
1161 2946 55 75 the

188 2992 88 75 earth
296 2992 152 75 advances
466 2992 109 75 almqft
592 2992 19 75 a
632 2992 116 75 degree
772 2992 153 75 eaftward
952 2992 31 75 in
1006 2992 42 75 its
1073 2992 85 75 orbit
1183 2992 33 75 in

186 3042 56 75 the
258 3042 78 75 time
352 3042 69 75 that
437 3042 26 75 it
483 3042 97 75 turns,
599 3042 153 75 eaftward
766 3042 106 75 round
885 3042 43 75 its
946 3042 98 75 a^is^.
1055 3042 161 75 whatever

1321 170 44 75 N
1443 170 41 75 O
1561 170 50 75 M
1687 170 54 75 Y.

1269 242 60 75 ftar
1347 242 96 75 pafles
1461 242 74 75 over
1553 242 56 75 the
1635 242 155 75 meridian
1812 242 42 75 on
1878 242 62 75 any
1964 242 64 75 day
2050 242 79 75 with
2153 242 56 75 the
2234 242 66 75 fun,

1268 287 66 75 will
1350 287 68 75 pafs
1436 287 77 75 over
1530 287 55 75 the
1600 287 84 75 fame
1702 287 152 75 meridian
1872 287 40 75 on
1937 287 55 75 the
2016 287 80 75 next
2120 287 63 75 day
2210 287 93 75 when

1268 334 55 75 the
1340 334 55 75 fun
1408 334 27 75 is
1453 334 109 75 almoft
1581 334 18 75 a
1613 334 117 75 degree
1747 334 85 75 (hort
1849 334 41 75 of
1900 334 47 75 it;
1976 334 71 75 that
2062 334 40 75 is,
2131 334 17 75 3
2168 334 136 75 minutes

1273 384 42 75 56
1342 384 134 75 feconds
1503 384 125 75 fooner.
1686 384 36 75 If
1745 384 55 75 the
1828 384 77 75 year
1932 384 168 75 contained
2128 384 78 75 only
2237 384 68 75 360

1268 428 92 75 days,
1385 428 34 75 as
1436 428 54 75 the
1507 428 129 75 ecliptic
1656 428 78 75 does
1764 428 65 75 360
1850 428 146 75 degrees,
2021 428 57 75 the
2101 428 82 75 fun’s
2208 428 96 75 appa-

1269 474 71 75 rent
1356 474 102 75 place,
1477 474 33 75 fo
1522 474 54 75 far
1594 474 32 75 as
1643 474 49 75 his
1710 474 121 75 motion
1850 474 24 75 is
1892 474 148 75 equable,
2058 474 108 75 would
2184 474 121 75 change

1269 520 17 75 a
1302 520 117 75 degrfee
1435 520 97 75 every
1544 520 62 75 day
1618 520 10 75 ;
1649 520 62 75 and
1726 520 78 75 then
1816 520 54 75 the
1887 520 143 75 fydereal
2047 520 78 75 days
2144 520 108 75 would
2265 520 41 75 be

1264 567 65 75 juft
1345 567 74 75 four
1435 567 137 75 minutes
1589 567 123 75 ftiorter
1729 567 77 75 than
1824 567 54 75 the
1892 567 95 75 folar.

1316 615 37 75 In
1370 615 93 75 Plate
1479 615 115 75 XLII.
1626 615 53 75 fig.
1700 615 33 75 3.
1769 615 46 75 let
1844 615 391 75 ABCDEFGHIKLM
2265 615 39 75 be

1268 660 54 75 the
1339 660 120 75 earth’s
1477 660 97 75 orbit,
1600 660 32 75 in
1662 660 103 75 which
1783 660 25 75 it
1826 660 76 75 goes
1931 660 105 75 round
2059 660 56 75 the
2133 660 54 75 fun
2205 660 98 75 every

1268 707 87 75 year,
1381 707 173 75 according
1572 707 34 75 to
1623 707 55 75 the
1695 707 97 75 order
1808 707 40 75 of
1860 707 57 75 the
1929 707 125 75 letters,
2079 707 71 75 that
2166 707 40 75 is,
2220 707 84 75 from

1268 754 74 75 weft
1359 754 34 75 to
1409 754 27 75 e'
1436 754 58 75 aft;
1512 754 62 75 and
1591 754 89 75 turns
1697 754 104 75 round
1815 754 42 75 its
1875 754 69 75 axis
1961 754 56 75 the
2034 754 83 75 fame
2134 754 72 75 way
2217 754 85 75 from

1266 800 54 75 the
1339 800 56 75 fun
1419 800 35 75 to
1471 800 56 75 the
1544 800 55 75 fun
1618 800 91 75 again
1726 800 97 75 every
1843 800 42 75 24
1903 800 112 75 hours.
2066 800 64 75 Let
2149 800 23 75 S
2192 800 38 75 be
2247 800 56 75 the

1268 847 68 75 fun,
1354 847 62 75 and
1433 847 31 75 R
1477 847 18 75 a
1506 847 88 75 fixed
1610 847 73 75 ftar,
1701 847 33 75 at
1749 847 74 75 fuch
1843 847 38 75 an
1898 847 149 75 immenfe
2064 847 150 75 diftance,
2232 847 71 75 that

1267 894 54 75 the
1344 894 154 75 diameter
1515 894 38 75 of
1567 894 53 75 the
1637 894 119 75 earth’s
1773 894 84 75 orbit
1882 894 91 75 bears
2002 894 42 75 no
2072 894 128 75 fenfible
2229 894 73 75 pro-

1267 941 128 75 portion
1412 941 34 75 to
1463 941 71 75 that
1550 941 150 75 diftance.
1750 941 66 75 Let
1917 941 40 75 be
1975 941 64 75 any
2051 941 172 75 particular
2234 941 68 75 me-

1268 987 100 75 ridian
1385 987 40 75 of
1436 987 56 75 the
1508 987 92 75 earth
1639 987 62 75 and
1731 987 42 75 N
1797 987 18 75 a
1843 987 93 75 given
1953 987 89 75 point
2059 987 37 75 or
2113 987 88 75 place
2219 987 86 75 upon

1267 1034 71 75 that
1356 1034 167 75 meridian.
1558 1034 110 75 When
1686 1034 55 75 the
1757 1034 89 75 earth
1864 1034 27 75 is
1908 1034 33 75 at
1959 1034 46 75 A,
2030 1034 55 75 the
2101 1034 55 75 fun
2174 1034 41 75 .S'
2215 1034 88 75 hides

1266 1080 55 75 the
1343 1080 60 75 ftar
1421 1080 43 75 R,
1490 1080 105 75 which
1612 1080 112 75 would
1746 1080 120 75 always
1883 1080 38 75 be
1939 1080 54 75 hid
2012 1080 31 75 if
2055 1080 55 75 the
2134 1080 91 75 earth
2247 1080 52 75 ne-

1267 1126 56 75 ver
1348 1126 152 75 removed
1524 1126 84 75 from
1631 1126 58 75 A;
1717 1126 61 75 and
1808 1126 239 75 confequently,
2073 1126 33 75 as
2131 1126 56 75 the
2212 1126 91 75 earth

1266 1174 90 75 turns
1374 1174 100 75 round
1493 1174 40 75 its
1563 1174 82 75 axis,
1678 1174 57 75 the
1762 1174 91 75 point
1881 1174 44 75 N
1946 1174 108 75 would
2078 1174 116 75 always
2212 1174 92 75 come

1266 1220 102 75 round
1384 1220 35 75 to
1438 1220 54 75 the
1516 1220 56 75 fun
1589 1220 61 75 and
1679 1220 60 75 ftar
1756 1220 32 75 at
1806 1220 55 75 the
1877 1220 83 75 fame
1977 1220 90 75 time.
2116 1220 67 75 But
2207 1220 95 75 when

1266 1266 55 75 the
1344 1266 91 75 earth
1461 1266 56 75 has
1544 1266 174 75 advanced,
1743 1266 130 75 fuppofe
1902 1266 18 75 a
1948 1266 126 75 twelfth
2099 1266 70 75 part
2198 1266 39 75 of
2260 1266 41 75 its

1266 1313 84 75 orbit
1381 1313 84 75 from
1488 1313 33 75 A
1535 1313 36 75 to
1589 1313 42 75 B,
1656 1313 41 75 its
1715 1313 121 75 motion
1854 1313 104 75 round
1973 1313 41 75 its
2032 1313 69 75 axis
2118 1313 67 75 will
2210 1313 92 75 bring

1266 1360 55 75 the
1338 1360 91 75 point
1453 1360 44 75 N
1519 1360 18 75 a
1564 1360 128 75 twelfth
1717 1360 72 75 part
1816 1360 40 75 of
1879 1360 20 75 a
1925 1360 125 75 natural
2075 1360 74 75 day,
2175 1360 37 75 or
2236 1360 65 75 two

1263 1407 110 75 hours,
1399 1407 113 75 fooner
1529 1407 34 75 to
1580 1407 56 75 the
1653 1407 61 75 ftar
1730 1407 77 75 than
1823 1407 36 75 to
1882 1407 55 75 the
1955 1407 55 75 fun
2026 1407 9 75 ;
2063 1407 50 75 for
2129 1407 56 75 the
2209 1407 92 75 angle

1267 1454 31 75 A
1298 1436 12 49 r
1310 1454 50 75 Bn
1387 1454 27 75 is
1443 1454 94 75 equal
1566 1454 34 75 to
1629 1454 54 75 the
1711 1454 92 75 angle
1830 1454 91 75 ASB
1935 1454 8 75 ;
1970 1454 62 75 and
2060 1454 162 75 therefore
2240 1454 62 75 any

1265 1500 89 75 ftar,.
1364 1500 105 75 which
1488 1500 105 75 comes
1610 1500 35 75 to
1662 1500 56 75 the
1734 1500 152 75 meridian
1904 1500 33 75 at
1954 1500 84 75 noon
2063 1500 78 75 with
2168 1500 56 75 the
2246 1500 56 75 fun

1266 1547 92 75 when
1375 1547 56 75 the
1447 1547 92 75 eaith
1556 1547 27 75 is
1607 1547 33 75 at
1665 1547 44 75 A,
1735 1547 66 75 will
1826 1547 90 75 come
1939 1547 37 75 to
2004 1547 55 75 the
2087 1547 152 75 meridian
2269 1547 34 75 at

1269 1596 40 75 10
1326 1596 32 75 in
1376 1596 55 75 the
1448 1596 155 75 forenoon
1626 1596 94 75 when
1745 1596 55 75 the
1817 1596 91 75 earth
1926 1596 25 75 is
1970 1596 33 75 at
2020 1596 41 75 B.
2114 1596 110 75 When
2243 1596 56 75 the

1265 1640 90 75 earth
1377 1640 107 75 comes
1508 1640 34 75 to
1559 1640 38 75 C,
1626 1640 55 75 the
1698 1640 90 75 point
1806 1640 45 75 N
1868 1640 66 75 will
1952 1640 79 75 have
2048 1640 55 75 the
2121 1640 61 75 ftar
2198 1640 42 75 on
2258 1640 42 75 its

1266 1688 152 75 meridian
1436 1688 32 75 at
1486 1688 19 75 8
1524 1688 31 75 in
1572 1688 57 75 the
1646 1688 159 75 morning,
1833 1688 35 75 ;r
1886 1688 74 75 four
1978 1688 97 75 hours
2093 1688 111 75 fooner
2221 1688 79 75 than

1264 1733 26 75 it
1299 1733 107 75 comes
1420 1733 103 75 round
1534 1733 35 75 to
1582 1733 55 75 the
1649 1733 76 75 fun;
1737 1733 44 75 foi
1801 1733 26 75 it
1840 1733 79 75 muft
1932 1733 128 75 revolve
2072 1733 82 75 from
2170 1733 43 75 2V
2220 1733 33 75 to
2266 1733 20 75 n
2286 1765 16 49 t

1266 1781 110 75 before
1392 1781 26 75 it
1435 1781 57 75 has
1514 1781 54 75 the
1586 1781 55 75 fun
1659 1781 31 75 in
1712 1781 40 75 its
1777 1781 180 75 meridian.'
2009 1781 108 75 When
2135 1781 54 75 the
2207 1781 93 75 earth

1265 1827 106 75 comes
1389 1827 36 75 to
1450 1827 49 75 D,
1525 1827 55 75 the
1597 1827 90 75 point
1705 1827 44 75 N
1766 1827 68 75 will
1848 1827 80 75 have
1945 1827 55 75 the
2017 1827 61 75 ftar
2089 1827 40 75 on
2147 1827 41 75 its
2205 1827 96 75 meri-

1265 1873 73 75 dian
1356 1873 31 75 at
1405 1873 21 75 6
1442 1873 32 75 in
1491 1873 55 75 the
1563 1873 158 75 morning,
1746 1873 57 75 but
1821 1873 70 75 that
1907 1873 90 75 point
2017 1873 80 75 muft
2114 1873 127 75 revolve
2253 1873 48 75 fix

1263 1920 97 75 hours
1377 1920 89 75 more
1485 1920 84 75 from
1589 1920 87 75 2Vt<5
1694 1920 33 75 »,
1753 1920 111 75 before
1891 1920 26 75 it
1941 1920 58 75 has
2023 1920 145 75 mid-day
2185 1920 43 75 by
2245 1920 56 75 the

1266 1966 54 75 fun
1337 1966 8 75 :
1373 1966 64 75 For
1455 1966 72 75 now
1544 1966 55 75 the
1616 1966 91 75 angle
1725 1966 98 75 ASD
1852 1966 27 75 is
1897 1966 18 75 a
1932 1966 86 75 right
2047 1966 104 75 angle,
2176 1966 60 75 and
2267 1966 33 75 fo

1266 2013 27 75 is
1311 2013 99 75 NDh
1426 2013 10 75 ;
1463 2013 71 75 that
1557 2013 41 75 is,
1623 2013 55 75 the
1695 2013 90 75 earth
1803 2013 57 75 has
1878 2013 162 75 advanced
2057 2013 45 75 90
2118 2013 131 75 degrees
2267 2013 32 75 in

1265 2060 41 75 its
1325 2060 97 75 orbit,
1448 2060 62 75 and
1526 2060 80 75 muft
1629 2060 74 75 turn
1722 2060 46 75 90
1791 2060 135 75 degreee
1943 2060 40 75 on
2008 2060 41 75 its
2067 2060 72 75 axis
2156 2060 35 75 to
2208 2060 92 75 carry

1266 2106 56 75 the
1338 2106 89 75 point
1445 2106 43 75 N
1499 2106 85 75 from
1600 2106 54 75 the
1666 2106 62 75 ftar
1740 2106 34 75 to
1791 2106 56 75 the
1863 2106 55 75 fun
1931 2106 8 75 :
1959 2106 66 75 For
2041 2106 55 75 the
2109 2106 61 75 ftar
2182 2106 118 75 always

1267 2153 104 75 comes
1395 2153 35 75 to
1458 2153 55 75 the
1538 2153 156 75 meridian
1709 2153 93 75 when
1820 2153 70 75 N?n
1917 2153 27 75 is
1969 2153 129 75 parallel
2121 2153 35 75 to
2180 2153 57 75 RS
2243 2153 31 75 A
2288 2153 10 75 ;

1268 2201 130 75 becaufe
1417 2201 64 75 DS
1498 2201 26 75 is
1540 2201 59 75 but
1616 2201 19 75 a
1654 2201 91 75 point
1756 2201 32 75 in
1806 2201 118 75 refpeft
1941 2201 39 75 of
1993 2201 68 75 RS.
2110 2201 111 75 When
2245 2201 55 75 the

1265 2247 91 75 earth
1380 2247 27 75 is
1433 2247 32 75 at
1488 2247 43 75 E,
1557 2247 55 75 the
1635 2247 61 75 ftar
1724 2247 119 75 comes'
1859 2247 35 75 to
1918 2247 56 75 the
1999 2247 155 75 meridian
2173 2247 31 75 at
2230 2247 20 75 4
2267 2247 32 75 in

1267 2294 55 75 the
1338 2294 169 75 morning;
1534 2294 32 75 at
1582 2294 38 75 F,
1646 2294 33 75 at
1697 2294 18 75 2
1741 2294 32 75 in
1791 2294 55 75 the
1862 2294 166 75 morning;
2056 2294 61 75 and
2134 2294 33 75 at
2183 2294 42 75 G,
2245 2294 56 75 the

1267 2340 88 75 earth
1374 2340 117 75 having
1507 2340 82 75 gone
1609 2340 75 75 half
1702 2340 103 75 round
1821 2340 42 75 its
1880 2340 98 75 orbit,
2004 2340 45 75 2V
2058 2340 105 75 points
2187 2340 35 75 to
2245 2340 56 75 the

1267 2387 61 75 ftar
1346 2387 29 75 R
1399 2387 31 75 at
1448 2387 171 75 midnight,
1644 2387 25 75 it
1684 2387 95 75 being
1795 2387 76 75 then
1888 2387 134 75 dire&ly
2038 2387 139 75 oppofite
2192 2387 36 75 to
2244 2387 57 75 the

1267 2434 54 75 fun
1335 2434 7 75 ;
1372 2434 62 75 and
1454 2434 174 75 therefore,
1654 2434 43 75 by
1724 2434 55 75 the
1807 2434 119 75 earth’s
1943 2434 124 75 diurnal
2084 2434 134 75 motion,
2243 2434 56 75 the

1268 2480 61 75 ftar
1352 2480 106 75 comes
1484 2480 35 75 to
1552 2480 55 75 the
1630 2480 155 75 meridian
1815 2480 37 75 12
1879 2480 99 75 hours
2002 2480 110 75 before
2144 2480 58 75 thf
2229 2480 68 75 fun.

1268 2527 109 75 When
1395 2527 55 75 the
1473 2527 90 75 earth
1583 2527 26 75 is
1627 2527 32 75 at
1677 2527 50 75 H,
1751 2527 134 75 the'ftar
1900 2527 105 75 comes
2023 2527 34 75 to
2074 2527 56 75 the
2146 2527 153 75 meridian

1266 2573 33 75 at
1319 2573 43 75 10
1378 2573 31 75 in
1426 2573 55 75 the
1507 2573 155 75 evening;
1690 2573 32 75 at
1740 2573 30 75 /,
1787 2573 26 75 it
1830 2573 106 75 comes
1961 2573 36 75 to
2019 2573 56 75 the
2091 2573 154 75 meridian
2263 2573 53 75 8,.

1266 2620 69 75 that
1358 2620 40 75 is,
1428 2620 41 75 16
1486 2620 98 75 hours
1601 2620 111 75 before
1729 2620 55 75 the
1799 2620 79 75 fun;
1921 2620 34 75 at
1977 2620 46 75 K,
2053 2620 39 75 18
2116 2620 101 75 hours
2241 2620 56 75 be-

1268 2666 68 75 fore
1353 2666 66 75 him
1431 2666 9 75 ;
1460 2666 34 75 at
1519 2666 40 75 L,
1580 2666 43 75 20
1640 2666 97 75 hours
1749 2666 11 75 ;
1786 2666 32 75 at
1836 2666 56 75 M,
1913 2666 42 75 22
1972 2666 10 75 ;
2001 2666 73 75 ancf
2080 2666 32 75 at
2125 2666 46 75 A,
2188 2666 110 75 equal-

1265 2711 35 75 ly
1320 2711 79 75 with
1422 2711 56 75 the
1501 2711 56 75 fun
1581 2711 106 75 again.

1312 2759 95 75 Thus
1435 2759 26 75 it
1478 2759 26 75 is
1521 2759 99 75 plain,
1647 2759 69 75 that
1730 2759 38 75 an
1781 2759 142 75 abfolute
1936 2759 73 75 turn
2028 2759 39 75 of
2079 2759 55 75 the
2149 2759 88 75 earth
2256 2759 41 75 on

1265 2807 42 75 its
1325 2807 70 75 axis
1414 2807 122 75 (which
1552 2807 26 75 is
1596 2807 119 75 always
1732 2807 177 75 completed
1928 2807 91 75 when
2048 2807 61 75 any
2126 2807 171 75 particular

1266 2852 152 75 meridian
1431 2852 105 75 comes
1548 2852 36 75 to
1596 2852 39 75 be
1647 2852 129 75 parallel
1788 2852 34 75 to
1836 2852 40 75 its
1891 2852 147 75 fituation
2052 2852 31 75 at
2096 2852 62 75 any
2172 2852 77 75 time
2262 2852 41 75 of

1266 2900 54 75 the
1330 2900 63 75 day
1404 2900 128 75 before)
1546 2900 96 75 never
1653 2900 110 75 brings
1775 2900 54 75 the
1841 2900 83 75 fame
1936 2900 152 75 meridian
2098 2900 102 75 round
2212 2900 88 75 from

1266 2946 54 75 the
1337 2946 56 75 fun
1410 2946 35 75 to
1462 2946 54 75 the
1541 2946 54 75 fun
1613 2946 90 75 again
1719 2946 9 75 ;
1756 2946 56 75 but
1829 2946 70 75 that
1915 2946 55 75 the
1987 2946 90 75 earth
2094 2946 143 75 requires
2262 2946 34 75 as

1266 2991 94 75 much
1378 2991 88 75 more
1483 2991 76 75 than
1576 2991 60 75 one
1652 2991 74 75 turn
1744 2991 39 75 on
1809 2991 43 75 its
1876 2991 70 75 axis
1975 2991 33 75 to
2032 2991 87 75 finilh
2137 2991 18 75 a
2171 2991 128 75 nautral

1264 3040 76 75 day,
1365 3040 34 75 as
1417 3040 28 75 it
1466 3040 58 75 lias
1552 3040 82 75 gone
1658 3040 142 75 forward
1822 3040 33 75 in
1872 3040 75 75 that
1960 3040 76 75 time
2044 3040 32 75 j,
2083 3040 119 75 which,
2228 3040 31 75 at
2277 3040 20 75 a

2205 3078 95 75 mean
