2428 3377
161 140 83 75 154

707 140 41 75 A
864 140 44 75 N
1024 140 42 75 A
1182 140 39 75 T

148 193 76 75 how
239 193 127 75 ufelefs,
390 193 74 75 nay,
489 193 77 75 how
583 193 177 75 pernicious
777 193 26 75 it
827 193 80 75 muft
922 193 54 75 be,
1002 193 35 75 to
1055 193 97 75 apply
1168 193 19 75 a

149 240 112 75 trepan
277 240 42 75 on
342 240 65 75 this
428 240 71 75 part
516 240 39 75 of
567 240 56 75 the
639 240 103 75 Ikull;
769 240 52 75 for
837 240 65 75 this
919 240 199 75 inftrument,
1136 240 48 75 in-

150 286 87 75 ftead
251 286 41 75 of
313 286 142 75 piercing
479 286 68 75 into
572 286 55 75 the
643 286 110 75 cavity
768 286 39 75 of
830 286 56 75 the
902 286 154 75 cranium,
1079 286 107 75 would

151 332 94 75 reach
268 332 42 75 no
327 332 126 75 further
470 332 78 75 than
564 332 55 75 the
636 332 127 75 finufes.

200 376 77 75 The
293 376 101 75 upper
410 376 137 75 circular
562 376 72 75 part
658 376 40 75 of
719 376 57 75 the
792 376 36 75 os
845 376 118 75 frontis
979 376 26 75 is
1021 376 116 75 joined
1152 376 36 75 to

151 426 57 75 the
225 426 65 75 ofla
305 426 175 75 parietalia,
504 426 84 75 from
604 426 60 75 one
681 426 119 75 temple
816 426 36 75 to
868 426 56 75 the
941 426 108 75 other,
1074 426 44 75 by
1133 426 68 75 the.

152 471 132 75 Coronal
300 471 120 75 future.
469 471 98 75 From
584 471 55 75 the
655 471 207 75 termination
878 471 40 75 of
930 471 55 75 the
995 471 131 75 coronal
1139 471 50 75 fu-

152 518 73 75 ture
242 518 35 75 to
294 518 56 75 the
374 518 146 75 external
541 518 132 75 angular
688 518 169 75 procefles,
884 518 64 75 this
965 518 82 75 bone
1062 518 28 75 is
1116 518 75 75 con-

152 565 114 75 nefted
288 565 35 75 to
350 565 56 75 the
431 565 152 75 fphenoid
611 565 43 75 by
670 565 56 75 the
753 565 185 75 fphenoidal
962 565 120 75 future.
1143 565 49 75 At

156 612 54 75 the
227 612 146 75 external
391 612 107 75 canthi
522 612 40 75 of
580 612 57 75 the
652 612 89 75 eyes,
759 612 41 75 its
819 612 131 75 angular
967 612 154 75 proce/Tes
1138 612 54 75 are

150 657 114 75 joined
290 657 44 75 by
349 657 68 75 the.
433 657 172 75 trarrfverfe
628 657 107 75 future
752 657 35 75 to
804 657 56 75 the
877 657 64 75 olfa
956 657 170 75 malarum,
1155 657 36 75 to

154 704 108 75 which
277 704 27 75 it
321 704 133 75 adheres
471 704 60 75 one
554 704 90 75 third
666 704 94 75 down
777 704 56 75 the
859 704 121 75 outfide
1000 704 41 75 of
1058 704 56 75 the
1137 704 54 75 or-

153 751 65 75 bits
230 751 9 75 ;
266 751 133 75 whence
414 751 37 75 to
467 751 55 75 the
538 751 127 75 bottom
678 751 40 75 of
729 751 88 75 thefe
834 751 144 75 cavities,
993 751 62 75 and
1072 751 18 75 a
1106 751 84 75 little

155 797 43 75 tip
211 797 42 75 on
270 797 86 75 their
371 797 137 75 internal
525 797 93 75 fides,
635 797 88 75 thefe
735 797 123 75 orbitar
874 797 154 75 procefies
1046 797 53 75 are
1116 797 76 75 con-

157 842 113 75 neiled
288 842 36 75 to
349 842 55 75 the
428 842 186 75 fphenoidal
638 842 82 75 bone
747 842 45 75 by
808 842 71 75 that
906 842 83 75 fame
1021 842 172 75 future.—

152 890 59 75 On
224 890 55 75 the
296 890 96 75 infide
408 890 40 75 of
460 890 78 75 each
555 890 98 75 orbit,
670 890 57 75 the
743 890 122 75 orbitar
881 890 124 75 procefs
1021 890 27 75 is
1065 890 126 75 indent-

158 936 41 75 ed
219 936 145 75 between
380 936 57 75 the
454 936 183 75 cribriform
654 936 71 75 part
742 936 41 75 of
794 936 56 75 the
862 936 145 75 ethmoid
1019 936 94 75 bone,
1131 936 63 75 and

158 983 57 75 the
239 983 36 75 os
293 983 129 75 planum
438 983 62 75 and
516 983 127 75 unguis.
740 983 75 75 The
832 983 173 75 tranfverfe
1022 983 106 75 future
1146 983 48 75 af-

160 1028 155 75 terwards
331 1028 85 75 joins
433 1028 56 75 the
501 1028 122 75 frontal
639 1028 84 75 bone
738 1028 37 75 to
791 1028 56 75 the
863 1028 141 75 fuperior
1019 1028 85 75 nafal
1122 1028 73 75 pro-

159 1076 99 75 cefles
272 1076 41 75 of
324 1076 55 75 the
397 1076 64 75 ofla
476 1076 180 75 maxillaria
671 1076 175 75 fuperiora,
875 1076 63 75 and
965 1076 35 75 to
1028 1076 56 75 the
1112 1076 84 75 nafal

159 1122 113 75 bones.
321 1122 90 75 And,
429 1122 104 75 laftly,
551 1122 42 75 its
611 1122 84 75 nafal
711 1122 126 75 procefs
854 1122 26 75 is
899 1122 104 75 conne'
1003 1122 69 75 &ed
1087 1122 35 75 to
1139 1122 56 75 the

159 1168 86 75 nafal
261 1168 129 75 lamella
406 1168 43 75 of
464 1168 56 75 the
538 1168 145 75 ethmoid
698 1168 95 75 bone.

205 1214 78 75 The
300 1214 120 75 frontal
436 1214 82 75 bene
535 1214 103 75 ferves
655 1214 36 75 to
707 1214 119 75 defend
842 1214 62 75 and
920 1214 130 75 fupport
1067 1214 56 75 the
1139 1214 56 75 an-

158 1261 102 75 terior
276 1261 89 75 lobes
389 1261 39 75 of
447 1261 57 75 the
520 1261 104 75 brain:
673 1261 32 75 It
722 1261 101 75 forms
848 1261 18 75 a
888 1261 213 75 confiderable
1125 1261 72 75 part

159 1308 42 75 of
220 1308 57 75 the
294 1308 130 75 cavities
442 1308 71 75 that
529 1308 128 75 contain
674 1308 55 75 the
746 1308 110 75 globes
873 1308 41 75 of
925 1308 56 75 the
993 1308 89 75 eyes,
1105 1308 91 75 helps

162 1353 36 75 to
215 1353 93 75 make
323 1353 43 75 up
382 1353 57 75 the
459 1353 122 75 feptum
606 1353 135 75 narium,
766 1353 98 75 organ
885 1353 41 75 of
947 1353 158 75 fmelling,
1131 1353 65 75 &c.

163 1400 100 75 From
279 1400 56 75 the
352 1400 191 75 defeription
566 1400 40 75 of
625 1400 55 75 the
696 1400 119 75 feveral
827 1400 100 75 parts,
945 1400 56 75 the
1018 1400 94 75 other
1128 1400 68 75 ufes

162 1447 40 75 of
213 1447 65 75 this
296 1447 83 75 bone
396 1447 54 75 are
466 1447 141 75 evident.

209 1493 39 75 In
264 1493 20 75 a
300 1493 66 75 ripe
383 1493 101 75 child,
502 1493 55 75 the
569 1493 121 75 frontal
706 1493 84 75 bone
806 1493 27 75 is
845 1493 130 75 divided
987 1493 140 75 through
1141 1493 56 75 the

162 1540 120 75 middle
296 1540 10 75 ;
333 1540 56 75 the
405 1540 206 75 fuperciliary
626 1540 91 75 holes
735 1540 53 75 are
810 1540 57 75 not
891 1540 128 75 formed
1032 1540 10 75 ;
1069 1540 90 75 often
1180 1540 19 75 a

162 1586 18 75 i'
180 1586 72 75 mall
269 1586 104 75 round
386 1586 90 75 piece
492 1586 40 75 of
551 1586 78 75 each
646 1586 123 75 orbitar
785 1586 138 75 procefs,
940 1586 121 75 behind
1075 1586 56 75 the
1146 1586 51 75 fu-

162 1631 170 75 perciliary
340 1631 104 75 ridge,
461 1631 28 75 is
505 1631 58 75 not
578 1631 130 75 oflified,
721 1631 64 75 and
800 1631 92 75 there
907 1631 27 75 is
951 1631 44 75 no
1009 1631 81 75 finus
1107 1631 35 75 to
1158 1631 40 75 be

160 1678 71 75 feen
250 1678 113 75 within
380 1678 43 75 its
442 1678 172 75 fubllance.

192 1724 110 75 dEach
316 1724 42 75 of
377 1724 56 75 the
448 1724 67 75 two
531 1724 53 75 Os
597 1724 43 75 sa
658 1724 264 75 Parietalia,
947 1724 38 75 or
1008 1724 100 75 bones
1132 1724 65 75 fer-

162 1769 77 75 ving
264 1769 33 75 as
315 1769 89 75 walls
428 1769 35 75 to
485 1769 55 75 the
557 1769 208 75 encephalon,
782 1769 27 75 is
834 1769 40 75 an
889 1769 157 75 irregular
1061 1769 135 75 fquare;

162 1817 42 75 its
221 1817 101 75 upper
334 1817 63 75 and
412 1817 71 75 fore
499 1817 79 75 fides
596 1817 96 75 being
707 1817 113 75 longer
836 1817 77 75 than
929 1817 57 75 the
1003 1817 60 75 one
1079 1817 120 75 behind

163 1861 38 75 dt
218 1861 118 75 below.
367 1861 77 75 The
460 1861 133 75 inferior
609 1861 64 75 fide
688 1861 28 75 is
732 1861 20 75 a
768 1861 138 75 concave
920 1861 96 75 arch;
1043 1861 57 75 the
1115 1861 82 75 mid-

164 1910 53 75 dle
234 1910 69 75 part
318 1910 163 75 receiving
494 1910 56 75 the
572 1910 100 75 upper
689 1910 105 75 round
817 1910 71 75 part
904 1910 40 75 of
963 1910 55 75 the
1043 1910 155 75 temporal

164 1957 221 75 bdhe.—The
398 1957 92 75 angle
505 1957 126 75 formed
647 1957 44 75 by
706 1957 63 75 this
786 1957 101 75 upper
903 1957 63 75 fide
983 1957 62 75 and
1061 1957 54 75 the
1128 1957 71 75 fore

163 2001 76 75 one,
256 2001 26 75 is
301 2001 34 75 to
351 2001 175 75 extended,
551 2001 33 75 as
601 2001 36 75 to
652 2001 81 75 have
750 2001 56 75 the
823 2001 195 75 appearance
1034 2001 41 75 of
1086 2001 19 75 a
1123 2001 75 75 pio-

165 2046 80 75 ce's.

212 2094 77 75 The
305 2094 147 75 external
469 2094 124 75 furface
620 2094 41 75 of
683 2094 76 75 each
777 2094 38 75 os
838 2094 153 75 parietale
1015 2094 27 75 is
1060 2094 138 75 convex.

166 2140 99 75 Upon
288 2140 39 75 it,
356 2140 173 75 fomewhat
560 2140 107 75 below
688 2140 56 75 the
772 2140 119 75 middle
913 2140 135 75 beighth
1077 2140 41 75 of
1144 2140 55 75 the

165 2186 96 75 bone,
286 2186 93 75 there
395 2186 27 75 is
439 2186 19 75 a
473 2186 175 75 rranfverfe
665 2186 118 75 arched
798 2186 104 75 ridge,
927 2186 41 75 of
979 2186 17 75 a
1013 2186 114 75 whiter
1144 2186 54 75 co-

165 2233 73 75 lour
266 2233 162 75 generally
444 2233 77 75 than
549 2233 61 75 any
627 2233 93 75 other
743 2233 71 75 part
838 2233 40 75 of
905 2233 55 75 the
985 2233 103 75 bone;
1114 2233 85 75 from

167 2278 118 75 which,
309 2278 33 75 in
358 2278 99 75 bones
481 2278 70 75 that
572 2278 82 75 have
670 2278 106 75 ilrong
797 2278 105 75 prints
918 2278 41 75 of
975 2278 147 75 mufcles,
1149 2278 51 75 we

166 2325 51 75 fee
235 2325 18 75 a
268 2325 91 75 great
374 2325 95 75 many
485 2325 193 75 converging
694 2325 151 75 furrows,
869 2325 67 75 like
958 2325 35 75 fo
1008 2325 96 75 many
1119 2325 82 75 radii

167 2371 110 75 drawn
293 2371 85 75 from
405 2371 20 75 a
451 2371 248 75 circumference
727 2371 141 75 towards
892 2371 18 75 a
930 2371 121 75 centre.
1100 2371 100 75 From

168 2418 65 75 this
250 2418 90 75 ridge
360 2418 43 75 of
425 2418 79 75 each
525 2418 82 75 bone
622 2418 56 75 the
695 2418 156 75 temporal
868 2418 117 75 mufcle
1002 2418 95 75 rifes;
1123 2418 75 75 and,

168 2465 44 75 by
227 2465 56 75 the
305 2465 139 75 preflure
463 2465 40 75 of
521 2465 41 75 its
579 2465 107 75 fibres,
712 2465 158 75 occafions
899 2465 56 75 the
980 2465 137 75 furrows
1134 2465 67 75 juft:

168 2510 75 75 now
264 2510 361 75 mentioned.—Below
640 2510 101 75 thefe,
757 2510 50 75 we
826 2510 143 75 obferve,
990 2510 75 75 near
1081 2510 55 75 the
1153 2510 47 75 fe-

167 2555 183 75 micircular
366 2555 109 75 edges,
501 2555 18 75 a
543 2555 90 75 great
661 2555 95 75 many
771 2555 110 75 rifings
909 2555 61 75 and
997 2555 202 75 depreflions,

169 2602 106 75 which
293 2602 52 75 are
358 2602 114 75 joined
487 2602 36 75 to
541 2602 65 75 like
621 2602 202 75 inequalities
840 2602 42 75 on
899 2602 55 75 the
970 2602 97 75 infide
1082 2602 41 75 of
1144 2602 56 75 the

168 2648 158 75 temporal
342 2648 96 75 bone,
450 2648 35 75 to
502 2648 85 75 form
601 2648 54 75 the
672 2648 169 75 fquamous
858 2648 120 75 future.
1025 2648 78 75 The
1119 2648 81 75 tem-

169 2694 89 75 poral
278 2694 83 75 bone
388 2694 74 75 may
478 2694 161 75 therefore
666 2694 90 75 ferve
783 2694 78 75 here
884 2694 34 75 as
941 2694 19 75 a
986 2694 151 75 buttrefs,
1165 2694 36 75 to

169 2740 132 75 prevent
317 2740 57 75 the
390 2740 99 75 lower
504 2740 64 75 fide
585 2740 40 75 of
643 2740 56 75 the
726 2740 133 75 parietal
874 2740 90 75 from
979 2740 133 75 ftarting
1128 2740 73 75 out-

170 2786 105 75 wards
291 2786 93 75 when
401 2786 41 75 its
460 2786 99 75 upper
576 2786 70 75 part
659 2786 27 75 is
702 2786 121 75 prefled
834 2786 38 75 or
894 2786 118 75 ftruck.

218 2831 90 75 Near
323 2831 55 75 the
393 2831 101 75 upper
509 2831 79 75 fides
608 2831 41 75 of
663 2831 86 75 thefe
765 2831 113 75 bones,
895 2831 141 75 towards
1053 2831 55 75 the
1124 2831 78 75 hind

171 2876 84 75 part,
273 2876 27 75 is
319 2876 18 75 a
352 2876 88 75 fmall
456 2876 74 75 hole
546 2876 32 75 in
595 2876 90 75 each,
702 2876 141 75 through
860 2876 104 75 which
983 2876 18 75 a
1017 2876 71 75 vein
1105 2876 97 75 pafles

171 2923 86 75 from
273 2923 54 75 the
343 2923 179 75 teguments
539 2923 40 75 of
589 2923 56 75 the
663 2923 83 75 head
762 2923 34 75 to
809 2923 55 75 the
879 2923 213 75 longitudinal
1108 2923 94 75 finus.

172 2970 85 75 —In
273 2970 117 75 feveral
406 2970 110 75 fkulls,
533 2970 60 75 one
610 2970 39 75 of
661 2970 56 75 the
733 2970 65 75 ofla
808 2970 165 75 parietalia
990 2970 60 75 has
1066 2970 59 75 not
1140 2970 64 75 this

1341 124 38 75 O
1498 124 50 75 M
1664 124 53 75 Y.

2119 124 102 75 Part
2238 124 30 75 I.

1231 191 74 75 hole
1318 191 11 75 ;
1355 191 33 75 in
1404 191 122 75 others,
1539 191 92 75 there
1647 191 54 75 are
1717 191 66 75 two
1799 191 32 75 in
1848 191 61 75 one
1925 191 84 75 bone
2023 191 11 75 ;
2062 191 63 75 and
2139 191 32 75 in
2183 191 89 75 fome

1233 237 58 75 not
1306 237 62 75 one
1384 237 33 75 in
1433 237 115 75 either.
1597 237 90 75 Moft
1703 237 185 75 frequently
1905 237 67 75 this
1994 237 76 75 hole
2086 237 27 75 is
2130 237 144 75 through

1234 282 79 75 both
1329 282 102 75 tables
1446 282 11 75 ;
1484 282 34 75 at
1541 282 95 75 other
1662 282 94 75 times
1782 282 55 75 the
1864 282 147 75 external
2039 282 85 75 table
2145 282 26 75 is
2196 282 78 75 only

1236 330 320 75 perforated.—The
1573 330 190 75 knowledge
1787 330 40 75 of
1849 330 55 75 the
1921 330 108 75 courfe
2045 330 41 75 of
2097 330 88 75 thefe
2205 330 67 75 vefi-

1236 376 58 75 lels
1311 376 74 75 may
1401 376 40 75 be
1457 376 41 75 of
1522 376 52 75 ufe
1590 376 35 75 to
1642 376 163 75 furgeons,
1832 376 94 75 when
1942 376 79 75 they
2036 376 94 75 make
2148 376 62 75 any
2225 376 47 75 in-

1237 422 93 75 cifion
1357 422 77 75 near
1455 422 64 75 this
1540 422 71 75 part
1639 422 40 75 of
1698 422 56 75 the
1769 422 95 75 head,
1888 422 68 75 left,
1980 422 31 75 if
2022 422 55 75 the
2093 422 109 75 veflels
2221 422 53 75 are

1237 468 103 75 rafhly
1356 468 54 75 cut
1427 468 77 75 near
1520 468 56 75 the
1592 468 89 75 hole,
1698 468 81 75 they
1793 468 107 75 {brink
1916 468 111 75 within
2040 468 56 75 the
2112 468 161 75 fubftance

1237 515 39 75 of
1287 515 56 75 the
1359 515 95 75 bone,
1468 515 63 75 and
1546 515 34 75 fo
1597 515 89 75 caufe
1703 515 38 75 an
1754 515 153 75 obftinate
1918 515 235 75 hsemorrhagy,
2166 515 107 75 which

1239 561 122 75 neither
1378 561 151 75 ligatures
1548 561 59 75 nor
1624 561 171 75 medicines
1813 561 57 75 Can
1888 561 79 75 flop.

1286 608 53 75 On
1355 608 58 75 the
1435 608 90 75 inner
1542 608 138 75 concave
1707 608 124 75 Furface
1853 608 40 75 of
1916 608 56 75 the
2000 608 133 75 parietal
2161 608 113 75 bones,

1238 654 49 75 we
1310 654 50 75 fee
1385 654 20 75 a
1427 654 91 75 great
1543 654 96 75 many
1654 654 81 75 deep
1759 654 152 75 furrows,
1932 654 145 75 difpofed
2103 654 174 75 fornewhat

1237 701 65 75 like
1319 701 57 75 the
1398 701 155 75 branches
1571 701 39 75 of
1627 701 106 75 trees:
1758 701 77 75 The
1854 701 136 75 furrows
2008 701 53 75 are
2083 701 113 75 largeft
2212 701 66 75 and

1239 748 125 75 deepeft
1381 748 33 75 at
1430 748 56 75 the
1509 748 100 75 lower
1625 748 83 75 edge
1722 748 40 75 of
1779 748 79 75 each
1883 748 37 75 os
1937 748 165 75 parietale,
2127 748 149 75 efpecial-

1239 794 34 75 ly
1290 794 74 75 near
1381 794 41 75 its
1441 794 140 75 anterior
1597 794 105 75 angle,
1728 794 107 75 where
1859 794 179 75 fometimes
2056 794 19 75 a
2099 794 60 75 full
2187 794 91 75 canal

1238 840 27 75 is
1282 840 139 75 formed.
1471 840 100 75 They
1588 840 188 75 afterwards
1793 840 108 75 divide
1925 840 69 75 into
2010 840 88 75 fmall
2123 840 154 75 furrows;

1239 886 31 75 in
1294 886 85 75 their
1407 886 145 75 progrefs
1580 886 250 75 upwards.—In
1847 886 85 75 fome
1948 886 96 75 fltulls
2062 886 18 75 a
2104 886 87 75 large
2209 886 68 75 fur-

1239 933 68 75 row
1322 933 109 75 begins
1450 933 32 75 at
1498 933 54 75 the
1568 933 76 75 hole
1660 933 76 75 near
1751 933 56 75 the
1824 933 98 75 upper
1942 933 92 75 edge,
2064 933 62 75 and
2154 933 124 75 divides

1239 978 67 75 into
1322 978 168 75 branches,
1504 978 103 75 which
1618 978 72 75 join
1703 978 78 75 with
1793 978 91 75 thofe
1896 978 106 75 which
2014 978 91 75 come
2116 978 161 75 upwards,

1240 1026 138 75 ftiewing
1394 1026 55 75 the
1469 1026 283 75 communications
1769 1026 40 75 of
1827 1026 56 75 the
1899 1026 100 75 upper
2015 1026 65 75 and
2094 1026 101 75 lower
2210 1026 68 75 vef-

1240 1072 60 75 fels
1317 1072 40 75 of
1375 1072 56 75 the
1448 1072 81 75 dura
1551 1072 204 75 mater.—In
1771 1072 87 75 thefe
1875 1072 138 75 furrows
2031 1072 47 75 we
2095 1072 185 75 frequently

1240 1118 50 75 fee
1307 1118 137 75 paflages
1461 1118 68 75 into
1546 1118 55 75 the
1618 1118 119 75 diploe.
1788 1118 55 75 On
1860 1118 56 75 the
1931 1118 97 75 infide
2045 1118 40 75 of
2107 1118 55 75 the
2179 1118 100 75 upper

1241 1165 79 75 edge
1336 1165 41 75 of
1395 1165 55 75 the
1468 1165 63 75 ofla
1546 1165 177 75 parietalia",
1747 1165 92 75 there
1852 1165 28 75 is
1898 1165 19 75 a
1931 1165 90 75 large
2037 1165 159 75 finuofity,
2214 1165 66 75 fre-

1241 1211 134 75 quently
1390 1211 106 75 larger
1511 1211 32 75 in
1561 1211 56 75 the
1632 1211 84 75 bone
1733 1211 41 75 of
1791 1211 60 75 cne
1866 1211 64 75 fide
1953 1211 78 75 than
2047 1211 40 75 of
2098 1211 55 75 the
2170 1211 107 75 other,

1241 1258 107 75 where
1364 1258 56 75 the
1436 1258 100 75 upper
1552 1258 75 75 part
1640 1258 40 75 of
1698 1258 54 75 the
1769 1258 71 75 falx
1862 1258 25 75 is
1905 1258 153 75 faftened,
2076 1258 64 75 and
2155 1258 56 75 the
2227 1258 53 75 fu-

1242 1303 106 75 perior
1359 1303 213 75 longitudinal
1585 1303 82 75 finus
1680 1303 27 75 is
1719 1303 360 75 lodged.—Generally
2090 1303 71 75 part
2172 1303 41 75 of
2224 1303 57 75 the

1243 1350 113 75 lateral
1372 1350 114 75 finufes
1503 1350 108 75 makes
1629 1350 19 75 a
1663 1350 172 75 depreilion
1856 1350 76 75 near
1948 1350 56 75 the
2021 1350 104 75 angle,
2154 1350 127 75 formed

1243 1397 42 75 by
1301 1397 56 75 the
1372 1397 101 75 lower
1489 1397 63 75 and
1567 1397 154 75 pofterior
1738 1397 80 75 fides
1835 1397 40 75 of
1886 1397 89 75 thefe
1998 1397 98 75 bones
2112 1397 9 75 ;
2149 1397 61 75 and
2225 1397 57 75 the

1242 1443 62 75 pits
1323 1443 92 75 made
1433 1443 42 75 by
1492 1443 56 75 the
1564 1443 181 75 prominent
1762 1443 87 75 parts
1866 1443 40 75 of
1929 1443 56 75 the
2000 1443 90 75 brain
2108 1443 53 75 are
2186 1443 37 75 to
2239 1443 40 75 be

1241 1489 71 75 feen
1337 1489 31 75 in
1397 1489 41 75 no
1465 1489 71 75 part
1564 1489 41 75 of
1631 1489 55 75 the
1706 1489 79 75 fkull
1809 1489 90 75 more
1927 1489 162 75 frequent,
2119 1489 39 75 or
2190 1489 89 75 more

1243 1536 225 75 confiderable,
1493 1536 78 75 than
1586 1536 33 75 in
1635 1536 56 75 the
1715 1536 138 75 internal
1874 1536 123 75 furface
2014 1536 40 75 of
2074 1536 55 75 the
2146 1536 134 75 parietal

1246 1582 110 75 bones.

1291 1628 76 75 The
1383 1628 65 75 offa
1462 1628 166 75 parietalia
1645 1628 52 75 are
1721 1628 143 75 amongft
1884 1628 56 75 the
1964 1628 137 75 thinneft
2123 1628 99 75 bones
2247 1628 41 75 of

1245 1675 53 75 the
1317 1675 162 75 cranium;
1505 1675 59 75 but
1580 1675 97 75 enjoy
1694 1675 55 75 the
1765 1675 128 75 general
1910 1675 151 75 ftruttufe
2081 1675 40 75 of
2140 1675 66 75 two
2232 1675 50 75 ta-

1244 1721 68 75 bles
1330 1721 62 75 and
1416 1721 107 75 diploe
1546 1721 55 75 the
1624 1721 195 75 completeft,
1842 1721 63 75 and
1928 1721 53 75 are
1998 1721 58 75 the
2079 1721 80 75 moft
2186 1721 97 75 equal

1245 1767 61 75 ahd
1322 1767 140 75 fmooth.

1292 1813 109 75 Thefe
1423 1813 99 75 bones
1546 1813 54 75 are
1622 1813 113 75 joined
1754 1813 33 75 at
1815 1813 85 75 their
1926 1813 148 75 fore-fide
2099 1813 36 75 to
2161 1813 57 75 the
2246 1813 37 75 os

1245 1860 115 75 frontis
1377 1860 45 75 by
1437 1860 56 75 the
1516 1860 129 75 coronal
1663 1860 107 75 future
1785 1860 10 75 ;
1822 1860 33 75 at
1880 1860 85 75 their
1983 1860 78 75 long
2076 1860 133 75 inferior
2226 1860 55 75 an-

1245 1905 79 75 gles,
1350 1905 37 75 to
1403 1905 56 75 the
1474 1905 153 75 fphenofd
1644 1905 96 75 bone,
1759 1905 45 75 by
1819 1905 71 75 part
1907 1905 40 75 of
1964 1905 56 75 the
2036 1905 107 75 future
2160 1905 40 75 of
2217 1905 64 75 this

1246 1951 89 75 name
1347 1951 10 75 ;
1384 1951 32 75 at
1432 1951 86 75 their
1533 1951 101 75 lower
1648 1951 94 75 edge,
1759 1951 36 75 to
1810 1951 55 75 the
1885 1951 64 75 ofla
1960 1951 192 75 tempomm,
2169 1951 44 75 by
2226 1951 56 75 the

1244 1998 169 75 fquamous
1440 1998 120 75 future,
1586 1998 63 75 and
1672 1998 41 75 its
1741 1998 153 75 pofterior
1922 1998 250 75 additamentum
2187 1998 10 75 ;
2224 1998 57 75 be-

1244 2044 90 75 hind,
1356 2044 36 75 to
1408 2044 55 75 the
1486 2044 37 75 os
1548 2044 160 75 occipitis,
1725 2044 38 75 or
1780 2044 65 75 offa
1860 2044 171 75 triquetra,
2049 2044 43 75 by
2108 2044 56 75 the
2180 2044 101 75 lamb-

1245 2090 78 75 doid
1344 2090 107 75 future
1465 2090 11 75 ;
1502 2090 63 75 and
1581 2090 112 75 above,
1723 2090 35 75 to
1775 2090 59 75 one
1851 2090 149 75 another,
2025 2090 43 75 by
2085 2090 55 75 the
2156 2090 126 75 fagittal

1247 2137 120 75 future.

1293 2184 37 75 In
1348 2184 18 75 a
1383 2184 87 75 child
1484 2184 82 75 born
1584 2184 40 75 at.
1634 2184 56 75 the
1706 2184 60 75 full
1782 2184 91 75 time,
1899 2184 83 75 none
2002 2184 40 75 of
2057 2184 56 75 the
2140 2184 79 75 fides
2249 2184 41 75 of

1246 2230 64 75 this
1327 2230 82 75 bone
1425 2230 54 75 are
1495 2230 180 75 completed
1689 2230 9 75 ;
1726 2230 63 75 and
1804 2230 91 75 there
1907 2230 96 75 never
2014 2230 27 75 is
2058 2230 19 75 a
2091 2230 75 75 hole
2181 2230 33 75 in
2226 2230 57 75 the

1247 2277 117 75 oflified
1379 2277 71 75 part
1465 2277 42 75 of
1517 2277 25 75 it
1558 2277 76 75 near
1651 2277 35 75 to
1706 2277 55 75 the
1778 2277 126 75 fagittal
1920 2277 119 75 future.

1293 2324 76 75 The
1389 2324 88 75 large
1494 2324 160 75 unoflified
1672 2324 212 75 ligamentous
1909 2324 72 75 part
2005 2324 41 75 of
2068 2324 56 75 the
2141 2324 140 75 cranium

1247 2369 182 75 obfervable
1447 2369 144 75 between
1608 2369 55 75 the
1679 2369 134 75 parietal
1834 2369 192 75 bones,.and
2041 2369 55 75 the
2113 2369 119 75 middle
2248 2369 43 75 of

1248 2415 53 75 the
1318 2415 129 75 divided
1463 2415 36 75 os
1512 2415 116 75 frontis
1645 2415 41 75 of
1692 2415 166 75 new-born
1876 2415 158 75 children,
2051 2415 103 75 called
2171 2415 44 75 by
2227 2415 56 75 the

1247 2462 112 75 vulgar
1375 2462 55 75 the
1446 2462 75 75 open
1538 2462 43 75 of
1596 2462 53 75 the
1664 2462 92 75 head,
1781 2462 66 75 was
1874 2462 159 75 imagined
2060 2462 43 75 by
2121 2462 55 75 the
2197 2462 86 75 anci-

1247 2507 69 75 ents
1340 2507 36 75 to
1400 2507 88 75 ferve
1513 2507 52 75 for
1585 2507 55 75 the
1656 2507 185 75 evacuation
1858 2507 40 75 of
1919 2507 55 75 the
1990 2507 195 75 fuperfluous
2202 2507 81 75 moi-

1246 2553 82 75 fture
1345 2553 40 75 of
1403 2553 54 75 the
1474 2553 90 75 brain
1580 2553 7 75 ;
1615 2553 62 75 and
1694 2553 163 75 therefore
1873 2553 79 75 they
1969 2553 114 75 named
2099 2553 25 75 it
2137 2553 143 75 bregma,

1249 2600 36 75 or
1302 2600 53 75 the
1373 2600 164 75 fountain;
1564 2600 178 75 fometimes
1763 2600 119 75 adding
1898 2600 55 75 the
1965 2600 122 75 epithet
2099 2600 183 75 putfatilis,

1248 2646 36 75 or
1300 2646 141 75 beating,
1459 2646 42 75 on
1517 2646 136 75 account
1669 2646 42 75 of
1729 2646 55 75 the
1807 2646 156 75 pulfation
1980 2646 41 75 of
2043 2646 55 75 the
2114 2646 91 75 brain
2223 2646 60 75 felt

1247 2691 139 75 through
1414 2691 64 75 this
1506 2691 129 75 flexible
1662 2691 417 75 ligamento-cartilaginous
2107 2691 175 75 fubftance.

1248 2738 111 75 Hence
1375 2738 79 75 very
1468 2738 186 75 frequently
1669 2738 55 75 the
1751 2738 132 75 parietal
1911 2738 98 75 bones
2033 2738 54 75 are
2107 2738 103 75 called
2226 2738 59 75 oft

1250 2785 188 75 bregmatis.

1296 2831 57 75 AH
1377 2831 56 75 the
1449 2831 131 75 bregma
1602 2831 26 75 is
1650 2831 164 75 generally
1825 2831 116 75 oflified
1956 2831 112 75 before
2085 2831 90 75 feven
2192 2831 93 75 years

1250 2877 41 75 of
1301 2877 69 75 age.
1421 2877 131 75 Several
1573 2877 132 75 authors
1721 2877 66 75 fay,
1816 2877 78 75 they
1910 2877 81 75 have
2013 2877 153 75 obferved
2182 2877 26 75 it
2226 2877 57 75 un-

1251 2923 115 75 oflified
1386 2923 32 75 in
1436 2923 104 75 adults
1555 2923 10 75 ;
1592 2923 63 75 and
1671 2923 188 75 phyficians,
1873 2923 72 75 who
1963 2923 95 75 order
2074 2923 56 75 the
2146 2923 138 75 applica-

1251 2969 67 75 tion
1330 2969 41 75 of
1381 2969 172 75 medicines
1565 2969 33 75 at
1614 2969 56 75 the
1692 2969 141 75 meeting
1850 2969 40 75 of
1896 2969 56 75 the
1969 2969 131 75 coronal
2112 2969 61 75 and
2188 2969 95 75 fagit-

2239 3013 46 75 tal
