2397 3387
527 176 208 75 BIB

1091 176 99 75 (5

139 246 166 75 dedicated
321 246 35 75 to
373 246 55 75 the
445 246 146 75 emperor
602 246 138 75 Charles
751 246 47 75 V.
815 246 45 75 by
867 246 134 75 Francis
1017 246 159 75 Enzinas,

139 293 170 75 otherwife
336 293 105 75 called
468 293 177 75 Driander,
671 293 31 75 in
732 293 101 75 1543.
890 293 78 75 The
992 293 65 75 firft
1081 293 96 75 Bible

139 339 108 75 which
270 339 66 75 was
353 339 126 75 printed
503 339 32 75 in
561 339 132 75 Spanifh
711 339 51 75 for
787 339 54 75 the
869 339 54 75 ufe
940 339 40 75 of
1002 339 56 75 the
1075 339 101 75 Jews,

139 388 67 75 was
230 388 70 75 that
316 388 128 75 printed
461 388 32 75 at
518 388 138 75 Ferrara
672 388 32 75 in
727 388 100 75 1553,
852 388 33 75 in
905 388 126 75 Gothic
1047 388 129 75 charac-

140 434 80 75 ters,
245 434 63 75 and
336 434 169 75 dedicated
521 434 36 75 to
577 434 159 75 Hercules
753 434 92 75 d’Eft
861 434 85 75 duke
971 434 40 75 of
1028 434 148 75 Ferrara.

138 481 89 75 This
254 481 121 75 verfion
398 481 28 75 is
443 481 75 75 very
544 481 138 75 ancient,
708 481 63 75 and
794 481 65 75 was
884 481 157 75 probably
1063 481 34 75 in
1124 481 54 75 ufe

139 528 117 75 among
272 528 57 75 the
348 528 88 75 Jews
456 528 40 75 of
517 528 99 75 Spain
633 528 110 75 before
759 528 183 75 Ferdinand
960 528 61 75 and
1044 528 136 75 Ifabella

140 575 151 75 expelled
306 575 89 75 them
411 575 57 75 out
478 575 39 75 of
529 575 85 75 their
630 575 180 75 dominions
827 575 32 75 in
872 575 102 75 1492.

189 623 145 75 German
354 623 136 75 Bible.
538 623 77 75 The
632 623 65 75 firft
720 623 63 75 and
807 623 80 75 moft
905 623 126 75 ancient
1048 623 129 75 tranfla-

141 670 67 75 tion
222 670 40 75 of
273 670 55 75 the
345 670 95 75 Bible
457 670 31 75 in
507 670 55 75 the
574 670 146 75 German
735 670 168 75 language,
930 670 27 75 is
974 670 71 75 that
1063 670 43 75 of
1118 670 58 75 Ul-

139 717 104 75 philas
261 717 107 75 oiftiop
384 717 40 75 of
444 717 56 75 the
517 717 124 75 Goths,
666 717 99 75 about
790 717 55 75 the
868 717 76 75 year
963 717 81 75 360.
1093 717 85 75 This

141 764 109 75 bifhop
267 764 59 75 left
344 764 55 75 out
409 764 56 75 the
481 764 102 75 books
600 764 40 75 of
651 764 118 75 Kings,
795 764 106 75 which
914 764 84 75 treat
1015 764 116 75 chiefly
1143 764 40 75 of

139 810 80 75 war,
245 810 55 75 left
318 810 25 75 it
359 810 112 75 ftiould
496 810 57 75 too
566 810 105 75 imsch
697 810 178 75 encourage
892 810 55 75 the
974 810 126 75 martial
1118 810 59 75 hu-

140 858 93 75 mour
251 858 39 75 of
314 858 55 75 the
393 858 122 75 Goths.
568 858 54 75 An
650 858 167 75 imperfedt
842 858 191 75 manufcript
1050 858 39 75 of
1111 858 65 75 this

139 905 122 75 verfion
280 905 63 75 was
368 905 101 75 found
491 905 31 75 in
541 905 56 75 the
621 905 104 75 abbey
740 905 41 75 of
793 905 131 75 Verden
941 905 75 75 near
1034 905 141 75 Cologn,

141 952 129 75 written
287 952 32 75 in
344 952 112 75 letters
473 952 39 75 of
532 952 102 75 filver,
659 952 52 75 for
727 952 106 75 which
862 952 109 75 reafon
988 952 26 75 it
1030 952 26 75 is
1073 952 104 75 called

140 1000 102 75 Codex
257 1000 183 75 Argenteus
452 1000 11 75 ;
489 1000 64 75 and
568 1000 26 75 it
606 1000 64 75 was
687 1000 164 75 publiftied
867 1000 44 75 by
920 1000 130 75 Francis
1061 1000 115 75 Junius

139 1048 35 75 in
193 1048 100 75 1665.
341 1048 77 75 The
441 1048 100 75 oldeft
557 1048 145 75 German
729 1048 128 75 printed
874 1048 96 75 Bible
998 1048 125 75 extant,
1149 1048 27 75 is

139 1093 72 75 that
235 1093 40 75 of
294 1093 216 75 Nuremberg,
536 1093 129 75 printed
680 1093 31 75 in
734 1093 109 75 1447;
871 1093 58 75 but
946 1093 74 75 who
1048 1093 55 75 the
1120 1093 55 75 au-

140 1140 78 75 thor
240 1140 41 75 of
298 1140 25 75 it
341 1140 76 75 was,
444 1140 27 75 is
488 1140 177 75 uncertain.
715 1140 87 75 John
819 1140 135 75 Emzer,
979 1140 145 75 chaplain
1142 1140 35 75 to

140 1187 134 75 George
290 1187 84 75 duke
392 1187 40 75 of
444 1187 147 75 Saxony,
616 1187 165 75 publilhed
796 1187 18 75 a
830 1187 122 75 verfion
970 1187 39 75 of
1020 1187 55 75 the
1092 1187 85 75 New

139 1234 188 75 Teftament
344 1234 31 75 in
393 1234 176 75 oppofition
586 1234 35 75 to
634 1234 140 75 Luther.
823 1234 112 75 There
951 1234 27 75 is
997 1234 17 75 a
1030 1234 146 75 German

139 1282 98 75 Bible
251 1282 40 75 of
302 1282 87 75 John
415 1282 123 75 Eckius
554 1282 33 75 in
615 1282 101 75 1537,
742 1282 78 75 with
837 1282 150 75 Emzer’s
1004 1282 86 75 New
1104 1282 71 75 Te-

139 1328 135 75 ftament
291 1328 105 75 added
412 1328 37 75 to
463 1328 47 75 it;
538 1328 62 75 and
618 1328 61 75 one
696 1328 44 75 by
763 1328 227 75 Ulembergius
1015 1328 40 75 of
1067 1328 108 75 Weft-

138 1375 121 75 phalia,
295 1375 159 75 procured
481 1375 43 75 by
551 1375 184 75 Ferdinand
762 1375 85 75 duke
870 1375 39 75 of
928 1375 150 75 Bavaria,
1114 1375 64 75 and

138 1422 131 75 printed
286 1422 32 75 in
340 1422 102 75 1630.
491 1422 126 75 Martin
630 1422 141 75 Luther,
795 1422 119 75 having
930 1422 169 75 employed
1111 1422 65 75 ele-

138 1469 61 75 ven
217 1469 92 75 years
338 1469 31 75 in
399 1469 185 75 tranflating
610 1469 55 75 the
689 1469 69 75 Old
782 1469 63 75 and
867 1469 85 75 New
976 1469 200 75 Teftament,

136 1515 165 75 publifhed
330 1515 55 75 the
406 1515 198 75 Pentateuch
622 1515 32 75 in
683 1515 101 75 1522,
810 1515 55 75 the
885 1515 160 75 hiftorical
1074 1515 101 75 books

138 1564 66 75 and
220 1564 55 75 the
291 1564 121 75 Pfalms
429 1564 32 75 in
484 1564 100 75 15:24,
610 1564 54 75 the
681 1564 102 75 books
801 1564 39 75 of
853 1564 154 75 Solomon
1025 1564 31 75 in
1073 1564 102 75 1527,

138 1610 105 75 Ifaiah
267 1610 32 75 in
326 1610 103 75 1529,
451 1610 55 75 the
531 1610 162 75 Prophets
721 1610 32 75 in
783 1610 102 75 1531,
911 1610 61 75 and
997 1610 55 75 the
1081 1610 95 75 other

139 1657 102 75 books
254 1657 31 75 in
300 1657 105 75 1530:
426 1657 53 75 He
489 1657 164 75 publilhed
664 1657 55 75 the
731 1657 86 75 New
827 1657 187 75 Teftament
1027 1657 32 75 in
1071 1657 101 75 1522.

139 1704 78 75 The
240 1704 130 75 learned
397 1704 108 75 agree,
530 1704 70 75 that
616 1704 51 75 his
694 1704 156 75 language
874 1704 26 75 is
917 1704 92 75 pure,
1033 1704 64 75 and
1117 1704 57 75 the

137 1751 122 75 verfion
277 1751 103 75 clear,,
400 1751 62 75 and
478 1751 68 75 free
570 1751 85 75 from
683 1751 199 75 intricacies:
921 1751 33 75 It
970 1751 66 75 was
1053 1751 122 75 revifed

136 1797 48 75 by
205 1797 120 75 feveral
353 1797 129 75 perfons
499 1797 40 75 of
562 1797 138 75 quality,
725 1797 75 75 who
825 1797 84 75 were
933 1797 129 75 mafters
1079 1797 40 75 of
1131 1797 42 75 all

138 1845 56 75 tire
219 1845 168 75 delicacies
411 1845 41 75 of
474 1845 56 75 the
547 1845 145 75 German
717 1845 169 75 language.
934 1845 77 75 The
1028 1845 145 75 German

139 1891 111 75 Bibles
262 1891 105 75 which
385 1891 81 75 have
482 1891 81 75 been
579 1891 127 75 printed
721 1891 32 75 in
772 1891 146 75 Saxony,
945 1891 227 75 Switzerland,

139 1938 64 75 and
219 1938 183 75 elfewhere,
427 1938 54 75 are
504 1938 52 75 for
572 1938 56 75 the
645 1938 79 75 moft
740 1938 73 75 part
829 1938 56 75 the
900 1938 84 75 fame
1000 1938 34 75 as
1051 1938 69 75 that
1138 1938 41 75 of

139 1984 140 75 Luther,
304 1984 79 75 with
400 1984 79 75 very
493 1984 85 75 little
593 1984 170 75 variation.
812 1984 39 75 In
874 1984 98 75 1604.
1000 1984 88 75 John
1104 1984 67 75 Pif-

139 2031 90 75 cator
253 2031 164 75 publilhed
433 2031 18 75 a
467 2031 119 75 verfion
607 2031 41 75 of
659 2031 54 75 the
730 2031 95 75 Bible
841 2031 32 75 in
893 2031 159 75 German,
1076 2031 97 75 taken

138 2078 84 75 from
240 2078 71 75 that
323 2078 41 75 of
378 2078 114 75 Junius
510 2078 290 75 andTremellius:
824 2078 67 75 But
908 2078 53 75 his
974 2078 75 75 turn
1062 2078 40 75 of
1113 2078 59 75 ex-

138 2124 131 75 preflion
287 2124 27 75 is
331 2124 113 75 purely
464 2124 113 75 Latin,
602 2124 63 75 and
682 2124 57 75 not
763 2124 33 75 at
813 2124 42 75 all
883 2124 167 75 agreeable
1066 2124 35 75 to
1117 2124 57 75 the

139 2172 117 75 genius'
267 2172 40 75 of
317 2172 57 75 the
396 2172 146 75 German
557 2172 175 75 language:
770 2172 78 75 The
871 2172 205 75 Anabaptifts
1092 2172 82 75 have

140 2219 22 75 a
176 2219 143 75 German
334 2219 93 75 Bible
444 2219 128 75 printed
589 2219 32 75 at
632 2219 136 75 Worms
785 2219 32 75 in
835 2219 101 75 1529.
977 2219 87 75 John
1078 2219 94 75 Crel-

139 2266 62 75 lius
219 2266 164 75 publilhed
410 2266 50 75 his
477 2266 119 75 verfion
616 2266 42 75 of
669 2266 56 75 the
748 2266 86 75 New
852 2266 187 75 Teftament
1056 2266 33 75 at
1105 2266 68 75 Ra-

138 2313 91 75 covia
241 2313 31 75 in
286 2313 109 75 1630;
415 2313 241 75 andFelbinger
668 2313 108 75 his,.at
784 2313 214 75 Amfterdam,
1011 2313 31 75 in
1055 2313 104 75 1660.

187 2360 138 75 Ftemijh
341 2360 136 75 Bible.
509 2360 227 75 TheFlemilh
754 2360 111 75 Bibles
877 2360 41 75 of
929 2360 244 75 theRomanifts

136 2408 56 75 are
208 2408 79 75 very
309 2408 184 75 numerous,
519 2408 63 75 and
605 2408 51 75 for
674 2408 55 75 the
757 2408 80 75 moft
853 2408 71 75 part
940 2408 81 75 have
1050 2408 43 75 no
1118 2408 55 75 au-

140 2453 102 75 thor’s
259 2453 90 75 name
366 2453 145 75 prefixed
527 2453 35 75 to
578 2453 101 75 them,
706 2453 49 75 till
772 2453 70 75 that
855 2453 40 75 of
905 2453 135 75 Nicolas
1052 2453 119 75 Vinck,

140 2501 126 75 printed
284 2501 32 75 at
340 2501 124 75 Lovain
481 2501 32 75 in
532 2501 100 75 1548.
680 2501 77 75 The
774 2501 137 75 Flemilh
927 2501 137 75 verfions
1080 2501 94 75 made

139 2549 54 75 ufe
209 2549 40 75 of
267 2549 44 75 by
327 2549 56 75 the
399 2549 169 75 Calvinifts
585 2549 51 75 till
652 2549 56 75 the
725 2549 76 75 year
822 2549 101 75 1637,
948 2549 85 75 were
1060 2549 114 75 copied

138 2595 191 75 principally
340 2595 84 75 from
440 2595 71 75 that
524 2595 40 75 of
575 2595 140 75 Luther.
765 2595 66 75 But
848 2595 55 75 the
919 2595 101 75 fynod
1031 2595 41 75 of
1085 2595 88 75 Dort

138 2641 120 75 having
273 2641 32 75 in
331 2641 87 75 1618
436 2641 170 75 appointed
622 2641 19 75 a
656 2641 71 75 new
743 2641 181 75 tranflation
948 2641 40 75 of
1007 2641 56 75 the
1080 2641 94 75 Bible

139 2688 69 75 into
224 2688 150 75 Flemilh,
398 2688 145 75 deputies
559 2688 84 75 were
659 2688 115 75 named
794 2688 52 75 for
863 2688 55 75 the
935 2688 103 75 work,
1066 2688 105 75 which

140 2736 66 75 was
224 2736 56 75 not
297 2736 130 75 finilhed
443 2736 49 75 till
509 2736 55 75 the
581 2736 76 75 year
670 2736 101 75 1637.

189 2783 131 75 Danijh
337 2783 134 75 Bible..
508 2783 77 75 The
600 2783 64 75 firft
680 2783 120 75 Danilh
817 2783 95 75 Bible
926 2783 66 75 was
1010 2783 162 75 publilhed

143 2828 44 75 by
200 2828 97 75 Peter
307 2828 181 75 Palladius,
503 2828 103 75 Olaus
618 2828 218 75 Ghryfoftom,
862 2828 86 75 John
966 2828 206 75 Synningius,

138 2876 63 75 and
218 2876 86 75 John
324 2876 217 75 Maccabseus,
565 2876 32 75 in
623 2876 99 75 1550,
747 2876 31 75 in
796 2876 105 75 which
925 2876 78 75 they
1019 2876 153 75 followed

140 2922 155 75 Luther’s
312 2922 64 75 firft
388 2922 144 75 German
544 2922 134 75 verfion.
714 2922 111 75 There
842 2922 53 75 are
911 2922 66 75 two
993 2922 94 75 other
1101 2922 70 75 ver-

137 2969 96 75 fiohs,
257 2969 55 75 the
335 2969 61 75 one
413 2969 43 75 by
467 2969 87 75 John
563 2969 79 75 Paul
664 2969 154 75 Refenius
836 2969 108 75 bilhop
961 2969 41 75 of
1014 2969 155 75 Zealand,

140 3016 32 75 in
195 3016 84 75 1605
294 3016 10 75 ;
331 3016 59 75 the
402 3016 107 75 other,
534 3016 96 75 being
640 3016 56 75 the
707 3016 87 75 New
808 3016 188 75 Teftament
1011 3016 90 75 only,
1126 3016 45 75 by

139 3063 86 75 John
236 3063 139 75 Michel,
400 3063 32 75 in
450 3063 100 75 1524.

1202 178 51 75 50
1310 178 20 75 )

1702 178 211 75 BIB

1275 248 148 75 Siuedifl)
1440 248 137 75 Bible.
1626 248 39 75 In
1687 248 89 75 1534
1799 248 102 75 Okus
1919 248 63 75 and
1998 248 168 75 Laurence
2183 248 79 75 pub-

1228 294 100 75 lilhed
1346 294 17 75 a
1377 294 141 75 Swedilh
1536 294 96 75 Bible
1649 294 84 75 from
1752 294 55 75 the
1824 294 147 75 German
1983 294 121 75 verfion
2122 294 41 75 of
2173 294 94 75 Mar-

1228 342 46 75 tin
1293 342 141 75 Luther.
1482 342 33 75 It
1534 342 65 75 was
1623 342 123 75 revifed
1773 342 34 75 in
1829 342 100 75 1617,
1956 342 44 75 by
2015 342 97 75 order
2128 342 40 75 of
2189 342 80 75 king

1228 390 162 75 Guftavus
1414 390 185 75 Adolphus,
1624 390 64 75 and
1705 390 63 75 was
1794 390 190 75 afterwards
2013 390 111 75 almoft
2141 390 126 75 univer-

1229 436 79 75 fally
1325 436 170 75 followed.

1278 485 189 75 Bohemian,
1494 485 127 75 Polijh,
1649 485 128 75 Ruffian
1800 485 37 75 or
1862 485 199 75 Mufcovite,
2087 485 70 75 and
2172 485 95 75 Scla-

1230 531 119 75 vonian
1377 531 156 75 Bibles.
1590 531 77 75 The
1691 531 193 75 Bohemians
1908 531 81 75 have
2007 531 18 75 a
2042 531 95 75 Bible
2165 531 101 75 tranf-

1227 577 87 75 lated
1331 577 44 75 by
1398 577 89 75 eight
1505 577 39 75 of
1567 577 85 75 their
1668 577 140 75 doftors,
1835 577 107 75 whom
1966 577 79 75 they
2061 577 65 75 had
2142 577 67 75 fent
2231 577 37 75 to

1229 625 55 75 the
1300 625 125 75 fchools
1437 625 41 75 of
1489 625 221 75 Wittemberg
1723 625 62 75 and
1795 625 98 75 Bafil,
1919 625 41 75 on
1978 625 132 75 purpofe
2127 625 35 75 to
2174 625 94 75 ftudy

1229 671 55 75 the
1301 671 136 75 original
1449 671 184 75 languages.
1684 671 32 75 It
1727 671 65 75 was
1805 671 128 75 printed
1949 671 32 75 in
1998 671 151 75 Moravia
2164 671 33 75 in
2210 671 57 75 the

1228 718 76 75 year
1327 718 100 75 1539.
1476 718 77 75 The
1581 718 64 75 firft
1662 718 105 75 Polilh
1788 718 122 75 verfion
1926 718 40 75 of
1988 718 55 75 the
2060 718 108 75 Bible,
2197 718 24 75 it
2239 718 26 75 is

1228 766 169 75 faid,,was
1415 766 70 75 that
1510 766 169 75 compofed
1698 766 42 75 by
1758 766 180 75 Hadewich
1954 766 76 75 wife
2053 766 42 75 of
2101 766 163 75 Jagellon,

1226 813 84 75 duke
1323 813 39 75 of
1374 813 189 75 Lithuania,
1576 813 75 75 who
1666 813 168 75 embraced
1847 813 213 75 Chriftianity
2071 813 31 75 in
2116 813 55 75 the
2188 813 78 75 year

1232 860 102 75 1390.
1383 860 39 75 In
1453 860 100 75 1599,
1578 860 92 75 there
1694 860 63 75 was
1781 860 18 75 a
1816 860 106 75 Polilh
1947 860 185 75 tranflation
2149 860 40 75 of
2210 860 54 75 the

1228 907 95 75 Bible
1340 907 164 75 publilhed
1520 907 33 75 at
1573 907 150 75 Cracow,
1749 907 106 75 which
1880 907 64 75 was
1971 907 54 75 the
2049 907 93 75 work
2157 907 41 75 of
2217 907 47 75 fe-

1225 953 86 75 veral
1330 953 136 75 Divines
1480 953 40 75 of
1531 953 70 75 that
1619 953 121 75 nation,
1758 953 63 75 and
1837 953 32 75 in
1882 953 106 75 which
2005 953 110 75 James
2132 953 133 75 Wieck,

1226 1000 17 75 a
1256 1000 113 75 Jefuit,
1388 1000 66 75 had
1466 1000 18 75 a
1496 1000 153 75 principal
1667 1000 100 75 lhare.
1792 1000 77 75 The
1882 1000 212 75 Proteftants,
2111 1000 33 75 in
2159 1000 102 75 1596-,

1227 1052 164 75 publilhed
1416 1052 19 75 a
1456 1052 106 75 Poliih
1578 1052 95 75 Bible
1690 1052 85 75 from
1791 1052 157 75 Luther’s
1964 1052 146 75 German
2127 1052 135 75 verfion,

1228 1094 62 75 and
1306 1094 170 75 dedicated
1491 1094 25 75 it
1534 1094 34 75 to
1581 1094 181 75 Uladiflaus
1779 1094 66 75 IV.
1863 1094 76 75 king
1955 1094 40 75 of
2007 1094 136 75 Poland.
2184 1094 78 75 The

1227 1142 144 75 Ruflians
1388 1142 37 75 or
1449 1142 198 75 Mufcovites
1673 1142 163 75 publilhed
1854 1142 54 75 the
1932 1142 96 75 Bible
2044 1142 32 75 in
2093 1142 84 75 their
2193 1142 69 75 lan-

1227 1188 102 75 guage
1356 1188 32 75 in
1404 1188 102 75 1581.
1555 1188 32 75 It
1611 1188 64 75 was
1703 1188 172 75 tranflated
1901 1188 86 75 from
2016 1188 56 75 the
2088 1188 114 75 Greek
2220 1188 43 75 by

1228 1233 39 75 St
1291 1233 106 75 Cyril,
1423 1233 55 75 the
1496 1233 116 75 apoftle
1637 1233 41 75 of
1700 1233 56 75 the
1782 1233 228 75 Sclavonians;
2037 1233 58 75 but
2114 1233 63 75 this
2206 1233 57 75 old

1226 1282 121 75 verfion
1371 1282 95 75 being
1491 1282 57 75 too
1570 1282 145 75 obfcure,
1740 1282 115 75 Erneft
1876 1282 108 75 Gliik,
2010 1282 75 75 who
2099 1282 66 75 had
2182 1282 80 75 been

1226 1329 124 75 carried
1370 1329 141 75 prifoner
1535 1329 35 75 to
1589 1329 149 75 Mofcow
1761 1329 84 75 after
1861 1329 56 75 the
1941 1329 111 75 taking
2075 1329 41 75 of
2134 1329 126 75 Narva,

1225 1377 181 75 undertook
1423 1377 18 75 a
1464 1377 70 75 new
1550 1377 183 75 tranflation
1750 1377 40 75 of
1812 1377 55 75 the
1882 1377 95 75 Bible
1994 1377 32 75 in
2053 1377 56 75 the
2128 1377 132 75 Sclavo-

1225 1423 116 75 vonian
1356 1423 11 75 ;
1393 1423 74 75 who
1490 1423 99 75 dying
1605 1423 32 75 in
1664 1423 100 75 1705,
1790 1423 55 75 the
1869 1423 89 75 Czar
1973 1423 97 75 Peter
2088 1423 173 75 appointed

1224 1470 86 75 fome
1326 1470 173 75 particular
1510 1470 123 75 divines
1650 1470 35 75 to
1702 1470 87 75 finilh
1803 1470 55 75 the
1870 1470 182 75 tranflation
2064 1470 9 75 :
2092 1470 67 75 But
2172 1470 88 75 whe-

1225 1517 72 75 ther
1307 1517 25 75 it
1350 1517 64 75 Was
1431 1517 74 75 ever
1517 1517 139 75 printed,
1681 1517 49 75 we
1746 1517 115 75 cannot
1878 1517 67 75 fay.

1271 1566 279 75 Englijh-Saxon,
1575 1566 69 75 and
1668 1566 130 75 modern
1815 1566 138 75 Englijh
1970 1566 151 75 Bibles.
2162 1566 38 75 If
2210 1566 51 75 we

1224 1611 125 75 inquire
1366 1611 68 75 into
1449 1611 55 75 the
1520 1611 136 75 verfions
1668 1611 41 75 of
1721 1611 55 75 the
1787 1611 96 75 Bible
1899 1611 41 75 of
1950 1611 60 75 our
2024 1611 72 75 own
2109 1611 148 75 country,

1224 1658 48 75 we
1288 1658 78 75 Ihall
1382 1658 67 75 find
1464 1658 73 75 that
1560 1658 119 75 Adelm
1696 1658 108 75 bilhop
1827 1658 41 75 of
1880 1658 177 75 Sherburn,
2082 1658 75 75 who
2172 1658 87 75 lived

1221 1704 33 75 in
1271 1704 79 75 709,
1375 1704 94 75 made
1486 1704 38 75 an
1549 1704 262 75 Englilh-Saxon
1835 1704 122 75 verfion
1980 1704 40 75 of
2039 1704 57 75 the
2111 1704 145 75 Pfalms;

1223 1751 61 75 and
1311 1751 71 75 that
1409 1751 151 75 Eadfrid,
1598 1751 37 75 or
1666 1751 136 75 Ecbert,
1838 1751 110 75 bilhop
1974 1751 41 75 of
2036 1751 221 75 Lindisferne,

1223 1798 74 75 who
1327 1798 88 75 lived
1438 1798 99 75 about
1564 1798 56 75 the
1652 1798 77 75 year
1754 1798 18 75 7
1781 1798 55 75 30,
1873 1798 171 75 tranftated
2070 1798 120 75 feveral
2223 1798 41 75 of

1222 1846 55 75 the
1302 1846 101 75 books
1428 1846 40 75 of
1485 1846 156 75 fcripture
1668 1846 69 75 into
1762 1846 55 75 the
1841 1846 84 75 fame
1952 1846 168 75 language.
2170 1846 33 75 It
2229 1846 29 75 is

1222 1892 65 75 faid
1311 1892 152 75 likewife,
1496 1892 70 75 that
1595 1892 169 75 venerable
1788 1892 103 75 Bede,
1917 1892 75 75 who
2018 1892 76 75 died
2117 1892 32 75 in
2177 1892 79 75 785,

1221 1940 171 75 tranflated
1421 1940 56 75 the
1505 1940 107 75 whole
1641 1940 94 75 Bible
1768 1940 69 75 into
1866 1940 125 75 Saxon.
2056 1940 67 75 But
2151 1940 106 75 Cuth-

1220 1985 84 75 bert,
1329 1985 118 75 Bede’s
1464 1985 144 75 difciple,
1632 1985 32 75 in
1681 1985 56 75 the
1753 1985 218 75 enumeration
1989 1985 41 75 of
2041 1985 49 75 his
2114 1985 143 75 mafter’s

1220 2033 119 75 works,
1365 2033 111 75 fpeaks
1493 2033 77 75 only
1582 2033 40 75 of
1633 2033 48 75 his
1699 2033 182 75 tranflation
1894 2033 40 75 of
1945 2033 55 75 the
2017 2033 145 75 Gofpel;
2193 2033 64 75 and

1219 2080 70 75 lays
1304 2080 136 75 nothing
1463 2080 40 75 of
1521 2080 58 75 the
1603 2080 61 75 reft
1686 2080 41 75 of
1749 2080 55 75 the
1826 2080 109 75 Bible.
1985 2080 97 75 Some
2106 2080 148 75 pretend,

1221 2126 70 75 that
1308 2126 77 75 king
1408 2126 133 75 Alfred,
1567 2126 75 75 who
1664 2126 87 75 lived
1777 2126 32 75 in
1833 2126 82 75 890,
1944 2126 169 75 tranflated
2131 2126 18 75 a
2165 2126 92 75 great

1219 2173 72 75 part
1314 2173 41 75 of
1377 2173 55 75 the
1448 2173 184 75 fcriptures.
1686 2173 67 75 We
1772 2173 67 75 find
1855 2173 38 75 an
1911 2173 57 75 old
1995 2173 121 75 verfion
2139 2173 32 75 in
2200 2173 56 75 the

1221 2222 239 75 Anglo-Saxon
1473 2222 39 75 of
1523 2222 119 75 feveral
1658 2222 102 75 books
1773 2222 39 75 of
1824 2222 56 75 the
1896 2222 108 75 Bible,
2029 2222 94 75 made
2139 2222 45 75 by
2196 2222 60 75 El-

1219 2268 61 75 fric
1296 2268 99 75 abbot
1412 2268 42 75 of
1463 2268 219 75 Malmelbury
1694 2268 8 75 :
1736 2268 32 75 It
1792 2268 65 75 was
1876 2268 163 75 publilhed
2062 2268 32 75 at
2107 2268 147 75 Oxford,

1221 2314 32 75 in
1280 2314 102 75 1699.
1430 2314 112 75 There
1559 2314 26 75 is
1610 2314 40 75 an
1666 2314 55 75 old
1745 2314 239 75 Anglo-Saxon
2001 2314 121 75 verfion
2138 2314 41 75 of
2199 2314 55 75 the

1220 2361 74 75 four
1310 2361 152 75 Gofpels,
1486 2361 165 75 publilhed
1666 2361 44 75 by
1725 2361 164 75 Matthew
1905 2361 136 75 Parker,
2066 2361 188 75 archbilhop

1220 2408 41 75 of
1272 2408 216 75 Canterbury,
1506 2408 33 75 in
1555 2408 100 75 1571,
1673 2408 55 75 the
1744 2408 115 75 author
1876 2408 149 75 whereof
2035 2408 26 75 is
2080 2408 172 75 unknown.

1220 2455 54 75 Dr
1285 2455 78 75 Mill
1379 2455 161 75 obferves,
1565 2455 72 75 that
1652 2455 65 75 this
1729 2455 122 75 verfion
1863 2455 64 75 was
1945 2455 91 75 made
2052 2455 86 75 from
2155 2455 19 75 a
2184 2455 68 75 La-

1220 2502 47 75 tin
1283 2502 83 75 copy
1379 2502 41 75 of
1432 2502 55 75 the
1504 2502 56 75 old
1571 2502 154 75 Vulgate.

1265 2550 49 75 As
1332 2550 35 75 to
1383 2550 55 75 the
1454 2550 133 75 Englilh
1601 2550 138 75 verfions
1762 2550 40 75 of
1813 2550 55 75 the
1888 2550 109 75 Bible,
2021 2550 56 75 the
2101 2550 79 75 moft
2197 2550 54 75 an-

1219 2595 83 75 cient
1318 2595 27 75 is
1370 2595 71 75 that
1461 2595 39 75 of
1520 2595 87 75 John
1631 2595 41 75 de
1691 2595 148 75 Trevifa,
1866 2595 18 75 a
1900 2595 121 75 fecular
2045 2595 107 75 prieft,
2179 2595 74 75 who

1218 2642 170 75 tranflated
1412 2642 54 75 the
1483 2642 69 75 Old
1569 2642 61 75 and
1654 2642 86 75 New
1755 2642 188 75 Teftament
1964 2642 69 75 into
2048 2642 145 75 Englilh,
2218 2642 34 75 at

1219 2689 55 75 the
1301 2689 126 75 requeft
1449 2689 40 75 of
1500 2689 148 75 Thomas
1666 2689 71 75 lord
1759 2689 162 75 Berkley:
1957 2689 53 75 He
2035 2689 86 75 lived
2147 2689 32 75 in
2196 2689 56 75 the

1219 2736 88 75 reign
1331 2736 41 75 of
1382 2736 146 75 Richard
1553 2736 48 75 II.
1628 2736 64 75 and
1715 2736 131 75 finilhed
1869 2736 51 75 his
1936 2736 182 75 tranflation
2146 2736 32 75 in
2196 2736 56 75 the

1217 2783 76 75 year
1322 2783 101 75 1357.
1472 2783 78 75 The
1573 2783 117 75 fecond
1719 2783 127 75 author,
1877 2783 74 75 who
1977 2783 182 75 undertook
2186 2783 64 75 this

1218 2831 103 75 work,
1347 2831 64 75 was
1428 2831 55 75 the
1499 2831 125 75 famous
1636 2831 163 75 Wickliff,
1824 2831 76 75 who
1915 2831 87 75 lived
2014 2831 37 75 in
2066 2831 56 75 the
2145 2831 106 75 reigns

1219 2878 39 75 of
1269 2878 145 75 Edward
1429 2878 67 75 III.
1514 2878 62 75 and
1588 2878 146 75 Richard
1750 2878 48 75 II.
1846 2878 78 75 The
1941 2878 190 75 manufcript
2148 2878 40 75 of
2199 2878 50 75 his

1217 2925 122 75 verfion
1363 2925 27 75 is
1406 2925 32 75 in
1455 2925 119 75 feveral
1598 2925 148 75 libraries
1771 2925 32 75 in
1826 2925 162 75 England.
2038 2925 37 75 In
2102 2925 54 75 the
2172 2925 77 75 year

1223 2972 100 75 1534,
1348 2972 40 75 an
1408 2972 132 75 Englilh
1562 2972 120 75 verfion
1708 2972 40 75 of
1770 2972 55 75 the
1842 2972 107 75 Bible,
1975 2972 83 75 done
2082 2972 108 75 partly
2205 2972 44 75 by

1215 3019 150 75 Willi,am
1386 3019 137 75 Tindal,
1554 3019 63 75 and
1633 3019 106 75 partly
1759 3019 45 75 by
1827 3019 101 75 Miles
1957 3019 193 75 Coverdale,
2184 3019 64 75 was

2108 3061 140 75 brought
