2477 3395
553 168 235 75 BRA

1122 168 19 75 (
1201 168 79 75 662
1342 168 18 75 )

1698 168 36 75 B
1794 168 36 75 R
1889 168 34 75 E

178 239 165 75 BRASS,
369 239 50 75 or,
448 239 34 75 as
499 239 56 75 the
567 239 127 75 French
712 239 59 75 call
795 239 39 75 it,
851 239 123 75 yellow
995 239 124 75 copper,
1146 239 25 75 is
1198 239 19 75 a

224 284 160 75 faftitious
401 284 109 75 metal,
535 284 94 75 made
645 284 40 75 of
697 284 117 75 copper
831 284 62 75 and
910 284 86 75 zinc,
1022 284 36 75 or
1069 284 81 75 lapis
1163 284 51 75 ca-

224 331 173 75 laminaris.
448 331 61 75 See
527 331 252 75 Chemistry,
805 331 137 75 (2/z/wc

178 376 194 75 Corinthian
397 376 126 75 Brass
550 376 58 75 has
633 376 79 75 been
740 376 124 75 famous
889 376 32 75 in
947 376 172 75 antiquity,
1154 376 63 75 and

224 424 27 75 is
267 424 19 75 a
302 424 142 75 mixture
467 424 40 75 of
526 424 90 75 gold,
650 424 103 75 (liver,
787 424 63 75 and
861 424 130 75 copper.
1041 424 42 75 L.
1103 424 111 75 Mum-

224 472 82 75 mius
323 472 116 75 having
455 472 115 75 facked
587 472 62 75 and
665 472 96 75 burnt
778 472 55 75 the
845 472 67 75 city
924 472 40 75 of
975 472 152 75 Corinth,
1151 472 64 75 146

225 519 92 75 years
334 519 111 75 before
462 519 121 75 Chrift,
609 519 24 75 it
652 519 27 75 is
698 519 64 75 faid
779 519 65 75 this
872 519 96 75 metal
997 519 64 75 was
1091 519 126 75 formed

224 565 85 75 from
327 565 55 75 the
398 565 150 75 immenfe
564 565 173 75 quantities
754 565 38 75 of
805 565 89 75 gold,
912 565 91 75 filver
1020 565 63 75 and
1099 565 117 75 copper

224 610 188 75 wherewith
426 610 69 75 that
509 610 66 75 city
592 610 181 75 abounded,
791 610 75 75 thus
883 610 118 75 melted
1018 610 63 75 and
1093 610 59 75 run
1166 610 51 75 to-

225 658 113 75 gether
354 658 43 75 by
413 658 56 75 the
484 658 145 75 violence
646 658 39 75 of
697 658 56 75 the
770 658 240 75 conflagration.

177 697 268 75 Brass-coAk'’,
471 697 61 75 one
549 697 153 75 prepared
719 697 43 75 by
779 697 56 75 the
851 697 141 75 braziers
1011 697 62 75 and
1090 697 125 75 colour-

225 752 72 75 men
322 752 34 75 to
381 752 123 75 imitate
520 752 100 75 brafs.
668 752 114 75 There
798 752 54 75 are
868 752 66 75 two
950 752 81 75 forts
1049 752 39 75 of
1099 752 37 75 it,
1162 752 55 75 the

224 799 57 75 red
300 799 99 75 brafs,
424 799 39 75 or
480 799 120 75 bronze
639 799 62 75 and
730 799 55 75 the
802 799 117 75 yellow
947 799 37 75 or
1013 799 58 75 gilt
1100 799 86 75 brafs
1205 799 8 75 :

224 846 77 75 The
317 846 97 75 latter
429 846 26 75 is
473 846 92 75 made
582 846 75 75 only
674 846 39 75 of
726 846 251 75 copper-filings,
1003 846 56 75 the
1083 846 134 75 fmalleft

225 892 61 75 and
305 892 153 75 brightell
476 892 71 75 that
564 892 57 75 can
640 892 39 75 be
696 892 101 75 found
812 892 10 75 ;
842 892 79 75 with
933 892 56 75 the
1005 892 121 75 former
1138 892 78 75 they

226 939 68 75 mix
312 939 87 75 fome
415 939 58 75 red
488 939 110 75 ochre,
625 939 95 75 finely
738 939 206 75 pulverized;
972 939 77 75 they
1067 939 54 75 are
1136 939 80 75 both

225 987 77 75 ufed
318 987 80 75 with
415 987 136 75 varnifti.

178 1032 198 75 BRASSE,
402 1032 32 75 in
450 1032 225 75 ichthyology,
700 1032 56 75 the
773 1032 131 75 Englilh
918 1032 92 75 name
1022 1032 40 75 of
1073 1032 55 75 the
1145 1032 71 75 per-

227 1077 36 75 ca
279 1077 193 75 lucioperca.
524 1077 62 75 See
603 1077 144 75 Perca.

179 1125 125 75 BRAS
309 1125 72 75 SIC
387 1125 43 75 A,
455 1125 38 75 or
513 1125 196 75 Cabbage,
737 1125 32 75 in
792 1125 133 75 botany,
951 1125 16 75 a
985 1125 98 75 genus
1112 1125 39 75 of
1163 1125 55 75 the

228 1170 233 75 tetradynamia
485 1170 146 75 filiquoia
658 1170 92 75 clafs.
810 1170 27 75 A
846 1170 41 75 he
903 1170 86 75 calix
1004 1170 27 75 is
1048 1170 84 75 ereft
1157 1170 62 75 and

227 1217 169 75 connivent
412 1217 10 75 ;
457 1217 56 75 the
541 1217 87 75 feeds
657 1217 54 75 are
738 1217 146 75 globular
895 1217 9 75 ;
933 1217 62 75 and
1023 1217 91 75 there
1142 1217 26 75 is
1198 1217 20 75 a

228 1261 229 75 netflariferous
470 1261 98 75 gland
583 1261 143 75 between
744 1261 56 75 the
816 1261 149 75 pifHUum
983 1261 62 75 and
1062 1261 55 75 the
1134 1261 86 75 fhort

228 1311 141 75 flamina,
397 1311 61 75 and
483 1311 143 75 between
643 1311 56 75 the
716 1311 86 75 calix
821 1311 60 75 and
907 1311 55 75 the
979 1311 77 75 long
1074 1311 141 75 ftamina.

228 1358 114 75 There
360 1358 54 75 are
430 1358 53 75 ten
501 1358 118 75 fpecies
635 1358 39 75 of
693 1358 63 75 this
773 1358 103 75 plant,
901 1358 78 75 mod
997 1358 38 75 of
1047 1358 106 75 which
1166 1358 53 75 are

227 1404 159 75 excellent
405 1404 183 75 pot-heibs,
615 1404 62 75 and
694 1404 174 75 cultivated
888 1404 31 75 in
937 1404 58 75 our
1016 1404 148 75 gardens.

179 1449 339 75 BRASSICAVIT,
536 1449 38 75 or
592 1449 295 75 Brachtcavit,
905 1449 31 75 in
954 1449 55 75 the
1026 1449 145 75 menage,
1191 1449 28 75 is

227 1499 19 75 a
261 1499 93 75 horfe
372 1499 105 75 whofe
495 1499 154 75 fore-legs
666 1499 53 75 are
736 1499 160 75 naturally
909 1499 125 75 bended
1047 1499 147 75 archwile
1208 1499 8 75 :

226 1545 97 75 being
339 1545 34 75 fo
390 1545 105 75 called
517 1545 43 75 by
584 1545 70 75 way
676 1545 40 75 of
738 1545 178 75 dillindfion
945 1545 84 75 from
1046 1545 39 75 an
1103 1545 117 75 arched

227 1592 106 75 horfe,
360 1592 106 75 whofe
482 1592 69 75 legs
568 1592 53 75 are
638 1592 115 75 bowed
777 1592 44 75 by
839 1592 82 75 hard
937 1592 125 75 labour.

181 1639 182 75 BRAVA,
387 1639 366 75 or/Atre/ra-BRAVA.
805 1639 61 75 See
883 1639 26 75 P
913 1639 22 75 a
943 1639 43 75 re
993 1639 10 75 1
1013 1639 17 75 r
1038 1639 20 75 a
1080 1639 128 75 Brava.

181 1684 210 75 BRAULS,
417 1684 113 75 Indian
556 1684 105 75 cloths
691 1684 78 75 with
798 1684 74 75 blue
900 1684 62 75 and
980 1684 98 75 white
1095 1684 123 75 ftripes.

229 1732 99 75 They
362 1732 52 75 are
447 1732 169 75 otherwife
644 1732 103 75 called
780 1732 159 75 turbants,
980 1732 132 75 becaufe
1144 1732 78 75 they

231 1773 87 75 ferve
335 1773 36 75 to
391 1773 94 75 cover
502 1773 90 75 thofe
609 1773 182 75 ornaments
820 1773 39 75 of
882 1773 54 75 the
961 1773 96 75 head,
1084 1773 134 75 particu-

230 1824 82 75 larly
328 1824 41 75 on
386 1824 55 75 the
458 1824 83 75 coafl
559 1824 39 75 of
609 1824 127 75 Africa.

184 1870 257 75 BRAUNAU,
467 1870 36 75 or
520 1870 106 75 Bran
632 1870 66 75 Air,
723 1870 20 75 a
759 1870 87 75 town
863 1870 40 75 of
915 1870 137 75 Bavaria
1075 1870 31 75 in
1135 1870 88 75 Ger-

233 1918 105 75 many,
366 1918 96 75 about
481 1918 202 75 twenty:fiye
701 1918 90 75 milts
810 1918 185 75 fouth-weft
1012 1918 40 75 of
1065 1918 122 75 Paffau.

185 1963 60 75 BR
256 1963 279 75 AUNSBURG,
562 1963 18 75 a
605 1963 87 75 town
720 1963 40 75 of
783 1963 132 75 Pruffia,
940 1963 132 75 fnuated
1099 1963 41 75 on
1169 1963 54 75 the

234 2011 107 75 Baltic
358 2011 63 75 fea,
448 2011 97 75 about
562 2011 100 75 thirty
681 2011 90 75 miles
789 2011 187 75 fouth-weft
1004 2011 40 75 of
1061 2011 161 75 Koningf-

233 2057 103 75 burg;
364 2057 44 75 K.
426 2057 89 75 long.
537 2057 79 75 20°,
643 2057 46 75 N.
710 2057 57 75 lat.
788 2057 67 75 54°
875 2057 50 75 15'
925 2057 11 75 .

185 2104 65 75 BR
257 2104 109 75 AVO,
392 2104 60 75 one
469 2104 40 75 of
520 2104 55 75 the
593 2104 89 75 Cape
700 2104 78 75 verd
795 2104 132 75 iflands:
955 2104 62 75 W.
1035 2104 87 75 long.
1144 2104 38 75 25
1182 2086 28 49 0
1210 2104 13 75 ,

235 2152 34 75 N
300 2152 58 75 lat.
383 2152 39 75 14
422 2134 23 49 0
445 2152 15 75 .

186 2196 308 75 BRAURONIA,
518 2196 32 75 in
571 2196 142 75 Grecian
731 2196 173 75 antiquity,
929 2196 22 75 a
964 2196 119 75 feflival
1109 2196 32 75 in
1166 2196 59 75 ho-

237 2244 81 75 nour
333 2244 41 75 of
388 2244 118 75 Diana,
531 2244 167 75 furnamed
715 2244 203 75 Braaronia,
943 2244 84 75 from
1044 2244 41 75 its
1109 2244 118 75 having

235 2291 79 75 been
331 2291 156 75 obferv-ed
498 2291 33 75 at
547 2291 160 75 Brauron,
733 2291 38 75 an
791 2291 165 75 Athenian
967 2291 160 75 borough.

283 2338 85 75 This
385 2338 123 75 feftival
525 2338 64 75 was
614 2338 180 75 celebrated
811 2338 78 75 once
906 2338 32 75 in
962 2338 59 75 five
1038 2338 105 75 years,
1168 2338 40 75 be

236 2379 55 75 ing
302 2379 155 75 managed
470 2379 42 75 by
524 2379 53 75 ten
591 2379 84 75 men,
688 2379 115 75 called,
828 2379 31 75 in
870 2379 126 75 Greek,
1018 2379 184 75 \_ieropoioi'
1202 2379 23 75 ].

241 2431 76 75 The
335 2431 107 75 viftim
466 2431 124 75 offered
605 2431 33 75 in
656 2431 139 75 facrifice
811 2431 64 75 was
894 2431 17 75 a
928 2431 87 75 goat,
1040 2431 63 75 and
1119 2431 25 75 it
1162 2431 66 75 was

240 2476 177 75 cuftomary
434 2476 51 75 for
502 2476 120 75 certain
640 2476 70 75 men
729 2476 35 75 to
780 2476 65 75 fing
862 2476 60 75 one
947 2476 40 75 of
1007 2476 153 75 Homer’s
1176 2476 50 75 ili-

239 2524 69 75 ads.
356 2524 77 75 The
462 2524 78 75 mod
571 2524 198 75 remarkable
786 2524 125 75 perfons
930 2524 33 75 at
980 2524 64 75 this
1061 2524 169 75 folemnity

212 2568 4 75 .
238 2568 86 75 were
341 2568 109 75 young
469 2568 130 75 virgins,
625 2568 133 75 habited
788 2568 32 75 in
853 2568 118 75 yellow
1003 2568 124 75 gowns,
1168 2568 63 75 and

240 2617 203 75 confecrated
460 2617 35 75 to
525 2617 118 75 Diana.
692 2617 37 75 It
757 2617 64 75 was
847 2617 154 75 unlawful
1033 2617 51 75 for
1109 2617 61 75 any
1196 2617 41 75 of

241 2665 88 75 them
345 2665 36 75 to
397 2665 39 75 be
454 2665 100 75 above
571 2665 66 75 ten,
662 2665 38 75 or
716 2665 101 75 under
832 2665 61 75 five
904 2665 93 75 years
1013 2665 40 75 of
1065 2665 69 75 age.

194 2713 198 75 BRAWN,
418 2713 56 75 the
498 2713 73 75 fleih
596 2713 41 75 of
655 2713 19 75 a
697 2713 78 75 boar
801 2713 118 75 fouced
942 2713 38 75 or
996 2713 128 75 pickled
1141 2713 9 75 ;
1179 2713 52 75 for

244 2758 103 75 which
366 2758 62 75 end
443 2758 55 75 the
516 2758 77 75 boar
609 2758 113 75 fhould
748 2758 39 75 be
805 2758 76 75 old;
908 2758 131 75 becaufe
1066 2758 57 75 the
1140 2758 91 75 older

242 2804 42 75 he
304 2804 38 75 is,
368 2804 55 75 the
451 2804 89 75 more
564 2804 104 75 horny
693 2804 64 75 will
777 2804 54 75 the
856 2804 108 75 brawn
987 2804 55 75 be.

290 2850 77 75 The
384 2850 130 75 method
532 2850 40 75 of
584 2850 167 75 preparing
767 2850 109 75 brawn
893 2850 27 75 is
936 2850 35 75 as
988 2850 128 75 fallows
1128 2850 8 75 ;
1155 2850 77 75 The

246 2897 79 75 boar
341 2897 94 75 being
453 2897 111 75 killed,
590 2897 25 75 it
644 2897 26 75 is
689 2897 54 75 the
760 2897 123 75 flitches
908 2897 88 75 only,
1021 2897 138 75 without
1176 2897 55 75 the

243 2943 80 75 legs,
350 2943 68 75 that
436 2943 54 75 are
506 2943 92 75 made
615 2943 133 75 brawn;
775 2943 55 75 the
860 2943 96 75 bones
986 2943 39 75 of
1048 2943 117 75 which,
1179 2943 52 75 are

245 2994 91 75 to.he
353 2994 95 75 taken
462 2994 68 75 out,
550 2994 61 75 and
628 2994 76 75 then
723 2994 55 75 the
795 2994 74 75 flefh
886 2994 160 75 fprinkled
1061 2994 78 75 with
1158 2994 71 75 ialt,

246 3039 61 75 and
323 3039 65 75 laid
400 3039 38 75 in.
446 3039 17 75 a
476 3039 83 75 tray,
578 3039 71 75 that
665 3039 55 75 the
733 3039 98 75 blood
843 3039 73 75 may
932 3039 91 75 drain
1041 3039 69 75 off:
1131 3039 98 75 Then

1312 232 24 75 it
1354 232 25 75 is
1397 232 35 75 to
1448 232 39 75 be
1508 232 100 75 falted
1625 232 19 75 a
1659 232 97 75 little,
1775 232 63 75 and
1855 232 100 75 rolled
1970 232 41 75 up
2028 232 33 75 as
2078 232 79 75 hard
2176 232 32 75 as
2227 232 68 75 pof-

1311 279 87 75 fible.
1446 279 77 75 The
1538 279 111 75 length
1666 279 41 75 of
1718 279 55 75 the
1801 279 99 75 collar
1928 279 40 75 of
1984 279 120 75 brawn,
2130 279 110 75 ftiouid
2257 279 39 75 be

1312 325 33 75 as
1363 325 94 75 much
1475 325 34 75 as
1523 325 60 75 one
1595 325 63 75 fide
1675 325 40 75 of
1722 325 55 75 the
1790 325 78 75 boar
1881 325 64 75 will
1959 325 74 75 bear
2045 299 8 104 ■
2073 325 34 75 fo
2122 325 70 75 that
2205 325 92 75 when

1314 372 104 75 rolled
1435 372 52 75 up,
1513 372 26 75 it
1556 372 65 75 will
1639 372 38 75 be
1689 372 72 75 nine
1774 372 36 75 or
1826 372 54 75 ten
1898 372 107 75 inches
2023 372 165 75 diameter.

1359 419 77 75 The
1451 419 102 75 collar
1569 419 94 75 being
1689 419 75 75 thus
1782 419 103 75 rolled
1902 419 53 75 up,
1981 419 26 75 is
2026 419 33 75 to
2077 419 39 75 be
2142 419 107 75 boiled
2266 419 31 75 in

1313 465 18 75 a
1347 465 130 75 copper,
1502 465 38 75 or
1558 465 86 75 large
1662 465 112 75 kettle,
1797 465 50 75 till
1866 465 23 75 it
1907 465 25 75 is
1950 465 34 75 fo
1998 465 121 75 tender,
2146 465 70 75 that
2233 465 66 75 you

1314 512 58 75 can
1388 512 59 75 run
1464 512 19 75 a
1499 512 92 75 ftraw
1608 512 139 75 through
1760 512 51 75 it;
1838 512 77 75 then
1938 512 47 75 fet
2010 512 25 75 it
2060 512 55 75 by,
2140 512 51 75 till
2214 512 25 75 it
2270 512 27 75 is

1313 559 163 75 thorough
1505 559 86 75 cold,
1617 559 61 75 and
1707 559 56 75 put
1791 559 26 75 it
1840 559 68 75 into
1925 559 55 75 the
1997 559 165 75 following
2181 559 116 75 pickle.

1313 604 57 75 To
1386 604 98 75 every
1503 604 109 75 gallon
1632 604 40 75 of
1694 604 113 75 water,
1833 604 56 75 put
1906 604 18 75 a
1941 604 135 75 handful
2102 604 38 75 or
2170 604 64 75 two
2262 604 42 75 of

1315 652 71 75 fait,
1412 652 61 75 and
1502 652 33 75 as
1559 652 96 75 much
1684 652 105 75 wheat
1814 652 98 75 bran:
1940 652 75 75 Boil
2033 652 86 75 them
2137 652 161 75 together,

1312 699 76 75 then
1406 699 90 75 drain
1514 699 56 75 the
1591 699 76 75 bran
1692 699 34 75 as
1751 699 85 75 clear
1859 699 36 75 as
1919 699 62 75 you
2007 699 57 75 can
2088 699 82 75 from
2188 699 55 75 the
2261 699 21 75 li

1314 745 105 75 quor;
1463 745 61 75 and
1550 745 92 75 when
1671 745 55 75 the
1752 745 109 75 liquor
1883 745 27 75 is
1936 745 90 75 quite
2051 745 86 75 cold,
2162 745 58 75 put
2243 745 57 75 the

1316 792 107 75 brawn
1442 792 68 75 into
1527 792 37 75 it.

1267 839 142 75 BRAY,
1436 839 17 75 a
1469 839 87 75 town
1569 839 40 75 of
1620 839 201 75 Champaign
1839 839 30 75 in
1883 839 134 75 France,
2043 839 98 75 about
2155 839 41 75 16
2210 839 90 75 miles

1315 885 95 75 north
1423 885 38 75 of
1475 885 101 75 Sens:
1604 885 44 75 E.
1666 885 89 75 long.
1772 885 16 75 3
1788 867 25 49 0
1829 885 67 75 20',
1914 885 48 75 N.
1980 885 58 75 lat.
2057 885 67 75 48°
2144 885 19 75 2
2172 885 41 75 5\

1267 932 109 75 Bray
1399 932 25 75 is
1442 932 64 75 alfo
1523 932 54 75 the
1595 932 91 75 name
1709 932 40 75 of
1772 932 19 75 a
1807 932 73 75 port
1898 932 86 75 town
1998 932 40 75 of
2057 932 55 75 the
2129 932 121 75 county
2265 932 42 75 of

1315 978 178 75 Wicklow,
1519 978 61 75 and
1598 978 150 75 province
1771 978 39 75 of
1823 978 158 75 Leinfter,
2006 978 33 75 in
2059 978 127 75 Ireland
2202 978 9 75 ;
2239 978 59 75 W.

1316 1025 85 75 long.
1421 1025 40 75 6°
1481 1025 52 75 16'
1533 1025 11 75 ,
1570 1025 46 75 N.
1636 1025 57 75 lat.
1715 1025 40 75 53
1755 1007 21 49 0
1795 1025 52 75 12'
1847 1025 11 75 .

1268 1073 209 75 BRAYLE,
1503 1073 115 75 among
1635 1073 185 75 fportfinen,
1847 1073 120 75 apiece
1990 1073 41 75 of
2052 1073 121 75 leather
2200 1073 48 75 flit
2265 1073 35 75 to

1316 1118 55 75 put
1390 1118 83 75 upon
1491 1118 55 75 the
1562 1118 121 75 hawk’s
1701 1118 98 75 wing,
1824 1118 35 75 to
1877 1118 43 75 tie
1937 1118 24 75 it
1977 1118 55 75 up.

1268 1166 211 75 BRAZED,
1505 1166 31 75 in
1549 1166 165 75 heraldry,
1733 1166 18 75 a
1763 1166 80 75 term
1860 1166 124 75 ferving
2000 1166 36 75 to
2053 1166 140 75 deferibe
2211 1166 93 75 three

1316 1212 189 75 cheverons,
1530 1212 61 75 one
1608 1212 138 75 clafping
1763 1212 146 75 another.

1269 1259 213 75 BRAZEN,
1504 1259 178 75 fomething
1699 1259 164 75 confifting
1875 1259 41 75 of
1926 1259 98 75 brafs,
2051 1259 38 75 or
2106 1259 125 75 formed
2244 1259 58 75 out

1316 1304 39 75 of
1366 1304 40 75 it.
1455 1304 63 75 See
1534 1304 140 75 Brass.
1777 1304 23 75 ^

1269 1351 224 75 BRAZIER,
1520 1351 38 75 an
1576 1351 137 75 artificer
1726 1351 73 75 who
1816 1351 108 75 makes
1941 1351 36 75 or
1994 1351 87 75 deals
2098 1351 32 75 in
2147 1351 41 75 all
2204 1351 96 75 kinds

1317 1398 39 75 of
1367 1398 201 75 brafs-ware.

1268 1444 193 75 BRAZIL.
1512 1444 62 75 See
1595 1444 163 75 Brasil.

1269 1490 231 75 BRAZING,
1525 1490 56 75 the
1598 1490 159 75 foldering
1770 1490 36 75 or
1820 1490 126 75 joining
1962 1490 65 75 two
2045 1490 104 75 pieces
2171 1490 40 75 of
2233 1490 74 75 iron

1318 1536 150 75 together
1484 1536 43 75 by
1551 1536 106 75 means
1675 1536 40 75 of
1734 1536 72 75 thin
1821 1536 102 75 plates
1936 1536 40 75 of
1988 1536 98 75 brafs,
2112 1536 118 75 melted
2247 1536 61 75 be-

1318 1584 104 75 tween
1450 1584 54 75 the
1521 1584 103 75 pieces
1642 1584 69 75 that
1728 1584 54 75 are
1804 1584 34 75 to
1856 1584 39 75 be
1918 1584 124 75 joined.
2092 1584 38 75 If
2141 1584 56 75 the
2213 1584 94 75 work

1318 1630 132 75 be.very
1466 1630 75 75 fine,
1567 1630 33 75 as
1618 1630 92 75 when
1727 1630 66 75 two
1817 1630 106 75 leaves
1940 1630 39 75 of
1999 1630 16 75 a
2033 1630 120 75 broken
2170 1630 64 75 faw
2251 1630 56 75 are

1318 1677 36 75 to
1371 1677 39 75 be
1427 1677 120 75 brazed
1575 1677 160 75 together,
1760 1677 78 75 they
1853 1677 97 75 cover
1973 1677 25 75 it
2016 1677 76 75 with
2119 1677 190 75 pulverized

1319 1723 117 75 borax,
1464 1723 118 75 melted
1612 1723 78 75 with
1720 1723 111 75 water,
1858 1723 70 75 that
1956 1723 25 75 it
2006 1723 73 75 may
2104 1723 201 75 incorporate

1319 1769 79 75 with
1424 1769 54 75 the
1506 1769 85 75 brafs
1618 1769 146 75 powder,
1788 1769 106 75 which
1912 1769 25 75 is
1969 1769 103 75 added
2091 1769 35 75 to
2142 1769 46 75 it;
2226 1769 79 75 The

1320 1817 89 75 piece
1425 1817 26 75 is
1469 1817 76 75 then
1563 1817 139 75 expofed
1720 1817 34 75 to
1770 1817 56 75 the
1843 1817 57 75 fire
1917 1817 139 75 without
2072 1817 154 75 touching
2249 1817 56 75 the

1323 1863 99 75 coals,
1447 1863 61 75 and
1524 1863 116 75 heated
1656 1863 49 75 till
1723 1863 55 75 the
1796 1863 85 75 brafs
1898 1863 26 75 is
1941 1863 71 75 feen
2029 1863 35 75 to
2080 1863 70 75 run.

1274 1910 184 75 Brazing
1486 1910 27 75 is
1532 1910 65 75 alfo
1615 1910 53 75 the
1681 1910 128 75 joining
1821 1910 66 75 tw<J
1903 1910 103 75 pieces
2020 1910 39 75 of
2070 1910 72 75 iron
2158 1910 151 75 together

1321 1957 42 75 by
1386 1957 129 75 beating
1531 1957 88 75 them
1636 1957 69 75 hot,
1731 1957 55 75 the
1810 1957 60 75 one
1895 1957 82 75 upon
1994 1957 57 75 the
2066 1957 106 75 other,
2199 1957 108 75 which

1319 2003 27 75 is
1362 2003 75 75 ufed
1454 2003 51 75 for
1521 2003 88 75 large
1626 2003 105 75 pieces
1746 2003 45 75 by
1804 2003 142 75 farriers,
1973 2003 64 75 <bc.

1274 2048 205 75 BRAZZA,
1504 2048 19 75 a
1539 2048 87 75 town
1644 2048 62 75 and
1722 2048 96 75 ifland
1835 2048 41 75 on
1902 2048 53 75 the
1971 2048 84 75 coaft
2072 2048 39 75 of
2123 2048 182 75 Dalmatia,

1322 2094 32 75 in
1367 2094 54 75 the
1434 2094 114 75 Gulph
1561 2094 40 75 of
1606 2094 122 75 Venice
1740 2094 10 75 ;
1770 2094 144 75 E.long.
1933 2094 37 75 18
1970 2076 20 49 0
1990 2094 15 75 ,
2022 2094 48 75 N.
2085 2094 60 75 lat.
2159 2094 41 75 43
2200 2076 19 49 0
2219 2094 15 75 .

1276 2142 210 75 BREACH,
1511 2142 30 75 in
1560 2142 220 75 fortification,
1805 2142 17 75 a
1840 2142 78 75 gape
1947 2142 92 75 made
2055 2142 31 75 in
2105 2142 61 75 any
2186 2142 71 75 part
2274 2142 41 75 of

1324 2189 55 75 the
1391 2189 106 75 works
1511 2189 39 75 of
1562 2189 18 75 a
1596 2189 87 75 town
1700 2189 43 75 by
1753 2189 57 75 the
1828 2189 121 75 cannon
1966 2189 38 75 or
2020 2189 99 75 mines
2132 2189 39 75 of
2183 2189 55 75 the
2254 2189 56 75 be-

1325 2234 127 75 fiegers,
1477 2234 32 75 in
1538 2234 97 75 order
1651 2234 34 75 to
1713 2234 91 75 make
1822 2234 40 75 an
1887 2234 110 75 attack
2022 2234 84 75 upon
2124 2234 55 75 the
2208 2234 101 75 place.

1324 2283 56 75 To
1408 2283 93 75 make
1517 2283 56 75 the
1590 2283 108 75 attack
1715 2283 88 75 more
1830 2283 147 75 difficult,
2002 2283 57 75 the
2079 2283 144 75 befieged
2246 2283 66 75 iow

1326 2329 54 75 the
1408 2329 121 75 breach-
1553 2329 77 75 with
1659 2329 182 75 crow-feet,
1867 2329 37 75 or
1923 2329 67 75 flop
2012 2329 25 75 it
2059 2329 80 75 with
2162 2329 150 75 chevaux

1326 2375 39 75 de
1383 2375 91 75 frize.

1375 2422 29 75 A
1422 2422 190 75 practicable
1636 2422 129 75 breach,
1790 2422 28 75 is
1845 2422 72 75 that
1934 2422 107 75 where
2064 2422 56 75 the
2148 2422 71 75 men
2238 2422 75 75 may

1327 2468 111 75 mount
1456 2468 61 75 and
1535 2468 92 75 make
1644 2468 18 75 a
1677 2468 197 75 lodgement,
1900 2468 61 75 and
1978 2468 101 75 ought
2096 2468 34 75 to
2146 2468 40 75 be
2203 2468 109 75 fifteen

1328 2515 37 75 or
1394 2515 122 75 twenty
1532 2515 141 75 fathoms
1697 2515 94 75 wide.
1839 2515 77 75 THe
1943 2515 153 75 befiegers
2120 2515 92 75 make
2230 2515 86 75 their

1328 2561 71 75 way
1415 2561 34 75 to
1466 2561 39 75 it,
1522 2561 43 75 by
1578 2561 149 75 covering
1743 2561 187 75 themfelves
1947 2561 79 75 with
2044 2561 145 75 gabions,
2206 2561 107 75 earth-

1327 2609 91 75 bags,
1444 2609 63 75 <bc.

1283 2654 176 75 Breach,
1493 2654 31 75 in
1554 2654 17 75 a
1596 2654 96 75 legal^
1708 2654 100 75 fenfe,
1830 2654 26 75 is
1882 2654 107 75 where
2013 2654 17 75 a
2057 2654 110 75 perfon
2196 2654 114 75 breaks

1324 2701 140 75 through
1492 2701 57 75 the
1565 2701 163 75 condition
1753 2701 39 75 of
1816 2701 18 75 a
1850 2701 86 75 bond
1953 2701 36 75 or
2007 2701 179 75 covenant;
2213 2701 41 75 on
2273 2701 39 75 an

1330 2747 100 75 aCtion
1448 2747 85 75 upon
1551 2747 116 75 which,
1693 2747 56 75 the
1764 2747 118 75 breach
1899 2747 83 75 muff
1997 2747 41 75 be
2054 2747 155 75 aflignedr
2241 2747 74 75 And

1330 2796 63 75 this
1411 2796 181 75 Affignment
1609 2796 78 75 muft
1703 2796 56 75 not
1772 2796 39 75 be
1825 2796 137 75 general,
1983 2796 57 75 but
2053 2796 172 75 particular
2241 2796 8 75 ;
2267 2796 48 75 as,

1331 2842 30 75 in
1379 2842 39 75 an
1445 2842 103 75 aCtion
1571 2842 41 75 of
1635 2842 154 75 covenant
1816 2842 50 75 for
1882 2842 56 75 not
1965 2842 158 75 repairing
2140 2842 124 75 houfes,
2291 2842 26 75 it

1330 2888 101 75 ought
1448 2888 36 75 to
1499 2888 40 75 be
1562 2888 133 75 afligned
1721 2888 205 75 particularly
1950 2888 87 75 what
2053 2888 26 75 is
2097 2888 55 75 the
2179 2888 86 75 want
2282 2888 40 75 of

1331 2935 178 75 reparation
1524 2935 10 75 ;
1561 2935 63 75 and
1640 2935 31 75 in
1696 2935 76 75 fuch
1791 2935 119 75 certain
1933 2935 142 75 manner,
2101 2935 71 75 that
2188 2935 58 75 the
2261 2935 57 75 de-

1329 2982 132 75 fendant
1477 2982 72 75 may
1566 2982 74 75 take
1658 2982 39 75 an
1710 2982 92 75 iffue.

2134 3072 183 75 BREAD,
