2493 3387
719 201 498 75 ASTRO

163 274 70 75 that
250 274 91 75 there
357 274 54 75 are
428 274 33 75 at
473 274 74 75 leafl
570 274 54 75 21'
624 274 128 75 comets
768 274 171 75 belonging
956 274 35 75 to
1010 274 197 75 ourfyftem,

163 321 130 75 moving
305 321 30 75 in
354 321 43 75 all
416 321 81 75 forts
514 321 40 75 of
565 321 169 75 dire&ions
746 321 11 75 ;
776 321 63 75 and
851 321 42 75 all
905 321 90 75 thofe
1007 321 107 75 which
1125 321 81 75 have

123 367 26 75 j
162 367 80 75 been
267 367 165 75 obferved,
458 367 80 75 have
553 367 118 75 moved
689 367 140 75 through
842 367 56 75 the
915 367 133 75 etherial
1073 367 128 75 regions

163 414 64 75 and
249 414 57 75 the
322 414 102 75 orbits
439 414 42 75 of
492 414 55 75 the
565 414 123 75 planets
706 414 136 75 without
866 414 152 75 fuffering
1044 414 56 75 the
1124 414 76 75 lead

161 462 130 75 fenfible
311 462 163 75 refiftance
492 462 33 75 in
542 462 85 75 their
643 462 160 75 motions;
828 462 105 75 which
950 462 120 75 plainly
1085 462 113 75 proves

162 508 71 75 that
250 508 56 75 the
322 508 123 75 planets
461 508 44 75 do
524 508 57 75 not
597 508 94 75 move
705 508 34 75 in
763 508 83 75 folid
861 508 87 75 orbs.
997 508 55 75 Of
1069 508 43 75 all
1141 508 56 75 the

161 555 135 75 comets,
321 555 56 75 the
406 555 128 75 periods
560 555 40 75 of
618 555 57 75 the
698 555 100 75 above
815 555 182 75 mentioned
1013 555 90 75 three
1119 555 78 75 only

160 602 54 75 are
241 602 117 75 known
382 602 168 75 with^any
565 602 117 75 degree
698 602 39 75 of
756 602 170 75 certainty.
974 602 77 75 The
1068 602 64 75 firft
1160 602 42 75 of

160 649 88 75 thefe
275 649 121 75 comets
424 649 158 75 appeared
609 649 32 75 in
672 649 56 75 the
755 649 91 75 years
875 649 99 75 1531,
1005 649 101 75 1607,
1132 649 63 75 and

166 698 107 75 1682;
301 698 64 75 was
383 698 154 75 expeded
564 698 35 75 to
623 698 116 75 appear
762 698 91 75 again
870 698 32 75 in
922 698 56 75 the
994 698 76 75 year
1092 698 101 75 1758,

161 743 62 75 and
240 743 97 75 every
356 743 82 75 75th
461 743 77 75 year
564 743 201 75 afterwards.
814 743 76 75 The
908 743 118 75 fecond
1050 743 40 75 of
1106 743 90 75 them

161 790 157 75 appeared
334 790 32 75 in
394 790 86 75 1532
499 790 63 75 and
582 790 101 75 1661,
702 790 63 75 and
781 790 124 75 maybe
921 790 156 75 expected
1093 790 35 75 to
1145 790 49 75 re-

160 836 75 75 turn
262 836 32 75 in
318 836 102 75 1789,
446 836 62 75 and
524 836 96 75 every
641 836 103 75 129th
768 836 77 75 year
867 836 201 75 afterwards.
1117 836 77 75 The

159 882 100 75 third,
284 882 119 75 having
416 882 58 75 laft
490 882 157 75 appeared
663 882 33 75 in
718 882 101 75 1680,
837 882 63 75 and
910 882 43 75 its
970 882 111 75 period
1098 882 95 75 being

160 929 41 75 no
213 929 60 75 lefs
289 929 77 75 than
386 929 65 75 575
463 929 105 75 years,
586 929 115 75 cannot
714 929 112 75 return
839 929 81 75 until
933 929 55 75 the
1000 929 77 75 year
1086 929 106 75 2225.

158 976 84 75 This
256 976 116 75 comet,
391 976 33 75 at
440 976 41 75 its
498 976 134 75 greateft
649 976 151 75 diftance,
817 976 26 75 is
861 976 99 75 about
976 976 36 75 11
1034 976 160 75 thoufand

159 1023 65 75 two
240 1023 146 75 hundred
402 1023 140 75 millions
559 1023 40 75 of
610 1023 91 75 miles
717 1023 84 75 from
829 1023 56 75 the
909 1023 77 75 fun;
1013 1023 63 75 and
1093 1023 32 75 at
1149 1023 44 75 its

157 1071 74 75 leaft
248 1071 138 75 diftance
411 1071 84 75 from
523 1071 57 75 the
597 1071 84 75 fun’s
709 1071 121 75 centre,
854 1071 107 75 which
989 1071 26 75 is
1040 1071 152 75 490,000

157 1117 103 75 miles,
284 1117 26 75 is
328 1117 112 75 within
457 1117 59 75 lefs
537 1117 76 75 than
637 1117 18 75 a
675 1117 89 75 third
780 1117 72 75 part
868 1117 40 75 of
925 1117 56 75 the
997 1117 85 75 fun’s
1099 1117 90 75 femi-

156 1164 154 75 diameter
333 1164 86 75 from
443 1164 49 75 his
517 1164 136 75 furface.
708 1164 39 75 In
775 1164 72 75 that
879 1164 72 75 part
979 1164 41 75 of
1038 1164 42 75 its
1106 1164 86 75 orbit

157 1211 104 75 which
286 1211 26 75 is
329 1211 121 75 neareft
465 1211 56 75 the
537 1211 69 75 fun,
632 1211 26 75 it
674 1211 68 75 flies
758 1211 79 75 with
854 1211 55 75 the
926 1211 147 75 amazing
1088 1211 102 75 fwift-

156 1258 67 75 nefs
240 1258 41 75 of
291 1258 155 75 880,000
462 1258 91 75 miles
569 1258 32 75 in
619 1258 39 75 an
681 1258 104 75 hour;
811 1258 64 75 and
902 1258 55 75 the
973 1258 69 75 fun,
1068 1258 33 75 as
1118 1258 73 75 feen

155 1305 85 75 from
267 1305 39 75 it,
332 1305 131 75 appears
481 1305 39 75 an
541 1305 147 75 hundred
704 1305 133 75 degrees
854 1305 32 75 in
904 1305 149 75 breadth,
1080 1305 108 75 confe-

156 1351 135 75 quently
316 1351 45 75 40
376 1351 159 75 thoufand
555 1351 93 75 times
667 1351 34 75 as
717 1351 88 75 large
824 1351 34 75 as
876 1351 42 75 he
935 1351 130 75 appears
1082 1351 36 75 to
1139 1351 50 75 us.

154 1398 78 75 The
259 1398 187 75 aftonifhing
473 1398 111 75 length
611 1398 72 75 that
707 1398 63 75 this
795 1398 105 75 comet
933 1398 74 75 runs
1036 1398 56 75 out
1119 1398 71 75 into

155 1445 109 75 empty
279 1445 104 75 fpace,
407 1445 139 75 fuggefts
561 1445 36 75 to
613 1445 62 75 our
688 1445 104 75 minds
815 1445 39 75 an
878 1445 73 75 idea
977 1445 41 75 of
1039 1445 56 75 the
1121 1445 66 75 vaft

155 1490 137 75 diftance
308 1490 145 75 between
469 1490 56 75 the
541 1490 56 75 fun
622 1490 63 75 and
701 1490 56 75 the
772 1490 121 75 neareft
914 1490 90 75 fixed
1031 1490 75 75 ftars
1119 1490 9 75 ;
1156 1490 41 75 of

155 1537 40 75 of
218 1537 106 75 whofe
345 1537 185 75 attractions
555 1537 41 75 all
623 1537 54 75 the
700 1537 122 75 comets
847 1537 80 75 muft
943 1537 81 75 keep
1049 1537 85 75 clear
1157 1537 36 75 to

156 1584 108 75 return
281 1584 221 75 periodically,
516 1584 62 75 and
590 1584 41 75 gO
643 1584 104 75 found
758 1584 56 75 the
831 1584 77 75 fun;
927 1584 62 75 and
1001 1584 26 75 it
1043 1584 98 75 Ihews
1154 1584 38 75 us

154 1631 79 75 alfo,
259 1631 70 75 that
351 1631 71 75 the*
438 1631 121 75 neareft
586 1631 106 75 ftars,"
702 1631 106 75 which
835 1631 55 75 are
917 1631 157 75 probably
1100 1631 90 75 thofe

155 1678 70 75 that
241 1678 83 75 feem
341 1678 55 75 the
412 1678 127 75 largeft,
565 1678 54 75 are
635 1678 34 75 as
697 1678 55 75 big
768 1678 33 75 as
818 1678 60 75 our
905 1678 68 75 fun,
1000 1678 62 75 and
1081 1678 41 75 of
1133 1678 56 75 the

155 1725 86 75 fame
254 1725 113 75 nature
383 1725 78 75 with
479 1725 67 75 him
558 1725 10 75 ;
594 1725 169 75 otherwife
779 1725 80 75 they
881 1725 96 75 could
994 1725 56 75 not
1074 1725 116 75 appear

154 1772 34 75 fo
205 1772 87 75 large
308 1772 64 75 and
387 1772 110 75 bright
520 1772 37 75 to
573 1772 37 75 us
633 1772 34 75 as
688 1772 78 75 they
782 1772 43 75 do
842 1772 33 75 at
890 1772 77 75 fuch
984 1772 40 75 an
1039 1772 150 75 immenfe

153 1819 150 75 diftance.

201 1866 78 75 The
303 1866 145 75 extreme
469 1866 87 75 heat,
582 1866 57 75 the
660 1866 95 75 denfe
782 1866 211 75 atmofphere,
1018 1866 57 75 the
1099 1866 88 75 grofs

154 1914 150 75 vapours,
329 1914 56 75 the
413 1914 126 75 chaotic
562 1914 78 75 ftate
664 1914 41 75 of
723 1914 56 75 the
804 1914 133 75 comets,
962 1914 83 75 feem
1069 1914 34 75 at
1124 1914 65 75 firft

154 1960 81 75 light
251 1960 36 75 to
306 1960 138 75 indicate
467 1960 88 75 them
580 1960 182 75 altogether
781 1960 81 75 unfit
881 1960 53 75 for
956 1960 57 75 the
1036 1960 150 75 purpofes

154 2006 40 75 of
206 2006 115 75 animal
345 2006 68 75 life,
438 2006 63 75 and
524 2006 17 75 a
560 2006 80 75 moft
665 2006 165 75 miferable
854 2006 180 75 habitation
1059 2006 52 75 for
1135 2006 51 75 ra-

154 2053 100 75 tional
281 2053 132 75 beings;
447 2053 63 75 and
530 2053 165 75 therefore
719 2053 85 75 fome
824 2053 53 75 are
900 2053 40 75 of
963 2053 130 75 opinion
1115 2053 71 75 that

154 2098 78 75 they
248 2098 53 75 are
317 2098 34 75 fo
376 2098 95 75 many
494 2098 82 75 hells
599 2098 52 75 for
673 2098 178 75 tomenting
873 2098 57 75 the
953 2098 139 75 damned
1108 2098 79 75 with

154 2146 165 75 perpetual
335 2146 188 75 viciffitndes
547 2146 39 75 of
608 2146 76 75 heat
708 2146 61 75 and
794 2146 86 75 cold.
930 2146 68 75 But
1020 2146 92 75 when
1138 2146 48 75 we

155 2192 153 75 confider,
338 2192 42 75 on
408 2192 55 75 the
495 2192 92 75 other
615 2192 98 75 hand,
749 2192 73 75 the'
833 2192 123 75 infinite
982 2192 109 75 power
1109 2192 76 75 'and

156 2238 156 75 goodnefs
347 2238 41 75 of
414 2238 55 75 the
497 2238 116 75 Deity,
649 2238 55 75 the
727 2238 96 75 latter
848 2238 165 75 inclining,
1038 2238 62 75 and
1128 2238 55 75 the

154 2285 119 75 former
301 2285 149 75 enabling
470 2285 74 75 liim
575 2285 34 75 to
637 2285 93 75 make
760 2285 161 75 creatures
953 2285 103 75 fuited
1081 2285 35 75 to
1140 2285 42 75 all

152 2332 93 75 ftates
262 2332 62 75 and
341 2332 259 75 circumftances;
626 2332 70 75 that
716 2332 116 75 matter
848 2332 96 75 exifts
965 2332 78 75 only
1059 2332 52 75 for
1126 2332 57 75 the

152 2378 74 75 fake
243 2378 40 75 of
292 2378 180 75 intelligent
494 2378 110 75 beings
622 2378 10 75 ;
659 2378 63 75 and
743 2378 71 75 that
830 2378 199 75 where-ever
1051 2378 49 75 we
1116 2378 67 75 find

152 2424 38 75 it,
216 2424 48 75 we
289 2424 118 75 always
429 2424 66 75 find
518 2424 26 75 it
567 2424 155 75 pregnant
745 2424 78 75 with
846 2424 69 75 life,
940 2424 38 75 or
1000 2424 183 75 neceflarily

153 2471 194 75 fubfervient
375 2471 146 75 thereto;
558 2471 56 75 the
645 2471 195 75 numberlefs
864 2471 131 75 fpecies,
1020 2471 57 75 the
1101 2471 82 75 afto-

152 2518 122 75 nifliing
291 2518 149 75 diverfity
460 2518 41 75 of
520 2518 130 75 animals
668 2518 34 75 in
717 2518 105 75 earth,
847 2518 59 75 air,
931 2518 112 75 v/ater,
1068 2518 63 75 and
1150 2518 34 75 e-

152 2567 58 75 ven
229 2567 42 75 on
289 2567 94 75 other
400 2567 153 75 animals;
580 2567 95 75 every
693 2567 95 75 blade
805 2567 41 75 of
863 2567 98 75 grafs,
987 2567 98 75 every
1105 2567 76 75 leaf,

150 2612 97 75 every
267 2612 77 75 fluid
362 2612 165 75 fwarming
548 2612 79 75 with
643 2612 79 75 life;
748 2612 63 75 and
833 2612 97 75 every
944 2612 63 75 one
1034 2612 41 75 of
1094 2612 89 75 thefe

151 2659 152 75 enjoying
327 2659 74 75 ftich
433 2659 225 75 gratifications
685 2659 33 75 as
743 2659 55 75 the
822 2659 112 75 nature
960 2659 63 75 and
1048 2659 77 75 ftate
1148 2659 40 75 of

150 2706 76 75 each
254 2706 142 75 requires
412 2706 9 75 :
456 2706 112 75 When
592 2706 49 75 we
666 2706 105 75 reflect
794 2706 180 75 moreover,
998 2706 71 75 that
1096 2706 87 75 fome

150 2752 158 75 centuries
326 2752 73 75 ago,
424 2752 51 75 till
498 2752 188 75 experience
701 2752 196 75 undeceived
912 2752 50 75 us,
980 2752 18 75 a
1009 2752 90 75 great
1111 2752 71 75 part

150 2799 41 75 of
212 2799 56 75 the
296 2799 90 75 earth
403 2799 66 75 was
489 2799 122 75 judged
633 2799 249 75 uninhabitable,
908 2799 56 75 the
980 2799 102 75 torrid
1100 2799 83 75 zone

150 2845 44 75 by
217 2845 109 75 reafon
351 2845 41 75 of
410 2845 152 75 exceflive
590 2845 87 75 heat,
715 2845 62 75 and
802 2845 55 75 the
882 2845 97 75 frigid
1003 2845 98 75 zones
1125 2845 55 75 be-

150 2893 90 75 Caufe
267 2893 42 75 of
327 2893 85 75 their
438 2893 190 75 intolerable
660 2893 72 75 cold
748 2893 9 75 ;
792 2893 26 75 it
842 2893 98 75 feems
969 2893 114 75 highly
1106 2893 74 75 pro-

149 2940 105 75 bable,
280 2940 70 75 that
374 2940 75 75 fuch
478 2940 168 75 numerous
672 2940 63 75 and
757 2940 88 75 large
868 2940 111 75 mafles
997 2940 39 75 of
1048 2940 131 75 durable

149 2986 117 75 matter
282 2986 33 75 as
332 2986 55 75 the
411 2986 120 75 comets
548 2986 65 75 are,
638 2986 150 75 however
800 2986 108 75 unlike
921 2986 76 75 they
1014 2986 39 75 be
1069 2986 36 75 to
1121 2986 59 75 our

147 3033 104 75 earth,
277 3033 53 75 are
346 3033 57 75 not
419 3033 147 75 deftitute
584 3033 39 75 of
644 3033 111 75 beings
780 3033 129 75 capable
933 3033 40 75 of
984 3033 194 75 contempla-

147 3080 69 75 ting
243 3080 79 75 with
348 3080 144 75 wonder,
525 3080 61 75 and
611 3080 264 75 acknowledging
897 3080 79 75 with
991 3080 185 75 ‘gratitude,

195 3128 99 75 Vol.
312 3128 30 75 I.
391 3128 124 75 Numb.
538 3128 53 75 19.

1062 3128 18 75 3

1296 203 44 75 N
1419 203 41 75 O
1539 203 50 75 M
1664 203 54 75 Y.

2200 203 80 75 445

1251 274 54 75 the
1317 274 143 75 wifdom,
1476 274 185 75 fymmetry,
1675 274 61 75 and
1749 274 119 75 beauty
1879 274 40 75 of
1926 274 55 75 the
1993 274 141 75 creation
2149 274 11 75 ;
2178 274 106 75 which

1249 320 25 75 is
1301 320 89 75 more
1410 320 120 75 plainly
1556 320 34 75 to
1615 320 39 75 be
1677 320 153 75 obferved
1857 320 33 75 in
1919 320 83 75 their
2028 320 161 75 extenfive
2211 320 74 75 tour

1247 368 140 75 through
1405 368 55 75 the
1476 368 152 75 heavens,
1654 368 76 75 than
1755 368 31 75 in
1804 368 58 75 our
1879 368 90 75 more
1986 368 146 75 confined
2156 368 126 75 circuit.

1247 414 37 75 If
1300 414 124 75 farther
1448 414 182 75 conjeifture
1655 414 26 75 is
1710 414 185 75 permitted,
1920 414 73 75 may
2011 414 48 75 we
2079 414 57 75 not
2151 414 133 75 fuppofe

1247 462 88 75 them
1367 462 219 75 inftrumental
1616 462 31 75 in
1675 462 171 75 recruiting
1872 462 56 75 the
1956 462 170 75 expanded
2152 462 67 75 fuel
2247 462 41 75 of

1245 508 54 75 the
1324 508 67 75 fun,
1425 508 63 75 and
1516 508 169 75 fupplying
1712 508 55 75 the
1795 508 175 75 exhaufted
1996 508 149 75 moifture
2167 508 40 75 of
2226 508 56 75 the

1245 555 122 75 planets
1377 555 12 75 ?
1417 555 162 75 However
1602 555 137 75 difficult
1761 555 26 75 it
1811 555 76 75 may
1908 555 51 75 be,
1985 555 247 75 circumftanced
2249 555 33 75 as

1245 602 47 75 we
1309 602 65 75 are,
1400 602 36 75 to
1452 602 63 75 find
1534 602 57 75 out
1608 602 83 75 their
1707 602 172 75 particular
1895 602 202 75 deftination,
2123 602 63 75 this
2203 602 26 75 is
2242 602 42 75 an

1243 650 187 75 undoubted
1446 650 104 75 truth,
1576 650 72 75 that
1675 650 200 75 where-ever
1897 650 55 75 the
1976 650 104 75 Deity
2096 650 110 75 exerts
2231 650 50 75 his

1243 695 120 75 power,
1388 695 92 75 there
1496 695 41 75 he
1554 695 66 75 alfo
1637 695 159 75 manifefts
1808 695 50 75 his
1875 695 131 75 wifdom
2024 695 62 75 and
2107 695 170 75 goodnefs.

1289 743 77 75 The
1387 743 82 75 folar
1492 743 113 75 fyftem
1621 743 77 75 here
1714 743 165 75 defcribed
1902 743 26 75 is
1952 743 58 75 not
2038 743 18 75 a
2080 743 65 75 late
2169 743 110 75 inven-

1241 789 81 75 tion,
1349 789 51 75 for
1424 789 26 75 it
1476 789 64 75 was
1565 789 117 75 known
1709 789 64 75 and
1797 789 114 75 taught
1927 789 44 75 by
1987 789 55 75 the
2060 789 72 75 wife
2150 789 130 75 Samian

1240 836 204 75 philofopher
1463 836 215 75 Pythagoras,
1704 836 62 75 and
1783 836 111 75 others
1909 836 116 75 among
2041 836 56 75 the
2111 836 167 75 ancients;

1241 883 57 75 but
1316 883 30 75 in
1363 883 98 75 latter
1476 883 93 75 times
1591 883 63 75 was
1671 883 72 75 loft,
1769 883 49 75 till
1837 883 54 75 the
1913 883 78 75 15th
2010 883 146 75 century,
2183 883 93 75 when

1241 929 25 75 it
1283 929 66 75 was
1370 929 91 75 again
1483 929 140 75 reftored
1646 929 42 75 by
1713 929 56 75 the
1797 929 124 75 famous
1939 929 105 75 Polifh
2062 929 216 75 philofopher,

1241 977 157 75 Nicholas
1417 977 210 75 Copernicus,
1647 977 72 75 who
1732 977 65 75 was
1815 977 78 75 born
1908 977 31 75 at
1955 977 117 75 Thorn
2085 977 31 75 in
2134 977 56 75 the
2203 977 75 75 year

1243 1024 103 75 1473.
1395 1024 38 75 In
1449 1024 63 75 this
1529 1024 41 75 he
1587 1024 65 75 was
1681 1024 154 75 followed
1856 1024 44 75 by
1923 1024 56 75 the
2003 1024 133 75 greateft
2154 1024 122 75 mathe-

1239 1070 163 75 maticians
1430 1070 62 75 and
1521 1070 219 75 philofophers
1768 1070 71 75 that
1869 1070 82 75 have
1980 1070 82 75 fince
2090 1070 84 75 lived
2190 1070 9 75 ;
2242 1070 34 75 as

1238 1116 133 75 Kepler,
1396 1116 145 75 Galileo,
1569 1116 186 75 Defcartes,
1789 1116 194 75 Gaffendus,
2015 1116 63 75 and
2107 1116 53 75 Sir
2188 1116 87 75 Ifaac

1238 1163 162 75 Newton;
1428 1163 55 75 the
1507 1163 56 75 laft
1587 1163 40 75 of
1650 1163 107 75 whom
1784 1163 58 75 has
1862 1163 185 75 eftabfifhed
2075 1163 63 75 this
2162 1163 114 75 fyftem

1238 1209 41 75 on
1304 1209 77 75 fucli
1405 1209 19 75 a
1448 1209 190 75 foundation
1660 1209 40 75 of
1716 1209 236 75 mathematical
1975 1209 64 75 and
2063 1209 139 75 phyfical
2217 1209 59 75 de-

1238 1257 218 75 monftration,
1482 1257 33 75 as
1536 1257 59 75 can
1612 1257 95 75 never
1724 1257 37 75 be
1779 1257 127 75 fhaken.

1284 1304 37 75 In
1339 1304 54 75 the
1410 1304 187 75 Ptolemean
1614 1304 125 75 fyftem,
1759 1304 54 75 the
1829 1304 92 75 earth
1936 1304 63 75 was
2013 1304 154 75 fuppofed
2183 1304 35 75 to
2235 1304 40 75 be

1236 1351 86 75 fixed
1339 1351 32 75 in
1388 1351 36 75 th
1441 1351 183 75 ecentre-of
1641 1351 56 75 the
1715 1351 143 75 univerfe
1876 1351 11 75 ;
1914 1351 61 75 and
1993 1351 71 75 that
2083 1351 54 75 the
2154 1351 118 75 Moon,

1236 1395 170 75 Mercury,
1431 1395 124 75 Venus,
1582 1395 58 75 the
1655 1395 80 75 Sun,
1762 1395 105 75 Mars,
1893 1395 140 75 Jupiter,
2060 1395 62 75 and
2141 1395 131 75 Saturn,

1237 1444 116 75 moved
1369 1444 103 75 round
1495 1444 55 75 the
1573 1444 89 75 earth
1679 1444 9 75 :
1716 1444 114 75 Above
1854 1444 54 75 the
1935 1444 120 75 planets
2081 1444 63 75 this
2172 1444 103 75 hypo-

1238 1491 93 75 thefis
1348 1491 113 75 placed
1477 1491 55 75 the
1552 1491 179 75 firmament
1754 1491 41 75 of
1814 1491 88 75 ftars,
1929 1491 62 75 and
2018 1491 76 75 then
2124 1491 56 75 the
2208 1491 67 75 two

1238 1539 177 75 cryftalline
1431 1539 148 75 fpheres;
1599 1539 40 75 all
1656 1539 107 75 which
1782 1539 82 75 were
1880 1539 150 75 included
2047 1539 31 75 in
2096 1539 62 75 and
2175 1539 99 75 recei-

1237 1584 61 75 ved
1322 1584 122 75 motion
1469 1584 85 75 from
1579 1584 55 75 the
1652 1584 147 75 priinum
1823 1584 125 75 mobile,
1973 1584 106 75 which
2096 1584 179 75 conftantly

1238 1632 150 75 revolved
1405 1632 97 75 about
1519 1632 56 75 the
1592 1632 89 75 earth
1700 1632 31 75 in
1758 1632 45 75 24
1826 1632 99 75 hours
1954 1632 84 75 from
2055 1632 63 75 eaft
2134 1632 35 75 to
2186 1632 87 75 weft.

1237 1678 66 75 But
1320 1678 33 75 as
1370 1678 64 75 this
1452 1678 78 75 rude
1546 1678 126 75 fcheme
1688 1678 64 75 was
1770 1678 101 75 found
1886 1678 164 75 incapable
2067 1678 34 75 to
2118 1678 156 75 ftandthe

1237 1725 58 75 teft
1321 1725 42 75 of
1374 1725 49 75 art
1452 1725 63 75 and
1530 1725 213 75 obfervation,
1769 1725 26 75 it
1818 1725 64 75 was
1911 1725 77 75 foon
2005 1725 139 75 rejected
2160 1725 44 75 by
2229 1725 44 75 all

1237 1773 70 75 true
1323 1773 233 75 philofophers.

1281 1819 77 75 The
1374 1819 174 75 Tychonic
1572 1819 112 75 fyftem
1712 1819 173 75 fucceeded
1907 1819 56 75 the
1988 1819 198 75 Ptolemean,
2213 1819 59 75 but

1235 1867 64 75 was
1317 1867 95 75 never
1430 1867 33 75 fo
1481 1867 164 75 generally
1667 1867 157 75 received.
1874 1867 38 75 In
1938 1867 65 75 this
2025 1867 55 75 the
2096 1867 90 75 earth
2206 1867 66 75 was

1235 1914 154 75 fuppofed
1405 1914 34 75 to
1457 1914 87 75 ftand
1562 1914 60 75 ftill
1636 1914 31 75 in
1688 1914 56 75 the
1761 1914 108 75 centre
1881 1914 41 75 of
1933 1914 55 75 the
2000 1914 143 75 univerfe
2160 1914 39 75 or
2215 1914 54 75 fir-

1235 1961 138 75 mament
1384 1961 41 75 of
1432 1961 89 75 ftars,
1547 1961 63 75 and
1621 1961 55 75 the
1689 1961 55 75 fun
1762 1961 34 75 to
1813 1961 129 75 revolve
1959 1961 98 75 about
2072 1961 25 75 it
2114 1961 97 75 every
2223 1961 19 75 2
2250 1961 19 75 4

1235 2008 126 75 hours;
1402 2008 56 75 the
1491 2008 136 75 planets.
1653 2008 170 75 Mercury,
1849 2008 124 75 Venus,
1998 2008 107 75 Mars,
2131 2008 138 75 Jupiter,

1237 2054 63 75 and
1318 2054 134 75 Saturn,
1477 2054 98 75 going
1597 2054 104 75 round
1724 2054 56 75 the
1808 2054 55 75 fun
1886 2054 41 75 in'
1940 2054 56 75 the
2021 2054 92 75 times
2141 2054 132 75 already

1233 2101 195 75 mentioned.
1478 2101 65 75 But
1561 2101 85 75 fome
1663 2101 40 75 of
1717 2101 148 75 Tycho’s
1882 2101 145 75 difciples
2044 2101 153 75 fuppofed
2214 2101 56 75 the

1232 2148 90 75 earth
1340 2148 35 75 to
1391 2148 80 75 have
1489 2148 18 75 a
1522 2148 125 75 diurnal
1666 2148 122 75 motion
1811 2148 108 75 round
1946 2148 42 75 its
2016 2148 83 75 axis,
2125 2148 64 75 and
2211 2148 58 75 the

1231 2194 68 75 fun,
1320 2194 78 75 with
1418 2194 44 75 all
1480 2194 56 75 the
1552 2194 101 75 above
1671 2194 137 75 planets,
1826 2194 35 75 to
1878 2194 42 75 go
1937 2194 102 75 round
2057 2194 54 75 the
2128 2194 90 75 earth
2237 2194 33 75 in

1230 2240 18 75 a
1264 2240 95 75 year;
1386 2240 56 75 the
1459 2240 122 75 planets
1599 2240 129 75 moving
1745 2240 103 75 round
1864 2240 56 75 the
1936 2240 56 75 fun
2009 2240 32 75 in
2059 2240 55 75 the
2131 2240 137 75 forefaid

1228 2288 106 75 times.
1381 2288 87 75 This
1491 2288 197 75 hypothefis,
1713 2288 95 75 being
1836 2288 106 75 partly
1968 2288 84 75 true,
2081 2288 64 75 apd
2160 2288 114 75 partly'

1229 2333 90 75 falfe,
1344 2333 65 75 was
1426 2333 170 75 embraced
1613 2333 43 75 by
1678 2333 63 75 few
1756 2333 9 75 ;
1792 2333 63 75 and
1877 2333 75 75 foon
1977 2333 77 75 gave
2071 2333 71 75 way
2160 2333 33 75 to
2211 2333 55 75 the

1230 2379 76 75 only
1326 2379 71 75 true
1422 2379 62 75 and
1510 2379 135 75 rational
1673 2379 137 75 fcheme,
1837 2379 137 75 reftored
1992 2379 43 75 by
2052 2379 211 75 Copernicus,

1230 2427 63 75 and
1308 2427 237 75 demonftrated
1562 2427 43 75 by
1623 2427 53 75 Sir
1692 2427 87 75 Ifaac
1794 2427 156 75 Newton.

1232 2552 140 75 Chap.
1403 2552 68 75 III.
1530 2552 79 75 The
1643 2552 239 75 Phenomena
1915 2552 48 75 of
1987 2552 66 75 the
2084 2552 180 75 Heavens

1288 2607 44 75 as
1338 2607 93 75 feen
1438 2607 107 75 from
1564 2607 179 75 different
1762 2607 124 75 Parts
1902 2607 53 75 of
1964 2607 66 75 the
2048 2607 144 75 Earth.

1276 2706 70 75 We
1366 2706 52 75 are
1439 2706 76 75 kept
1532 2706 34 75 to
1583 2706 55 75 the
1654 2706 119 75 earth’s
1788 2706 123 75 furface
1927 2706 42 75 on
1993 2706 42 75 all
2052 2706 79 75 fides
2147 2706 44 75 by
2206 2706 57 75 the

1232 2752 108 75 power
1356 2752 41 75 of
1408 2752 41 75 its
1468 2752 119 75 Central
1605 2752 168 75 attradHon
1785 2752 8 75 ;
1813 2752 118 75 which,
1949 2752 108 75 laying
2073 2752 78 75 hold
2168 2752 39 75 of
2219 2752 44 75 all

1232 2799 109 75 bodies
1359 2799 171 75 according
1546 2799 34 75 to
1597 2799 84 75 their
1692 2799 145 75 denfities
1849 2799 38 75 or
1898 2799 171 75 quantities
2081 2799 39 75 of
2132 2799 129 75 matter,

1230 2846 136 75 without
1384 2846 113 75 regard
1525 2846 34 75 to
1588 2846 84 75 their
1700 2846 105 75 bulks,
1832 2846 182 75 conftitutes
2031 2846 86 75 what
2134 2846 48 75 we
2198 2846 63 75 call

1228 2893 84 75 their
1327 2893 134 75 weight.
1473 2867 6 104 ■
1509 2893 78 75 And
1603 2893 118 75 having
1737 2893 54 75 the
1808 2893 55 75 fky
1886 2893 82 75 over
1995 2893 60 75 our
2081 2893 111 75 beads,
2218 2893 42 75 go

1229 2942 106 75 where
1352 2942 49 75 we
1416 2942 79 75 will,
1521 2942 62 75 and
1610 2942 59 75 our
1696 2942 67 75 feet
1791 2942 140 75 towards
1948 2942 57 75 the
2020 2942 108 75 centre
2145 2942 40 75 of
2204 2942 57 75 the

1228 2987 103 75 earth,
1356 2987 49 75 we
1421 2987 60 75 call
1498 2987 26 75 it
1543 2987 40 75 up
1600 2987 76 75 over
1693 2987 59 75 our
1768 2987 111 75 heads,
1904 2987 63 75 and
2091 2987 99 75 under
2201 2987 61 75 our

1227 3035 85 75 feet:
1338 3035 172 75 Although
1526 3035 57 75 the
1599 3035 83 75 fame
1700 3035 85 75 right
1797 3035 64 75 line
1878 3035 108 75 which
2003 3035 25 75 is
2046 3035 94 75 do-wn
2157 3035 35 75 to
2208 3035 51 75 us,

1226 3083 29 75 if
1266 3083 173 75 continued
1454 3083 152 75 through,
1632 3083 63 75 and
1707 3083 126 75 beyond
1850 3083 55 75 tfie
1920 3083 142 75 oppofite
2077 3083 64 75 fide
2152 3083 42 75 of
2205 3083 55 75 the

1701 3134 20 75 5
1746 3134 34 75 U

2157 3134 104 75 earth.
