2428 3377
135 160 102 75 Part
265 160 32 75 T.

696 160 44 75 A
855 160 44 75 N
1016 160 43 75 A
1175 142 13 49 r

131 225 6 75 .
181 225 77 75 The
276 225 37 75 fir
316 225 25 75 ft
356 225 30 75 is
402 225 71 75 ena'
473 225 136 75 rthrofu,
634 225 38 75 or
688 225 56 75 the
761 225 64 75 ball
851 225 63 75 and
930 225 122 75 focket,
1078 225 93 75 when

136 272 19 75 a
177 272 88 75 large
289 272 84 75 head
395 272 26 75 is
447 272 144 75 received
618 272 69 75 into
719 272 18 75 a
769 272 79 75 deep
880 272 128 75 cavity;
1046 272 33 75 as
1112 272 56 75 the

132 318 87 75 head
244 318 40 75 of
303 318 55 75 the
382 318 36 75 os
444 318 131 75 femoris
600 318 27 75 is
651 318 69 75 ii\to
744 318 57 75 the
826 318 200 75 acetabulum
1050 318 119 75 coxen-

135 365 93 75 dicis.

181 411 77 75 The
280 411 117 75 fecond
420 411 27 75 is
464 411 183 75 arthrodia,
672 411 93 75 when
791 411 18 75 a
833 411 103 75 round
960 411 84 75 head
1070 411 26 75 is
1117 411 50 75 re-

134 457 110 75 ceived
267 457 69 75 into
352 457 20 75 a
394 457 177 75 fuperficial
589 457 127 75 cavity;
743 457 33 75 as
792 457 34 75 in
842 457 55 75 the
914 457 204 75 articulation
1134 457 40 75 of

133 504 56 75 the
205 504 167 75 arm-bone
388 504 64 75 and
466 504 138 75 fcapula.
651 504 110 75 Thefe
785 504 66 75 two
873 504 118 75 Ipecies
1020 504 40 75 of
1081 504 86 75 diar-

134 550 112 75 throfis
263 550 96 75 allow
382 550 122 75 motion
522 550 35 75 to
573 550 42 75 all
631 550 93 75 fides.

180 596 77 75 The
286 596 88 75 third
391 596 26 75 is
435 596 26 75 g
470 596 7 75 '
477 596 153 75 niglimus,
656 596 105 75 which
787 596 151 75 properly
954 596 132 75 fignifies
1111 596 55 75 the

131 643 98 75 hinge
245 643 40 75 of
303 643 19 75 a
338 643 81 75 door
436 643 37 75 or
490 643 157 75 window;
674 643 74 75 in-it
766 643 55 75 the
837 643 86 75 parts
941 643 39 75 of
998 643 54 75 the
1068 643 97 75 bones

134 688 160 75 mutually
309 688 124 75 receive
450 688 63 75 and
530 688 53 75 are
599 688 159 75 received,
778 688 62 75 and
864 688 95 75 allow
978 688 39 75 of
1043 688 123 75 motion

135 735 67 75 two
218 735 86 75 ways
320 735 9 75 :
355 735 182 75 Workmen
554 735 62 75 call
632 735 191 75 \icharnal.

162 781 94 75 *The
272 781 171 75 ginglimus
465 781 28 75 is
517 781 163 75 generally
695 781 129 75 divided
847 781 69 75 into
940 781 91 75 three
1058 781 107 75 kinds,

134 827 35 75 to
192 827 106 75 which
323 827 86 75 fome
433 827 71 75 give
530 827 56 75 the
614 827 107 75 names
749 827 40 75 of
814 827 197 75 contiguous,
1029 827 136 75 dijlant,

132 873 69 75 ;and
227 873 183 75 cosnpound.
436 847 5 104 ■
461 873 5 75 ,

178 921 77 75 The
276 921 63 75 firft
355 921 79 75 kind
449 921 39 75 of
512 921 168 75 ginglimus
697 921 41 75 is,
762 921 94 75 when
873 921 18 75 a
907 921 82 75 bone
1006 921 56 75 has
1079 921 86 75 feve-

132 966 48 75 ral
197 966 245 75 protuberances
459 966 61 75 and
537 966 142 75 cavities,
705 966 107 75 which
829 966 119 75 anfwer
965 966 35 75 to
1018 966 33 75 as
1071 966 96 75 many

128 1012 134 75 cavities
280 1012 62 75 and
358 1012 155 75 procefles
529 1012 40 75 of
580 1012 57 75 the
653 1012 93 75 other
762 1012 96 75 bone,
875 1012 80 75 with
971 1012 105 75 which
1094 1012 26 75 it
1136 1012 28 75 is

133 1059 211 75 articulated;
370 1059 34 75 as
421 1059 31 75 in
476 1059 55 75 the
547 1059 204 75 conjunftion
767 1059 40 75 of
825 1059 54 75 the
895 1059 104 75 femur
1015 1059 79 75 with
1110 1059 56 75 the

132 1105 90 75 tibia.

178 1152 78 75 The
272 1152 114 75 fecond
403 1152 116 75 Ipecies
536 1152 39 75 is,
585 1152 93 75 when
696 1152 18 75 a
729 1152 85 75 bone
829 1152 138 75 receives
985 1152 134 75 another
1131 1152 33 75 at

132 1198 59 75 one
208 1198 74 75 end,
309 1198 63 75 and
394 1198 28 75 is
451 1198 145 75 received
621 1198 41 75 by
681 1198 55 75 the
752 1198 84 75 fame
852 1198 83 75 bone
952 1198 33 75 at
1001 1198 55 75 the
1072 1198 93 75 other

132 1244 59 75 end
204 1244 10 75 ;
243 1244 32 75 as
293 1244 32 75 in
342 1244 56 75 the
415 1244 106 75 radius
539 1244 63 75 and
618 1244 86 75 ulna.

177 1290 76 75 The
277 1290 56 75 laft
353 1290 66 75 fort
435 1290 40 75 is,
493 1290 93 75 when
603 1290 20 75 a
638 1290 83 75 bone
738 1290 138 75 receives
893 1290 145 75 another,
1057 1290 63 75 and
1135 1290 27 75 is

130 1336 146 75 received
291 1336 43 75 by
351 1336 18 75 a
384 1336 108 75 third;
520 1336 33 75 as
580 1336 34 75 in
637 1336 55 75 the
716 1336 129 75 oblique
869 1336 152 75 procefles
1047 1336 40 75 of
1106 1336 55 75 the

129 1382 169 75 vertebrae.

177 1428 36 75 If
220 1428 55 75 the
297 1428 163 75 moveable
476 1428 98 75 bones
590 1428 52 75 are
659 1428 57 75 not
732 1428 173 75 connedted
921 1428 62 75 and
998 1428 77 75 kept
1090 1428 72 75 firm

130 1475 42 75 by
187 1475 86 75 fome
290 1475 106 75 ftrong
412 1475 171 75 fubftance,
600 1475 79 75 they
689 1475 109 75 would
814 1475 39 75 be
865 1475 136 75 luxated
1017 1475 32 75 at
1065 1475 97 75 every

130 1522 122 75 motion
269 1522 39 75 of
328 1522 55 75 the
404 1522 122 75 joints:
554 1522 62 75 and
635 1522 31 75 if
679 1522 84 75 their
779 1522 93 75 hard,
891 1522 114 75 rough,
1022 1522 160 75 unequal,

129 1568 139 75 furfaces
285 1568 84 75 were
384 1568 36 75 to
443 1568 74 75 play
533 1568 41 75 on
591 1568 77 75 each
685 1568 118 75 other,,
815 1568 84 75 their
914 1568 123 75 motion
1053 1568 109 75 would

130 1614 56 75 not
203 1614 75 75 only
296 1614 39 75 be
351 1614 148 75 difficult,
517 1614 58 75 but
591 1614 55 75 the
662 1614 62 75 lofs
741 1614 39 75 of
790 1614 161 75 fubftance
968 1614 83 75 from
1069 1614 91 75 attri-

129 1660 67 75 tion
214 1660 108 75 would
345 1660 40 75 be
401 1660 103 75 great.
552 1660 184 75 Therefore
758 1660 172 75 ligaments
948 1660 53 75 are
1017 1660 92 75 made
1125 1660 35 75 to

129 1706 127 75 obviate
279 1706 55 75 the
350 1706 76 75 firft:,
444 1706 62 75 and
522 1706 174 75 cartilages
714 1706 35 75 to
765 1706 133 75 prevent
919 1706 55 75 the
994 1706 93 75 other
1110 1706 48 75 in-

131 1752 226 75 conveniency.
406 1752 66 75 But
489 1752 131 75 becaufe
636 1752 167 75 ligaments
821 1752 62 75 and
905 1752 166 75 cartilages
1087 1752 74 75 turn

128 1798 95 75 rigid,
240 1798 177 75 inflexible,
434 1798 62 75 and
515 1798 114 75 rough,
647 1798 101 75 unlefs
767 1798 76 75 they
859 1798 52 75 are
927 1798 76 75 kept
1020 1798 102 75 moift,
1141 1798 18 75 a

129 1844 154 75 fufficient
305 1844 148 75 quantity
470 1844 41 75 of
533 1844 116 75 proper
668 1844 108 75 liquor
791 1844 29 75 is
841 1844 142 75 fupplied
999 1844 52 75 for
1076 1844 86 75 their

128 1890 203 75 lubrication,
357 1890 62 75 and
446 1890 35 75 to
509 1890 143 75 preferve
683 1890 89 75 them
800 1890 31 75 in
860 1890 19 75 a
910 1890 127 75 flexible
1069 1890 89 75 ftate.

126 1936 120 75 Seeing
262 1936 75 75 then
355 1936 86 75 thefe
463 1936 87 75 parts
575 1936 53 75 are
656 1936 33 75 fo
713 1936 158 75 neceflary
887 1936 35 75 to
939 1936 55 75 the
1010 1936 148 75 articula-

125 1984 96 75 tions,
254 1984 48 75 we
330 1984 77 75 fball
431 1984 88 75 next’
534 1984 140 75 confider
701 1984 83 75 their
810 1984 164 75 ftrudture,
999 1984 158 75 fituation,

126 2030 62 75 and
204 2030 84 75 ufes,
309 2030 35 75 fo
360 2030 49 75 far
422 2030 33 75 as
473 2030 78 75 they
567 2030 53 75 are
635 2030 193 75 fubfervient
844 2030 35 75 to
895 2030 56 75 the
968 2030 110 75 bones,
1096 2030 63 75 and

126 2075 85 75 their
227 2075 152 75 motions.
494 2075 10 75 \

172 2122 236 75 Ligaments
426 2122 53 75 are
488 2122 367 75 whiteflexiblebodies,
865 2122 125 75 thicker
999 2122 61 75 and
1072 2122 86 75 firm-

124 2170 34 75 er
174 2170 77 75 than
268 2170 208 75 membranes,
487 2170 62 75 and
565 2170 57 75 not
637 2170 33 75 fo
685 2170 83 75 hard
784 2170 37 75 or
837 2170 70 75 firm
924 2170 34 75 as
975 2170 180 75 cartilages,

124 2214 137 75 without
277 2214 61 75 any
346 2214 197 75 remarkable
559 2214 104 75 cavity
670 2214 33 75 in
720 2214 84 75 their
819 2214 173 75 fubftance,
1005 2214 150 75 difficult-

123 2260 34 75 ly
173 2260 170 75 ftretehed,
362 2260 62 75 and
445 2260 80 75 with
539 2260 85 75 little
636 2260 154 75 elafticity
803 2260 10 75 ;
835 2260 125 75 ferving
975 2260 34 75 to
1026 2260 131 75 conned!

123 2307 59 75 one
198 2307 71 75 part
286 2307 35 75 to
337 2307 146 75 another,
497 2307 88 75 onto
600 2307 132 75 prevent
741 2307 55 75 the
814 2307 85 75 parts
912 2307 34 75 to
962 2307 105 75 which
1078 2307 79 75 they

122 2352 157 75 areffixed
296 2352 85 75 from
397 2352 95 75 being
509 2352 151 75 removed
676 2352 56 75 out
749 2352 40 75 of
799 2352 71 75 that
886 2352 147 75 fituatjon
1049 2352 105 75 which

122 2399 27 75 is
167 2399 100 75 ufeful
286 2399 59 75 and
363 2399 78 75 fare.

138 2444 4 75 .
168 2444 99 75 After
292 2444 193 75 maceration
510 2444 33 75 in
571 2444 112 75 water,
708 2444 55 75 the
780 2444 168 75 ligaments
971 2444 57 75 can
1060 2444 96 75 eafily

121 2491 40 75 be
177 2491 148 75 divided;
352 2491 59 75 and
429 2491 78 75 each
519 2491 207 75 ligamentous
742 2491 89 75 layer
846 2491 130 75 appears
988 2491 169 75 compofed

122 2537 40 75 of
180 2537 107 75 fibres,
312 2537 55 75 the
383 2537 114 75 largeft
514 2537 39 75 of
571 2537 106 75 which
702 2537 54 75 are
772 2537 144 75 dijpofed
931 2537 33 75 in
981 2537 19 75 a
1014 2537 140 75 longitu-

85 2581 22 75 **
121 2581 86 75 dinal
225 2581 165 75 diredtkm.

168 2627 76 75 The
261 2627 130 75 arteries
408 2627 41 75 of
466 2627 170 75 ligaments,
650 2627 52 75 are
717 2627 80 75 very
812 2627 202 75 confpicuous
1030 2627 84 75 after
1133 2627 19 75 a

121 2673 155 75 tolerable
293 2673 161 75 injediion,
477 2673 67 75 and
565 2673 56 75 the
646 2673 104 75 larger
771 2673 112 75 trunks
899 2673 39 75 of
957 2673 84 75 their
1063 2673 87 75 veins

120 2719 54 75 are
190 2719 179 75 fometimes
393 2719 35 75 to
444 2719 40 75 be
502 2719 71 75 been
590 2719 59 75 full
667 2719 39 75 of
726 2719 98 75 blood

170 2764 87 75 Such
273 2764 167 75 ligaments
458 2764 32 75 as
507 2764 84 75 form
607 2764 56 75 the
679 2764 78 75 fides
775 2764 39 75 of
834 2764 142 75 cavities,
993 2764 81 75 have
1090 2764 59 75 nu-

121 2810 125 75 merous
267 2810 123 75 orifices
407 2810 44 75 of
457 2810 84 75 their
557 2810 131 75 arteries
705 2810 135 75 opening
852 2810 84 75 upon
952 2810 84 75 their
1051 2810 98 75 inter-

120 2855 203 75 nalfturface,
348 2855 105 75 which
481 2855 80 75 keep
585 2855 26 75 it
628 2855 117 75 always
762 2855 110 75 moift:
900 2855 36 75 If
962 2855 48 75 we
1028 2855 67 75 rub'
1095 2855 62 75 off,

121 2902 70 75 that
208 2902 160 75 moifture,
394 2902 59 75 and
475 2902 76 75 then
576 2902 85 75 prefs
678 2902 55 75 the
748 2902 164 75 ligament,
938 2902 47 75 we
1009 2902 57 75 can
1097 2902 50 75 fee

120 2948 55 75 the
191 2948 107 75 liquor
324 2948 125 75 buzing,
471 2948 56 75 out
550 2948 87 75 from
659 2948 90 75 fmall
776 2948 115 75 pores;
919 2948 62 75 and
1012 2948 48 75 v/e
1088 2948 58 75 can

213 2995 97 75 You.
327 2995 31 75 I.
382 2995 71 75 No.
476 2995 34 75 7.

1032 2995 17 75 3

1202 143 11 49 1

1332 161 38 75 O
1488 161 48 75 M
1651 161 53 75 Y.

2171 161 77 75 149

1218 224 88 75 farce
1323 224 69 75 thin
1408 224 136 75 liquors,
1559 224 136 75 injedled
1710 224 44 75 by
1766 224 55 75 tqe
1838 224 143 75 arteries,
1999 224 69 75 into
2084 224 62 75 the-
2163 224 85 75 cavi-

1218 271 58 75 ties
1295 271 124 75 formed
1436 271 43 75 by
1489 271 182 75 ligaments.

1265 319 107 75 Thefe
1389 319 153 75 exhalent
1556 319 131 75 arteries
1711 319 80 75 muft
1818 319 80 75 have
1922 319 247 75 correfponding
2192 319 56 75 ab-

1217 363 127 75 forbent
1367 363 100 75 veins,
1493 363 168 75 otherwife
1684 363 56 75 the
1763 363 131 75 cavities
1910 363 109 75 would
2042 363 77 75 foon
2134 363 41 75 be
2191 363 57 75 too

1218 408 58 75 full
1294 408 40 75 of
1345 408 119 75 liquor.

1264 457 186 75 Ligaments
1467 457 77 75 then
1558 457 81 75 muft
1663 457 39 75 be
1729 457 119 75 fubjedt
1870 457 35 75 to
1927 457 56 75 the
2000 457 131 75 difeafes
2160 457 87 75 com-

1217 502 72 75 mon
1307 502 34 75 to
1358 502 94 75 other
1465 502 101 75 parts,
1579 502 106 75 where
1701 502 91 75 there
1808 502 26 75 is
1854 502 19 75 a
1885 502 187 75 circulation
2089 502 40 75 of
2139 502 107 75 fluids,

1216 549 172 75 allowance
1405 549 117 75 always
1539 549 95 75 being
1650 549 92 75 made
1759 549 52 75 for
1824 549 55 75 the
1896 549 63 75 fize
1975 549 41 75 of
2034 549 123 75 veffels,
2189 549 57 75 na-

1215 595 71 75 ture
1302 595 44 75 of
1361 595 56 75 the
1444 595 107 75 fluids,
1576 595 61 75 and
1661 595 142 75 firmnefs
1820 595 40 75 of
1878 595 56 75 the
1951 595 130 75 texture
2106 595 40 75 of
2168 595 79 75 each

1211 640 86 75 part.

1263 687 97 75 Some
1376 687 130 75 authors
1523 687 80 75 have
1620 687 158 75 alledged,
1801 687 72 75 that
1890 687 166 75 ligaments
2074 687 53 75 are
2142 687 103 75 infen-

1214 733 85 75 fible,
1325 733 63 75 and
1410 733 228 75 confequently
1654 733 70 75 that
1741 733 79 75 they
1835 733 81 75 have
1932 733 42 75 no
2003 733 125 75 nerves.
2177 733 68 75 But

1212 779 58 75 the
1286 779 120 75 violent
1429 779 130 75 racking
1590 779 72 75 pain
1686 779 58 75 felt
1776 779 42 75 on
1846 779 55 75 the
1918 779 75 75 leaft
2017 779 123 75 motion
2160 779 41 75 of
2226 779 20 75 a

1211 825 84 75 joint
1322 825 168 75 labouring
1505 825 101 75 under
1621 825 18 75 a
1655 825 215 75 rheumatifm,
1904 825 54 75 the
1981 825 65 75 feat
2072 825 41 75 of
2138 825 107 75 which

1215 872 115 75 difeafe
1347 872 98 75 feems
1462 872 88 75 often
1567 872 36 75 to
1620 872 39 75 be
1675 872 32 75 in
1723 872 55 75 the
1790 872 181 75 ligaments,
1996 872 63 75 and
2075 872 55 75 the
2146 872 99 75 infuf-

1215 919 121 75 ferable
1352 919 323 75 torture-occafioned
1690 919 44 75 by
1749 919 144 75 incftions
1916 919 39 75 of
1976 919 181 75 ligaments,
2181 919 64 75 and

1215 963 43 75 by
1274 963 20 75 a
1308 963 166 75 colledHon
1491 963 40 75 of
1549 963 88 75 acrid
1653 963 116 75 matter
1787 963 32 75 in
1839 963 19 75 a
1869 963 97 75 joint,
1993 963 37 75 or
2046 963 43 75 by
2105 963 90 75 tophi
2210 963 34 75 in

1215 1011 55 75 the
1289 1011 91 75 gout,
1405 1011 109 75 would
1536 1011 152 75 perfuade
1704 1011 49 75 us,
1778 1011 72 75 that
1873 1011 78 75 they
1967 1011 53 75 are
2047 1011 200 75 abundantly

1211 1057 145 75 fupplied
1372 1057 79 75 with
1467 1057 124 75 nerves.

1260 1104 76 75 The
1367 1104 168 75 ligaments
1568 1104 106 75 which
1700 1104 130 75 conned!
1861 1104 55 75 the
1947 1104 165 75 moveable
2143 1104 99 75 bones

1213 1150 181 75 commonly
1412 1150 58 75 rife
1486 1150 84 75 from
1588 1150 54 75 the
1659 1150 202 75 conjundlion
1878 1150 39 75 of
1936 1150 55 75 the
2014 1150 165 75 epiphyfes
2207 1150 42 75 of

1212 1197 57 75 the
1290 1197 61 75 one
1368 1197 94 75 bone,
1488 1197 64 75 and
1575 1197 53 75 are
1647 1197 138 75 inferred
1807 1197 70 75 into
1893 1197 54 75 the
1970 1197 83 75 fame
2085 1197 90 75 place
2206 1197 43 75 of

1212 1242 54 75 the
1283 1242 117 75 other;
1427 1242 39 75 or
1481 1242 108 75 where
1611 1242 164 75 epiphyfes
1798 1242 58 75 are
1881 1242 68 75 not,
1974 1242 79 75 they
2068 1242 90 75 come
2185 1242 59 75 out

1210 1288 84 75 from
1310 1288 56 75 the
1382 1288 122 75 cervix,
1531 1288 62 75 and
1615 1288 125 75 beyond
1757 1288 56 75 the
1837 1288 165 75 fupercilia
2021 1288 40 75 of
2082 1288 55 75 the
2165 1288 76 75 arti-

1210 1336 128 75 culated
1353 1336 121 75 bones;
1500 1336 62 75 and
1585 1336 83 75 after
1685 1336 75 75 fuch
1784 1336 19 75 a
1825 1336 140 75 manner,
1984 1336 32 75 in
2039 1336 80 75 both
2143 1336 97 75 cafes*

1210 1380 32 75 as
1259 1380 35 75 to
1309 1380 127 75 include
1453 1380 55 75 the
1524 1380 201 75 articulation
1740 1380 33 75 in
1790 1380 18 75 a
1824 1380 90 75 purfe
1933 1380 38 75 or
1982 1380 80 75 bag;
2081 1380 78 75 with
2177 1380 63 75 this

1210 1428 183 75 difference,
1422 1428 180 75 depending
1629 1428 42 75 on
1702 1428 84 75 their
1809 1428 150 75 different
1986 1428 151 75 motions:,
2169 1428 72 75 that

1209 1474 106 75 where
1339 1474 55 75 the
1421 1474 121 75 motion
1559 1474 26 75 is
1602 1474 78 75 only
1695 1474 34 75 to
1745 1474 40 75 be
1801 1474 32 75 in
1850 1474 66 75 two
1931 1474 181 75 diredlions,
2130 1474 55 75 the
2200 1474 40 75 li-

1208 1520 143 75 gaments
1368 1520 53 75 are
1438 1520 149 75 ftrongeft
1613 1520 41 75 on
1671 1520 89 75 thofe
1777 1520 78 75 fides
1884 1520 139 75 towards
2051 1520 107 75 which
2183 1520 57 75 the

1209 1565 98 75 bones
1324 1565 53 75 are
1377 1547 6 49 -
1400 1565 58 75 not
1480 1565 137 75 moved;
1643 1565 63 75 and
1722 1565 94 75 when
1836 1565 18 75 a
1869 1565 90 75 great
1975 1565 123 75 variety
2113 1565 41 75 of
2170 1565 69 75 mo-

1211 1612 81 75 tions
1310 1612 26 75 is
1354 1612 149 75 defigned
1526 1612 35 75 to
1577 1612 39 75 be
1633 1612 149 75 allowed,
1807 1612 54 75 the
1878 1612 167 75 ligaments
2062 1612 54 75 are
2133 1612 106 75 weak-

1208 1658 34 75 er
1259 1658 77 75 than
1352 1658 31 75 in
1402 1658 55 75 the
1472 1658 121 75 former
1608 1658 65 75 fort
1696 1658 39 75 of
1751 1658 233 75 articulations,
2001 1658 63 75 and
2079 1658 53 75 are
2146 1658 93 75 near-

1209 1704 34 75 ly
1260 1704 40 75 of
1312 1704 54 75 the
1383 1704 83 75 fame
1483 1704 139 75 ftrength
1639 1704 43 75 all
1700 1704 114 75 round.

1256 1750 77 75 Part
1350 1750 40 75 of
1399 1750 57 75 the
1473 1750 139 75 capfular
1629 1750 167 75 ligaments
1813 1750 26 75 is
1857 1750 168 75 compofed
2040 1750 51 75 of’
2104 1750 54 75 the
2177 1750 61 75 pe-

1209 1796 158 75 riofteum,
1393 1796 171 75 continued
1579 1796 85 75 from
1680 1796 60 75 one
1755 1796 84 75 bone
1855 1796 35 75 to
1906 1796 145 75 another,
2075 1796 62 75 and
2153 1796 85 75 tlieir

1206 1842 136 75 internal
1364 1842 90 75 layer
1476 1842 27 75 is
1527 1842 181 75 continued-
1720 1842 41 75 on
1785 1842 55 75 the
1857 1842 85 75 parts
1971 1842 40 75 of
2027 1842 56 75 the
2100 1842 82 75 bone
2199 1842 40 75 or

1193 1863 6 104 ■
1199 1889 159 75 cartilage
1374 1889 105 75 which
1503 1889 56 75 the
1574 1889 152 75 ligament
1743 1889 173 75 includes..
1931 1889 5 75 .

2131 1889 6 75 '

1254 1936 127 75 Befides
1397 1936 88 75 thefe
1501 1936 146 75 common
1664 1936 141 75 capfular
1818 1936 168 75 ligaments
2003 1936 41 75 of
2053 1936 55 75 the
2120 1936 119 75 joints*

1206 1982 90 75 there
1328 1982 54 75 are
1406 1982 172 75 particular
1605 1982 75 75 ones
1701 1982 31 75 in
1765 1982 118 75 feveral
1906 1982 119 75 places,
2050 1982 103 75 either
2183 1982 57 75 for

1207 2028 55 75 the
1287 2028 107 75 firmer
1410 2028 183 75 connection
1622 2028 40 75 of
1680 2028 55 75 the
1768 2028 189 75 articulated
1981 2028 110 75 bones,
2116 2028 39 75 or
2181 2028 55 75 for

1206 2073 183 75 reftraining
1412 2073 70 75 and.
1490 2073 159 75 confining
1665 2073 54 75 the
1743 2073 119 75 motion
1892 2073 34 75 to
1954 2073 85 75 fome
2066 2073 60 75 one
2147 2073 61 75 fide
2220 2073 13 75 ;

1205 2120 76 75 fuch
1297 2120 55 75 are
1367 2120 55 75 the
1445 2120 84 75 crofs
1546 2120 62 75 and
1623 2120 112 75 lateral
1752 2120 165 75 ligaments
1934 2120 39 75 of
1986 2120 54 75 the
2055 2120 94 75 knee,
2177 2120 58 75 the

1206 2166 102 75 round
1330 2166 61 75 one
1407 2166 40 75 of
1458 2166 55 75 the
1529 2166 104 75 thigh,
1651 2166 66 75 ibc.

1252 2212 98 75 From
1362 2212 63 75 this
1442 2212 134 75 account
1592 2212 41 75 of
1651 2212 55 75 the
1721 2212 179 75 ligaments,
1910 2212 49 75 we
1975 2212 74 75 may
2065 2212 176 75 conclude*,

1205 2258 81 75 that,
1305 2258 121 75 cateris
1437 2258 150 75 paribus,
1611 2258 34 75 in
1661 2258 163 75 whatever
1844 2258 202 75 articulation
2069 2258 56 75 the
2151 2258 90 75 liga--

1205 2304 101 75 ments
1323 2304 54 75 are
1392 2304 77 75 few,
1492 2304 90 75 long,
1600 2304 61 75 and
1677 2304 102 75 weak,
1807 2304 55 75 the
1878 2304 121 75 motion
2016 2304 26 75 is
2059 2304 88 75 more
2164 2304 69 75 free

1205 2349 62 75 and
1295 2349 118 75 quick;
1439 2349 59 75 but
1522 2349 161 75 luxations
1703 2349 124 75 happen
1850 2349 204 75 frequently:
2081 2349 90 75 And,
2189 2349 42 75 on

1204 2396 54 75 the
1282 2396 160 75 contrary,
1468 2396 106 75 where
1594 2396 56 75 the
1665 2396 168 75 ligaments
1850 2396 53 75 are
1920 2396 182 75 numerous,
2131 2396 98 75 ffiort,

1204 2441 62 75 and
1289 2441 118 75 ftrong,
1436 2441 54 75 the
1507 2441 121 75 motion
1653 2441 29 75 is
1706 2441 90 75 more
1820 2441 143 75 confined
1978 2441 10 75 ;
2015 2441 57 75 but
2094 2441 8 75 '
2102 2441 76 75 fuch
2212 2441 19 75 a

1199 2487 84 75 joint
1313 2487 27 75 is
1358 2487 59 75 lefs
1444 2487 140 75 expofed
1615 2487 35 75 to
1677 2487 373 75 luxations.—Whence
2076 2487 49 75 we
2156 2487 75 75 may

1198 2534 191 75 judge'how
1404 2534 159 75 neiceffary
1578 2534 25 75 it
1627 2534 27 75 is
1670 2534 35 75 to
1721 2534 111 75 attend
1847 2534 34 75 to
1898 2534 55 75 the
1976 2534 150 75 different
2147 2534 82 75 liga-

1202 2578 114 75 ments,
1342 2578 60 75 and
1422 2578 59 75 the
1497 2578 136 75 changes
1651 2578 105 75 which
1775 2578 80 75 have
1875 2578 79 75 been
1970 2578 93 75 made
2079 2578 42 75 on
2140 2578 90 75 them'
2230 2578 10 75 ,

1201 2625 44 75 by
1268 2625 19 75 a
1302 2625 157 75 luxation,
1485 2625 91 75 when
1593 2625 24 75 it
1635 2625 26 75 is
1678 2625 35 75 to
1730 2625 38 75 be
1786 2625 150 75 reduced.

1246 2672 186 75 Ligaments
1450 2672 63 75 alfo
1528 2672 112 75 fupply
1652 2672 54 75 the
1723 2672 87 75 place
1827 2672 40 75 of
1878 2672 96 75 bones
1991 2672 32 75 in
2040 2672 117 75 feveral
2174 2672 52 75 ca-

1198 2717 47 75 fes
1262 2717 35 75 to
1313 2717 173 75 advantage
1500 2717 9 75 :
1535 2717 95 75 Thus
1654 2717 55 75 the
1724 2717 86 75 parts
1834 2717 31 75 in
1883 2717 55 75 the
1954 2717 98 75 pelvis
2069 2717 53 75 are
2138 2717 88 75 more

1198 2764 99 75 fafely
1328 2764 170 75 fupported
1525 2764 105 75 below
1657 2764 43 75 by
1715 2764 179 75 ligaments,
1928 2764 75 75 than
2036 2764 77 75 they
2130 2764 107 75 could,

1199 2809 80 75 have
1301 2809 79 75 been
1396 2809 44 75 by
1456 2809 143 75 bone.-—'
1599 2809 23 75 T
1634 2809 41 75 he
1691 2809 167 75 ligaments
1878 2809 115 75 placed
2016 2809 31 75 in
2064 2809 55 75 the
2135 2809 91 75 great

1197 2856 89 75 holes
1308 2856 40 75 of
1359 2856 54 75 the
1430 2856 77 75 offa'
1507 2856 206 75 innominata,
1739 2856 62 75 and
1817 2856 143 75 between
1984 2856 56 75 the
2067 2856 97 75 bones
2189 2856 42 75 of

1197 2903 54 75 the
1268 2903 153 75 fore-arm
1437 2903 63 75 and
1522 2903 64 75 leg,
1612 2903 104 75 afford
1739 2903 187 75 convenient
1950 2903 103 75 origin
2077 2903 35 75 to
2139 2903 85 75 muf-

1197 2949 339 75 clesi—Immoveable
1556 2949 97 75 bones
1670 2949 53 75 are
1743 2949 106 75 firmly
1866 2949 171 75 connedied
2052 2949 44 75 bv
2112 2949 87 75 them
2211 2949 26 75 ;.

1692 2997 26 75 P
1734 2997 21 75 p

2076 2997 10 75 '
2189 2997 48 75 of.
