2428 3377
185 165 13 75 i
198 197 34 49 7
232 165 32 75 o

726 165 44 75 A
882 165 44 75 N
1040 165 41 75 A
1197 165 39 75 T

223 232 78 75 The
316 232 89 75 body
421 232 40 75 of
471 232 56 75 the
543 232 74 75 fifth
633 232 148 75 vertebra
804 232 26 75 is
848 232 108 75 rather
972 232 128 75 thinner
1132 232 78 75 than

177 278 73 75 that
272 278 41 75 of
324 278 56 75 the
397 278 123 75 fourth.
617 278 75 75 The
709 278 97 75 fpinal
824 278 78 75 proc'
902 278 46 75 cfs
966 278 40 75 of
1017 278 63 75 this
1094 278 72 75 fifth
1184 278 26 75 is

180 324 138 75 fmaller,
344 324 62 75 and
421 324 56 75 the
493 324 131 75 oblique
640 324 153 75 procefles
819 324 70 75 face
913 324 89 75 more
1025 324 186 75 backwards

179 371 63 75 and
260 371 156 75 forwards
432 371 77 75 than
533 371 31 75 in
582 371 62 75 any
660 371 94 75 other
775 371 125 75 lumbar
915 371 160 75 vertebra.

224 418 77 75 The
318 418 128 75 False
465 418 224 75 Vertebrae
709 418 146 75 compofe
873 418 55 75 the
945 418 103 75 under
1066 418 147 75 pyramid

179 463 40 75 of
230 463 54 75 the
300 463 99 75 fpine.
446 463 101 75 They
562 463 53 75 are
631 463 223 75 diftinguifhed
868 463 86 75 from
971 463 54 75 the
1041 463 99 75 bones
1164 463 46 75 al-

178 509 100 75 ready
293 509 166 75 defcribed
478 509 100 75 juftly
601 509 126 75 enough
745 509 44 75 by
805 509 64 75 this
894 509 124 75 epithet
1041 509 40 75 of
1089 509 94 75 falfe
1196 509 11 75 ;

177 557 143 75 becaufe,
349 557 124 75 though
490 557 77 75 each
585 557 82 75 bone
689 557 69 75 into
775 557 107 75 which
910 557 79 75 they
1013 557 57 75 can
1096 557 39 75 be
1159 557 50 75 di-

175 603 99 75 vided
288 603 33 75 in
338 603 108 75 young
467 603 125 75 people,
617 603 169 75 refembles
814 603 56 75 the
897 603 71 75 true
995 603 154 75 vertebrae
1176 603 32 75 in

176 649 113 75 figure,
314 649 56 75 yet
386 649 83 75 none
484 649 41 75 of
536 649 88 75 them
641 649 181 75 contribute
839 649 34 75 to
890 649 55 75 the
963 649 122 75 motion
1101 649 41 75 of
1153 649 55 75 the

176 695 99 75 trunk
291 695 41 75 of
342 695 55 75 the
414 695 87 75 body
515 695 10 75 ;
551 695 79 75 they
645 695 96 75 being
757 695 179 75 intimately
953 695 110 75 united
1078 695 36 75 to
1130 695 78 75 each

176 741 95 75 other
294 741 32 75 in
343 741 119 75 adults,
487 741 118 75 except
623 741 32 75 at
671 741 84 75 their
772 741 102 75 lower
891 741 84 75 part,
999 741 108 75 where
1130 741 79 75 they

175 788 56 75 are
246 788 187 75 moveable;
460 788 132 75 whence
619 788 78 75 they
714 788 54 75 are
796 788 182 75 commonly
994 788 130 75 divided
1139 788 70 75 into

178 833 68 75 two
261 833 112 75 bones,
398 833 32 75 os
438 833 136 75 facrum
592 833 62 75 and
671 833 149 75 eoccygh.

225 880 51 75 Os
296 880 176 75 Sacrum,
497 880 27 75 is
539 880 34 75 fo
590 880 103 75 called
708 880 84 75 from
809 880 95 75 being
920 880 124 75 offered
1059 880 32 75 in
1115 880 94 75 facri-

178 927 61 75 fice
257 927 43 75 by
315 927 56 75 the
387 927 155 75 ancients,
568 927 27 75 is
612 927 41 75 of
674 927 38 75 an
732 927 157 75 irregular
911 927 175 75 triangular
1103 927 104 75 fhape,

175 973 101 75 broad
292 973 112 75 above,
429 973 127 75 narrow
572 973 116 75 below,
714 973 125 75 convex
855 973 131 75 behind,
1011 973 52 75 for
1079 973 55 75 the
1151 973 56 75 ad-

177 1020 194 75 vantageous
396 1020 104 75 origin
524 1020 40 75 of
590 1020 56 75 the
673 1020 133 75 mufcles
830 1020 70 75 that
922 1020 94 75 move
1040 1020 55 75 the
1122 1020 86 75 fpine

176 1066 65 75 and
264 1066 93 75 thigh
381 1066 209 75 backwards;
626 1066 62 75 and
704 1066 139 75 concave
867 1066 131 75 behind,
1023 1066 53 75 for
1104 1066 103 75 enlar-

176 1111 77 75 ging
269 1111 55 75 the
352 1111 107 75 cavity
482 1111 41 75 of
540 1111 56 75 the
623 1111 113 75 pelvis.
831 1111 89 75 Four
940 1111 172 75 tranfveffe
1127 1111 80 75 lines

175 1158 41 75 of
231 1158 18 75 a
272 1158 112 75 colour
399 1158 151 75 different
573 1158 84 75 from
674 1158 56 75 the
753 1158 60 75 reft
837 1158 40 75 of
896 1158 55 75 the
978 1158 94 75 bone,
1101 1158 106 75 which

175 1205 54 75 are
244 1205 73 75 feen
334 1205 40 75 on
391 1205 40 75 its
454 1205 171 75 fore-part,
658 1205 54 75 are
738 1205 56 75 the
821 1205 107 75 marks
956 1205 40 75 of
1016 1205 132 75 divifion
1172 1205 41 75 of

174 1251 57 75 the
248 1251 60 75 five
324 1251 151 75 different
489 1251 98 75 bones
605 1251 40 75 of
655 1251 107 75 which
778 1251 26 75 it
821 1251 124 75 confifts
962 1251 33 75 in
1011 1251 108 75 young
1134 1251 71 75 per-

173 1297 86 75 fons.

221 1343 77 75 The
314 1343 160 75 fore-part
498 1343 40 75 of
549 1343 55 75 the
624 1343 37 75 os
682 1343 121 75 facrum
820 1343 25 75 is
862 1343 125 75 fmooth
1005 1343 63 75 and
1084 1343 67 75 flat,
1169 1343 35 75 to

172 1389 97 75 allow
285 1389 19 75 a
318 1389 105 75 larger
438 1389 90 75 fpace
544 1389 53 75 for
612 1389 55 75 the
680 1389 170 75 contained
861 1389 133 75 bowels,
1012 1389 138 75 without
1169 1389 32 75 a-

172 1435 45 75 ny
233 1435 120 75 danger
371 1435 39 75 of
424 1435 131 75 hurting
572 1435 226 75 them.—The
823 1435 170 75 back-part
1014 1435 40 75 of
1071 1435 27 75 it
1115 1435 26 75 is
1157 1435 46 75 al-

173 1481 81 75 moft
271 1481 144 75 ftreight,
440 1481 137 75 without
594 1481 34 75 fo
644 1481 88 75 large
748 1481 19 75 a
783 1481 106 75 cavity
905 1481 33 75 as
966 1481 56 75 the
1048 1481 155 75 vertebrae

172 1527 220 75 have.—The
409 1527 127 75 bridges
561 1527 144 75 between
722 1527 55 75 the
794 1527 110 75 bodies
921 1527 63 75 and
999 1527 153 75 proceffes
1169 1527 40 75 of

171 1574 66 75 this
253 1574 95 75 bone,
373 1574 53 75 are
442 1574 94 75 much
554 1574 137 75 thicker,
717 1574 61 75 and
806 1574 32 75 in
865 1574 186 75 proportion
1068 1574 133 75 fhorter,

171 1619 78 75 than
265 1619 31 75 in
315 1619 55 75 the
385 1619 121 75 former
523 1619 78 75 clafs
615 1619 39 75 of
665 1619 237 75 bones.—The
914 1619 139 75 ftrength
1065 1619 40 75 of
1116 1619 87 75 thefe

171 1666 233 75 crofs-bridges
442 1666 27 75 is
502 1666 79 75 very
613 1666 197 75 remarkable
842 1666 31 75 in
901 1666 55 75 the
983 1666 91 75 three
1102 1666 100 75 upper

169 1711 112 75 bones,
300 1711 62 75 and
378 1711 27 75 is
421 1711 320 75 well-proportioned
757 1711 35 75 to
809 1711 55 75 the
879 1711 185 75 incumbent
1080 1711 120 75 weight

170 1757 40 75 of
220 1757 56 75 the
292 1757 97 75 trunk
404 1757 41 75 of
462 1757 56 75 the
534 1757 99 75 body,
657 1757 106 75 which
784 1757 88 75 thefe
894 1757 129 75 bridges
1039 1757 112 75 fuftain
1168 1757 32 75 in

169 1803 20 75 a
218 1803 184 75 tranfverfe,
439 1803 228 75 confequently
691 1803 39 75 an
758 1803 241 75 unfavourable,
1037 1803 160 75 fituation,

168 1849 95 75 when
282 1849 54 75 the
353 1849 88 75 body
456 1849 27 75 is
500 1849 97 75 eredt.

213 1897 111 75 There
341 1897 53 75 are
411 1897 77 75 only
499 1897 65 75 two
581 1897 129 75 oblique
723 1897 152 75 proceffes
887 1897 40 75 of
937 1897 55 75 the
1005 1897 35 75 os
1052 1897 120 75 facrum
1185 1897 10 75 ;

167 1943 60 75 one
243 1943 144 75 ftanding
403 1943 57 75 out
476 1943 41 75 on
534 1943 78 75 each
628 1943 64 75 fide
708 1943 85 75 from
809 1943 56 75 the
880 1943 100 75 upper
996 1943 71 75 part
1084 1943 40 75 of
1141 1943 55 75 the

165 1988 65 75 firft
246 1988 94 75 bone.
436 1988 106 75 Their
558 1988 84 75 plain
659 1988 83 75 eredi
754 1988 138 75 furfaces
909 1988 70 75 face
996 1988 198 75 backwards,

164 2034 64 75 and
240 2034 53 75 are
310 2034 190 75 articulated
517 2034 80 75 with
622 2034 55 75 the
692 2034 135 75 inferior
843 2034 129 75 oblique
990 2034 154 75 proceffes
1160 2034 40 75 of

164 2082 56 75 the
231 2082 57 75 laft
304 2082 146 75 vertebra
462 2082 40 75 of
514 2082 55 75 the
586 2082 94 75 loins,
704 2082 36 75 to
755 2082 105 75 which
872 2082 79 75 each
968 2082 40 75 of
1017 2082 87 75 thefe
1120 2082 73 75 pro-

164 2127 94 75 ceffes
275 2127 27 75 is
319 2127 172 75 connedted
507 2127 44 75 by
566 2127 19 75 a
600 2127 106 75 ftrong
722 2127 164 75 ligament,
899 2127 106 75 which
1018 2127 74 75 rifes
1109 2127 84 75 from

164 2173 20 75 a
200 2173 147 75 fcabrous
365 2173 107 75 cavity
488 2173 103 75 round
608 2173 83 75 their
708 2173 101 75 roots,
834 2173 107 75 where
965 2173 228 75 mucilaginous

163 2219 111 75 glands
300 2219 53 75 are
376 2219 65 75 alfo
467 2219 306 75 lodged.—Inftead
801 2219 40 75 of
862 2219 55 75 the
945 2219 95 75 other
1062 2219 131 75 oblique

161 2265 155 75 proceffes
340 2265 40 75 of
402 2265 64 75 this
495 2265 93 75 bone,
612 2265 75 75 four
713 2265 103 75 rough
840 2265 158 75 tubercles
1026 2265 53 75 are
1102 2265 37 75 to
1154 2265 40 75 be

160 2311 73 75 feen
249 2311 42 75 on
308 2311 77 75 each
409 2311 63 75 fide
499 2311 40 75 of
559 2311 42 75 its
618 2311 122 75 furface
757 2311 130 75 behind,
912 2311 85 75 from
1013 2311 106 75 which
1136 2311 56 75 the

162 2330 6 104 ■
168 2356 48 75 mu
218 2356 105 75 feu!us
328 2356 101 75 facer
445 2356 57 75 has
519 2356 41 75 its
578 2356 115 75 origin-.

206 2403 76 75 The
305 2403 172 75 tranfverfe
493 2403 155 75 proceffes
664 2403 77 75 here
759 2403 52 75 are
836 2403 19 75 a
855 2385 9 49 1
864 2403 13 75 !
904 2403 110 75 grown
1043 2403 147 75 together

159 2449 69 75 into
238 2449 59 75 one
309 2449 88 75 large
413 2449 106 75 firong
535 2449 120 75 oblong
670 2449 123 75 procefs
810 2449 53 75 on'
863 2449 82 75 each
959 2449 62 75 fide
1033 2449 9 75 ;
1069 2449 119 75 which,

157 2496 35 75 fo
208 2496 50 75 far
274 2496 34 75 as
325 2496 25 75 it
368 2496 135 75 anfwers
521 2496 34 75 to
572 2496 56 75 the
644 2496 64 75 firft
720 2496 91 75 three
825 2496 111 75 bones,
953 2496 26 75 is
997 2496 77 75 very
1085 2496 102 75 thick,

156 2541 63 75 and
237 2541 130 75 divided
378 2541 69 75 into
463 2541 65 75 two
539 2541 155 75 irregular
709 2541 143 75 cavities,
869 2541 44 75 by
930 2541 18 75 a
962 2541 77 75 long
1054 2541 134 75 perpen-

155 2587 123 75 dicular
294 2587 102 75 ridge.
491 2587 77 75 The
585 2587 149 75 foremoft
761 2587 40 75 of
823 2587 56 75 the
901 2587 66 75 two
983 2587 129 75 cavities
1127 2587 58 75 has

158 2633 182 75 commonly
356 2633 19 75 a
390 2633 69 75 thin
477 2633 224 75 cartilaginous
718 2633 64 75 Ikin
800 2633 148 75 covering
964 2633 26 75 it
1006 2633 32 75 in
1066 2633 55 75 the
1137 2633 50 75 re-

155 2680 72 75 cent
244 2680 131 75 fubjedt,
401 2680 62 75 and
478 2680 27 75 is
523 2680 135 75 adapted
675 2680 35 75 to
726 2680 56 75 the
798 2680 138 75 unequal
954 2680 230 75 protuberance

155 2725 41 75 of
212 2725 56 75 the
292 2725 35 75 os
343 2725 101 75 ilium,
470 2725 61 75 and
549 2725 18 75 a
583 2725 106 75 ftrong
711 2725 151 75 ligament
884 2725 148 75 connedts
1047 2725 56 75 the
1120 2725 60 75 cir-

154 2772 199 75 cumference
369 2772 40 75 of
419 2772 86 75 thefe
521 2772 139 75 furfaces
678 2772 40 75 of
734 2772 57 75 the
817 2772 66 75 two
898 2772 111 75 bones.
1105 2772 76 75 The

151 2818 108 75 Cavity
273 2818 119 75 behind
406 2818 26 75 is
446 2818 133 75 divided
594 2818 44 75 by
654 2818 18 75 a
688 2818 173 75 tranfverfe
885 2818 91 75 ridge
1003 2818 69 75 into
1100 2818 78 75 two,

152 2863 107 75 where
274 2863 108 75 ftreng
403 2863 208 75 ligamentous
633 2863 111 75 firings
762 2863 70 75 that
848 2863 42 75 go
907 2863 84 75 from
1015 2863 63 75 this
1097 2863 82 75 bone

151 2909 35 75 to
203 2909 55 75 the
278 2909 35 75 os
336 2909 103 75 ilium,
457 2909 78 75 with
553 2909 17 75 a
588 2909 128 75 cellular
731 2909 162 75 fubftance
910 2909 180 75 containing
1108 2909 68 75 mu-

150 2954 68 75 cus,
244 2954 53 75 are
313 2954 129 75 lodged.

195 3002 78 75 The
291 3002 173 75 tranfverfe
478 3002 153 75 proceffes
656 3002 40 75 of
718 3002 55 75 the
796 3002 67 75 two
877 3002 58 75 laft
950 3002 99 75 bones
1065 3002 40 75 of
1120 3002 59 75 the

1355 165 38 75 O
1510 165 48 75 M
1675 165 55 75 Y.

2135 165 99 75 Part
2254 165 29 75 I.

1259 233 35 75 os
1317 233 123 75 facrum
1468 233 53 75 are
1548 233 96 75 much
1665 233 128 75 fmaller
1820 233 77 75 than
1926 233 55 75 the
2008 233 132 75 former.
2236 233 49 75 At

1260 280 84 75 their
1360 280 183 75 back-part,
1560 280 76 75 near
1652 280 85 75 their
1751 280 92 75 edge,
1870 280 17 75 a
1914 280 86 75 knob
2018 280 62 75 and
2095 280 119 75 oblong
2229 280 56 75 flat

1260 326 123 75 furface
1399 326 71 75 give
1487 326 59 75 rife
1569 326 34 75 to
1626 326 66 75 two
1718 326 108 75 ftrong
1851 326 167 75 ligaments
2034 326 105 75 which
2156 326 53 75 are
2226 326 58 75 ex-

1260 372 118 75 tended
1394 372 35 75 to
1445 372 56 75 the
1513 372 36 75 os
1561 372 134 75 ifehium
1707 372 11 75 ;
1745 372 63 75 and
1823 372 53 75 are
1892 372 160 75 therefore
2064 372 102 75 called
2171 372 114 75 facro-

1250 419 135 75 fciatic.

1304 465 76 75 The
1395 465 99 75 fpinal
1510 465 156 75 proceffes
1688 465 41 75 of
1751 465 55 75 the
1827 465 91 75 three
1941 465 178 75 uppermoft
2136 465 97 75 bones
2250 465 42 75 of

1258 510 55 75 the
1336 510 37 75 os
1400 510 124 75 facrum
1551 510 117 75 appear
1694 510 98 75 Ihort,
1824 510 103 75 lharp,
1963 510 62 75 and
2051 510 110 75 almoft
2188 510 95 75 eredt,

1257 557 96 75 while
1377 557 56 75 the
1449 557 66 75 two
1531 557 100 75 lower
1654 557 77 75 ones
1756 557 54 75 are
1837 557 81 75 open
1941 557 136 75 behind;
2105 557 63 75 and
2183 557 101 75 fome-

1258 603 92 75 times
1371 603 18 75 a
1403 603 84 75 little
1502 603 87 75 knob
1606 603 26 75 is
1655 603 36 75 to
1713 603 40 75 be
1776 603 71 75 feen
1870 603 42 75 on
1932 603 56 75 the
2012 603 122 75 fourth,
2159 603 124 75 though

1256 649 162 75 generally
1433 649 26 75 it
1475 649 26 75 is
1515 649 195 75 bifurcated,
1734 649 138 75 without
1896 649 55 75 the
1975 649 66 75 two
2062 649 68 75 legs
2146 649 140 75 meeting

1257 694 68 75 into
1342 694 19 75 a
1377 694 105 75 fpine;
1510 694 32 75 in
1562 694 105 75 which
1686 694 162 75 condition
1864 694 65 75 alfo
1946 694 56 75 the
2024 694 64 75 firft
2105 694 26 75 is
2147 694 90 75 often
2249 694 36 75 to

1257 741 38 75 be
1312 741 85 75 feen.
1445 741 77 75 The
1538 741 158 75 mufculus
1713 741 171 75 latiflimus,
1903 741 62 75 and
1980 741 190 75 longiffimus
2187 741 96 75 dorfi,

1256 787 251 75 facrolumbalis,
1532 787 63 75 and
1611 787 134 75 glutseus
1762 787 171 75 maximus,
1957 787 82 75 have
2055 787 71 75 part
2141 787 40 75 of
2197 787 87 75 their

1258 834 118 75 origins
1392 834 85 75 from
1494 834 88 75 thefe
1598 834 99 75 fpinal
1714 834 166 75 proceffes.

1303 879 76 75 The
1395 879 89 75 canal
1508 879 143 75 between
1676 879 56 75 the
1748 879 112 75 bodies
1887 879 63 75 and
1975 879 154 75 proceffes
2157 879 40 75 of
2218 879 64 75 this

1256 925 95 75 bone,
1377 925 52 75 for
1444 925 56 75 the
1516 925 101 75 cauda
1632 925 128 75 equina,
1784 925 27 75 is
1827 925 175 75 triangular
2016 925 10 75 ;
2057 925 62 75 and
2137 925 144 75 becomes

1256 971 125 75 fmaller
1405 971 33 75 as
1461 971 26 75 it
1514 971 164 75 defeends,
1704 971 33 75 as
1760 971 56 75 the
1833 971 100 75 cauda
1949 971 65 75 alfo
2030 971 89 75 does.
2215 971 65 75 Be-

1255 1018 63 75 low
1334 1018 56 75 the
1406 1018 89 75 third
1510 1018 95 75 bone,
1631 1018 63 75 this
1718 1018 124 75 paffage
1858 1018 27 75 is
1901 1018 42 75 no
1967 1018 89 75 more
2080 1018 18 75 a
2125 1018 156 75 complete

1255 1063 85 75 bony
1363 1063 101 75 canal,
1489 1063 59 75 but
1564 1063 26 75 is
1607 1063 82 75 open
1715 1063 143 75 behind;
1886 1063 63 75 and
1975 1063 26 75 is
2027 1063 76 75 only
2119 1063 90 75 there
2225 1063 56 75 de-

1254 1110 117 75 fended
1387 1110 43 75 by
1446 1110 19 75 a
1480 1110 106 75 ftrong
1601 1110 210 75 ligamentous
1827 1110 183 75 membrane
2031 1110 158 75 ftretched
2205 1110 77 75 over

1254 1155 38 75 it,
1317 1155 118 75 which,
1460 1155 79 75 with
1556 1155 56 75 the
1628 1155 133 75 mufcles
1783 1155 70 75 that
1873 1155 95 75 cover
1995 1155 37 75 it,
2054 1155 62 75 and
2132 1155 52 75 are
2200 1155 81 75 very

1253 1202 180 75 prominent
1450 1202 41 75 on
1508 1202 77 75 each
1611 1202 74 75 fide,
1710 1202 26 75 is
1757 1202 19 75 a
1802 1202 155 75 fufficient
1983 1202 133 75 defence
2140 1202 53 75 for
2220 1202 56 75 the

1252 1249 117 75 bundle
1387 1249 40 75 of
1437 1249 110 75 nerves
1564 1249 125 75 within.

1298 1294 48 75 At
1363 1294 55 75 the
1435 1294 73 75 root
1523 1294 40 75 of
1574 1294 77 75 each
1671 1294 131 75 oblique
1820 1294 123 75 procefs
1961 1294 40 75 of
2021 1294 62 75 this
2100 1294 95 75 bone,
2220 1294 59 75 the

1252 1341 96 75 notch
1364 1341 26 75 is
1408 1341 220 75 confpicuous,
1652 1341 43 75 by
1711 1341 118 75 which,
1855 1341 62 75 and
1933 1341 75 75 fuch
2025 1341 133 75 another
2173 1341 32 75 in
2222 1341 56 75 the

1250 1387 57 75 laft
1322 1387 148 75 vertebra
1486 1387 40 75 of
1536 1387 55 75 the
1607 1387 94 75 loins,
1720 1387 17 75 a
1748 1387 122 75 paffage
1886 1387 27 75 is
1929 1387 59 75 left
2000 1387 51 75 for
2067 1387 56 75 the
2139 1387 138 75 twenty-

1252 1433 110 75 fourth
1379 1433 99 75 fpinal
1506 1433 117 75 nerve;
1657 1433 74 75 and,
1762 1433 32 75 in
1827 1433 136 75 viewing
1990 1433 55 75 the
2072 1433 37 75 os
2140 1433 134 75 facrum,

1251 1479 103 75 either
1370 1479 111 75 before
1509 1479 37 75 or
1566 1479 129 75 behind,
1720 1479 74 75 four
1811 1479 86 75 large
1914 1479 89 75 holes
2020 1479 114 75 appear
2150 1479 31 75 in
2198 1479 77 75 each

1251 1526 74 75 fide,
1350 1526 32 75 in
1399 1526 94 75 much
1510 1526 56 75 the
1580 1526 85 75 fame
1685 1526 125 75 height.,
1834 1526 34 75 as
1896 1526 106 75 where
2028 1526 56 75 the
2110 1526 107 75 marks
2240 1526 41 75 of

1251 1572 55 75 the
1322 1572 96 75 union
1436 1572 40 75 of
1486 1572 41 75 its
1544 1572 233 75 feveral.bones
1794 1572 133 75 remain.
1977 1572 97 75 Some
2090 1572 40 75 of
2140 1572 56 75 the
2211 1572 65 75 lar-

1250 1618 66 75 geft
1333 1618 111 75 nerves
1461 1618 41 75 of
1515 1618 56 75 the
1587 1618 88 75 body
1693 1618 68 75 pafs
1777 1618 140 75 through
1934 1618 56 75 the
2006 1618 139 75 anterior
2159 1618 113 75 holes;

1250 1664 62 75 and
1328 1664 174 75 fuperficial
1520 1664 134 75 grooves
1679 1664 135 75 running
1841 1664 160 75 outwards
2028 1664 84 75 from
2137 1664 89 75 them
2240 1664 32 75 in

1246 1712 150 75 different
1407 1712 181 75 diredtions,
1605 1712 82 75 (hew
1703 1712 55 75 the
1771 1712 109 75 courfe
1896 1712 40 75 of
1947 1712 87 75 thefe
2050 1712 125 75 nerves.

1249 1756 96 75 From
1358 1756 54 75 the
1424 1756 152 75 intervals
1592 1756 40 75 of
1643 1756 87 75 thefe
1742 1756 149 75 grooves,
1915 1756 56 75 xhe
1982 1756 190 75 pyriformis
2188 1756 83 75 muf-

1248 1802 47 75 cle
1313 1802 114 75 chiefly
1444 1802 88 75 rifes.
1630 1802 75 75 The
1721 1802 90 75 holes
1828 1802 32 75 in
1877 1802 56 75 the
1958 1802 168 75 back-part
2143 1802 50 75 -of
2215 1802 55 75 the

1246 1848 83 75 bone
1346 1848 53 75 are
1415 1848 136 75 covered
1562 1848 44 75 by
1618 1848 196 75 membranes
1830 1848 105 75 which
1952 1848 95 75 allow
2057 1848 90 75 fmall
2159 1848 111 75 nerves

1245 1893 35 75 to
1295 1893 70 75 pafs
1382 1893 139 75 through
1541 1893 101 75 them.
1737 1893 77 75 The
1830 1893 66 75 two
1918 1893 178 75 uppermoft
2120 1893 41 75 of
2182 1893 88 75 thefe

1244 1939 102 75 holes,
1371 1939 167 75 efpecially
1554 1939 41 75 on
1619 1939 55 75 the
1691 1939 160 75 fore-fide,
1878 1939 53 75 are
1956 1939 54 75 the
2034 1939 134 75 largeft;
2207 1939 62 75 and

1245 1985 32 75 as
1294 1985 56 75 the
1366 1985 82 75 bone
1472 1985 164 75 defeerids,
1661 1985 57 75 the
1744 1985 90 75 holes
1862 1985 73 75 turn
1960 1985 137 75 fmaller.
2156 1985 112 75 Some-

1244 2032 91 75 times
1360 2032 18 75 a
1405 2032 97 75 notch
1525 2032 27 75 is
1569 2032 77 75 only
1672 2032 126 75 formed
1814 2032 32 75 at
1862 2032 55 75 the
1934 2032 99 75 lower
2055 2032 70 75 part
2141 2032 32 75 in
2190 2032 78 75 each

1242 2078 63 75 fide
1321 2078 40 75 of
1373 2078 63 75 this
1454 2078 103 75 bone;
1584 2078 63 75 and
1670 2078 31 75 in
1730 2078 95 75 other
1851 2078 133 75 fubjedts
2002 2078 90 75 there
2108 2078 26 75 is
2159 2078 18 75 a
2192 2078 76 75 hole

1240 2125 145 75 common
1405 2125 36 75 to
1468 2125 26 75 it
1521 2125 62 75 and
1605 2125 54 75 the
1676 2125 36 75 os
1733 2125 159 75 coccygis,
1919 2125 140 75 through
2082 2125 105 75 which
2211 2125 56 75 the

1241 2172 228 75 twenty-ninth
1487 2172 68 75 pair
1571 2172 39 75 of
1622 2172 95 75 fpinal
1736 2172 109 75 nerves
1861 2172 96 75 paffes
1972 2172 10 75 ;
2009 2172 62 75 and
2084 2172 184 75 frequently

1241 2217 18 75 a
1274 2217 86 75 bony
1376 2217 113 75 bridge
1504 2217 27 75 is
1549 2217 125 75 formed
1689 2217 41 75 on
1747 2217 56 75 the
1819 2217 168 75 back-part
2005 2217 41 75 of
2056 2217 76 75 each
2149 2217 62 75 fide
2223 2217 43 75 by

1241 2264 17 75 a
1281 2264 209 75 procefs.fent
1507 2264 41 75 up
1563 2264 85 75 from
1665 2264 56 75 the
1737 2264 169 75 back-part
1922 2264 40 75 of
1978 2264 55 75 the
2050 2264 35 75 os
2103 2264 159 75 coccygis,

1240 2310 63 75 and
1314 2310 111 75 joined
1441 2310 35 75 to
1492 2310 54 75 the
1563 2310 84 75 little
1670 2310 102 75 knobs
1788 2310 106 75 which
1910 2310 55 75 the
1981 2310 57 75 laft
2054 2310 81 75 bone
2151 2310 40 75 of
2208 2310 56 75 the

1239 2356 35 75 os
1291 2356 121 75 facrum
1429 2356 56 75 has
1501 2356 120 75 inftead
1647 2356 40 75 of
1709 2356 18 75 a
1754 2356 96 75 fpinal
1870 2356 139 75 procefs.
2058 2356 115 75 Under
2200 2356 63 75 this

1238 2403 112 75 bridge
1367 2403 36 75 or
1415 2403 125 75 jugum,
1566 2403 56 75 the
1638 2403 227 75 twenty-ninth
1888 2403 69 75 pair
1978 2403 40 75 of
2038 2403 97 75 fpinal
2151 2403 110 75 nerves

1238 2449 74 75 runs
1329 2449 31 75 in
1383 2449 40 75 its
1448 2449 108 75 courfe
1582 2449 35 75 to
1645 2449 55 75 the
1727 2449 146 75 common
1900 2449 91 75 holes
2018 2449 64 75 juft
2105 2449 73 75 now
2204 2449 56 75 de-

1235 2495 135 75 fcribed.

1281 2541 76 75 The
1373 2541 159 75 fubftance
1549 2541 41 75 of
1608 2541 55 75 the
1680 2541 35 75 os
1733 2541 120 75 facrum
1869 2541 27 75 is
1912 2541 80 75 very
2006 2541 132 75 fpongy,
2163 2541 96 75 with-

1233 2587 56 75 out
1305 2587 62 75 any
1383 2587 212 75 confiderable
1611 2587 80 75 folid
1708 2587 145 75 external
1881 2587 113 75 plates,
2020 2587 61 75 and
2097 2587 26 75 is
2140 2587 118 75 lighter

1233 2633 251 75 proportionally
1498 2633 36 75 to
1550 2633 40 75 its
1607 2633 80 75 bulk
1702 2633 76 75 than
1796 2633 65 75 any
1873 2633 93 75 other
1981 2633 82 75 bone
2079 2633 32 75 in
2128 2633 55 75 the
2199 2633 57 75 bo-

1231 2678 62 75 dy;
1321 2678 57 75 but
1394 2678 26 75 is
1436 2678 132 75 fecured
1584 2678 84 75 from
1696 2678 130 75 injuries
1854 2678 44 75 by
1925 2678 56 75 the
2006 2678 89 75 thick
2123 2678 133 75 mufdes

1230 2725 69 75 that
1324 2725 94 75 cover
1446 2725 26 75 it
1499 2725 131 75 behind,
1672 2725 62 75 and
1759 2725 43 75 by
1825 2725 55 75 the
1910 2725 107 75 ftrong
2043 2725 210 75 ligamentous

1228 2772 196 75 membranes
1441 2772 70 75 that
1528 2772 117 75 clofely
1662 2772 115 75 adhere
1794 2772 34 75 to
1850 2772 37 75 it.

1274 2819 85 75 This
1376 2819 83 75 bone
1474 2819 26 75 is
1518 2819 191 75 articulated
1725 2819 100 75 above
1849 2819 36 75 to
1902 2819 55 75 the
1973 2819 56 75 laft
2046 2819 146 75 vertebra
2219 2819 40 75 of

1227 2864 54 75 the
1307 2864 95 75 loins,
1427 2864 30 75 in
1486 2864 55 75 the
1565 2864 130 75 manner
1710 2864 69 75 that
1807 2864 55 75 the
1889 2864 125 75 lumbar
2029 2864 153 75 vertebrae
2199 2864 54 75 are

1223 2910 133 75 joined;
1376 2910 62 75 and
1454 2910 160 75 therefore
1630 2910 55 75 the
1698 2910 81 75 fame
1795 2910 140 75 motions
1952 2910 72 75 may
2040 2910 40 75 be
2096 2910 155 75 perform-

1225 2956 39 75 ed
1281 2956 87 75 here.
1464 2956 75 75 The
1556 2956 199 75 articulation
1773 2956 40 75 of
1819 2956 56 75 the
1891 2956 100 75 lower
2006 2956 71 75 part
2090 2956 40 75 of
2141 2956 55 75 the
2213 2956 36 75 os

1222 3004 122 75 facrum
1360 3004 36 75 to
1412 3004 54 75 the
1480 3004 38 75 os
1536 3004 145 75 coccygis
1697 3004 99 75 feems
1812 3004 74 75 well
1903 3004 125 75 enough
2045 3004 136 75 adapted
2197 3004 52 75 for

2100 3044 146 75 allowing
