2428 3377
122 151 100 75 Part
244 151 51 75 II.

680 150 40 75 A
832 150 45 75 N
991 150 43 75 A
1146 150 42 75 T

326 269 306 75 TRICEPS
672 269 279 75 PRIMUS.

169 347 119 75 This,
313 347 80 75 with
410 347 54 75 the
482 347 67 75 two
564 347 167 75 following
752 347 150 75 tricipital
929 347 146 75 mufcles,
1101 347 53 75 are

122 393 97 75 flefny
237 393 62 75 and
317 393 68 75 flat,
404 393 62 75 and
483 393 41 75 of
533 393 151 75 different
699 393 141 75 lengths,
857 393 136 75 fituated
1010 393 144 75 between

120 440 55 75 the
202 440 36 75 os
262 440 92 75 pubis
381 440 62 75 and
466 440 56 75 the
544 440 106 75 whole
667 440 111 75 length
800 440 41 75 of
862 440 56 75 the
942 440 37 75 os
1007 440 144 75 femoris.

117 485 78 75 The
211 485 65 75 firft
293 485 63 75 and
370 485 119 75 fecond
505 485 84 75 crofs
608 485 80 75 each
704 485 94 75 other
813 485 32 75 in
868 485 76 75 fuch
973 485 18 75 a
1007 485 143 75 manner,

120 532 33 75 as
170 532 70 75 that
260 532 56 75 the
339 532 131 75 mufcle,
496 532 106 75 which
619 532 26 75 is
662 532 56 75 the
743 532 63 75 firfl:
832 532 41 75 on
901 532 56 75 the
982 532 38 75 os
1044 532 105 75 pubis,

106 578 4 75 .
117 578 147 75 becomes
281 578 56 75 the
356 578 116 75 fecond
495 578 41 75 on
561 578 55 75 the
643 578 37 75 os
708 578 150 75 femoris;
885 578 64 75 and
964 578 55 75 the
1035 578 116 75 fecond

118 624 40 75 on
176 624 55 75 the
248 624 35 75 os
296 624 105 75 pubis,
419 624 26 75 is
457 624 56 75 the
525 624 65 75 firft
605 624 41 75 on
665 624 55 75 the
732 624 35 75 os
780 624 144 75 femoris.
972 624 77 75 The
1060 624 91 75 third

118 671 117 75 mufcle
251 671 97 75 keeps
366 671 41 75 its
424 671 91 75 rank.

162 718 77 75 The
257 718 116 75 triceps
396 718 120 75 primus
532 718 26 75 is
575 718 89 75 fixed
688 718 101 75 above
813 718 44 75 by
877 718 18 75 a
917 718 87 75 ftiort
1028 718 120 75 tendon

116 764 35 75 to
167 764 56 75 the
240 764 173 75 tuberofity
430 764 37 75 or
483 764 87 75 fpine
597 764 41 75 of
660 764 55 75 the
743 764 35 75 os
807 764 105 75 pubis,
940 764 61 75 and
1028 764 36 75 to
1091 764 57 75 the

114 808 233 75 neighbouring
363 808 71 75 part
461 808 40 75 of
522 808 56 75 the
606 808 185 75 fymphyfis,
817 808 41 75 its
877 808 95 75 fibres
989 808 124 75 mixing
1129 808 20 75 a

114 856 20 75 a
148 856 85 75 little
249 856 79 75 with
344 856 92 75 thofe
451 856 41 75 of
503 856 56 75 the
575 856 173 75 peftineus.
797 856 98 75 From
908 856 113 75 thence
1033 856 27 75 it
1071 856 76 75 runs

115 903 107 75 down,
247 903 172 75 increafing
435 903 32 75 in
483 903 149 75 breadth,
658 903 62 75 and
736 903 26 75 is
779 903 139 75 inferted
934 903 42 75 by
997 903 96 75 flefliy
1109 903 37 75 fi-

114 950 73 75 bres
203 950 168 75 interiorly
385 950 34 75 in
443 950 56 75 the
515 950 120 75 middle
652 950 128 75 portion
806 950 41 75 of
865 950 56 75 the
937 950 85 75 linea
1045 950 101 75 femo-

114 995 43 75 ris
179 995 119 75 afpera.

159 1042 49 75 At
224 1042 55 75 the
301 1042 101 75 lower
418 1042 73 75 part
506 1042 41 75 of
569 1042 63 75 this
660 1042 166 75 infertion,
851 1042 20 75 a
887 1042 127 75 portion
1038 1042 41 75 of
1089 1042 55 75 the

112 1089 117 75 mufcle
243 1089 158 75 feparates
418 1089 85 75 from
519 1089 56 75 the
595 1089 73 75 reft,
695 1089 62 75 and
773 1089 92 75 fends
886 1089 52 75 off
948 1089 20 75 a
982 1089 77 75 long
1075 1089 68 75 ten-

113 1134 76 75 don,
215 1134 117 75 which,
350 1134 150 75 together
515 1134 77 75 with
612 1134 18 75 a
645 1134 64 75 like
722 1134 119 75 tendon
858 1134 85 75 from
956 1134 54 75 the
1026 1134 117 75 triceps

112 1181 125 75 tertius,
263 1181 26 75 is
306 1181 137 75 inferted
459 1181 33 75 in
508 1181 55 75 the
579 1181 91 75 inner
685 1181 136 75 condyle
838 1181 40 75 of
896 1181 56 75 the
968 1181 177 75 extremity

111 1227 39 75 of
168 1227 57 75 the
248 1227 37 75 os
311 1227 145 75 femoris.

263 1329 300 75 TRICEPS
605 1329 383 75 SECUNDUS.

158 1408 102 75 This
277 1408 117 75 mufcle
419 1408 26 75 is
469 1408 89 75 fixed
582 1408 100 75 above
707 1408 47 75 by
776 1408 96 75 fleftiy
896 1408 107 75 fibres,
1034 1408 106 75 below

110 1454 55 75 the
181 1454 141 75 fuperior
348 1454 152 75 infertion
523 1454 40 75 of
577 1454 55 75 the
660 1454 117 75 triceps
804 1454 134 75 primus*
962 1454 32 75 in
1015 1454 43 75 all
1083 1454 56 75 the

111 1500 120 75 outfide
258 1500 42 75 of
320 1500 56 75 the
392 1500 133 75 inferior
541 1500 104 75 ramus
662 1500 41 75 of
720 1500 55 75 the
792 1500 35 75 os
845 1500 104 75 pubis,
974 1500 33 75 as
1024 1500 64 75 low
1105 1500 33 75 as

110 1545 56 75 the
182 1545 143 75 foramen
340 1545 105 75 ovale,
461 1545 58 75 but
535 1545 119 75 feldom
666 1545 109 75 folow
791 1545 34 75 as
833 1545 64 75 -the
913 1545 105 75 ramus
1035 1545 40 75 of
1082 1545 55 75 the

110 1592 35 75 os
167 1592 145 75 ifchium.

157 1639 98 75 From
271 1639 115 75 thence
402 1639 26 75 it
443 1639 74 75 runs
531 1639 106 75 down,
656 1639 62 75 and
729 1639 27 75 is
768 1639 137 75 inferted
920 1639 32 75 in
970 1639 56 75 the
1036 1639 101 75 upper

108 1683 72 75 part
199 1683 40 75 of
250 1683 55 75 the
322 1683 84 75 linea
421 1683 120 75 afnera,
568 1683 143 75 between
727 1683 56 75 the
807 1683 159 75 peftineus
991 1683 62 75 and
1077 1683 59 75 tri-

109 1731 72 75 ceps
198 1731 132 75 primus,
355 1731 123 75 mixing
495 1731 18 75 a
525 1731 85 75 little
626 1731 80 75 with
722 1731 77 75 each
816 1731 40 75 of
867 1731 87 75 thefe
974 1731 145 75 mufcles.

295 1847 299 75 TRICEPS
629 1847 325 75 T^RTIUS.

151 1925 103 75 This
274 1925 117 75 mufcle
407 1925 27 75 is
452 1925 87 75 fixed
556 1925 100 75 above
672 1925 44 75 by
731 1925 97 75 flelhy
844 1925 94 75 fibres
955 1925 35 75 to
1006 1925 55 75 the
1078 1925 54 75 an-

104 1970 98 75 terior
222 1970 71 75 part
309 1970 40 75 of
363 1970 43 75 all
422 1970 56 75 the
495 1970 84 75 fliort
596 1970 105 75 ramus
718 1970 41 75 of
777 1970 55 75 the
847 1970 146 75 ifchium,
1019 1970 62 75 and
1097 1970 35 75 to

105 2017 18 75 a
138 2017 88 75 fmall
245 2017 71 75 part
331 2017 40 75 of
383 2017 55 75 the
450 2017 174 75 tuberofrty
640 2017 39 75 of
691 2017 70 75 that
778 2017 95 75 bone.

151 2064 97 75 From
264 2064 114 75 thence
393 2064 28 75 it
437 2064 74 75 runs
527 2064 107 75 down,
660 2064 63 75 and
749 2064 26 75 is
803 2064 139 75 inferted
966 2064 44 75 by
1033 2064 99 75 flefliy

103 2108 94 75 fibres
214 2108 32 75 in
262 2108 55 75 the
334 2108 83 75 linea
433 2108 119 75 afpera,
577 2108 111 75 almoft
708 2108 84 75 from
809 2108 55 75 the
879 2108 84 75 little
980 2108 149 75 trochan-

102 2154 61 75 ter,
189 2154 94 75 down
299 2154 34 75 to
345 2154 56 75 the
413 2154 119 75 middle
549 2154 108 75 of*the
673 2154 35 75 os
724 2154 145 75 femoris.
918 2154 32 75 It
963 2154 75 75 goes
1050 2154 79 75 low-

102 2200 36 75 er
148 2200 96 75 down
260 2200 78 75 than
353 2200 55 75 the
425 2200 63 75 firft
505 2200 128 75 triceps,
658 2200 130 75 fending
804 2200 52 75 off
868 2200 18 75 a
901 2200 142 75 feparate
1054 2200 75 75 por-

102 2246 66 75 tion
182 2246 64 75 like
258 2246 71 75 that
349 2246 41 75 of
401 2246 55 75 the
476 2246 116 75 mufcle
603 2246 58 75 laft
674 2246 197 75 mentioned.

147 2293 109 75 Thefe
278 2293 65 75 two
370 2293 144 75 portions
531 2293 70 75 join
625 2293 161 75 together,
812 2293 63 75 and
891 2293 84 75 form
999 2293 18 75 a
1042 2293 86 75 com-

100 2339 76 75 mon
188 2339 132 75 tendon,
338 2339 118 75 which,
474 2339 136 75 running
626 2339 95 75 down
737 2339 36 75 to
789 2339 55 75 the
861 2339 100 75 lower
976 2339 151 75 extremi-

82 2385 8 75 -
99 2385 38 75 ty
152 2385 40 75 of
203 2385 55 75 the
273 2385 36 75 os
326 2385 143 75 femoris,
493 2385 26 75 is
536 2385 138 75 inferted
689 2385 34 75 in
741 2385 60 75 .the
817 2385 82 75 back
914 2385 72 75 part
1009 2385 40 75 of
1070 2385 57 75 the

100 2432 175 75 tuberofity
289 2432 42 75 of
341 2432 54 75 the
411 2432 90 75 inner
516 2432 149 75 condyle.

161 2542 898 75 PYRIFORMISPYRAMIDALIS.

144 2618 102 75 This
267 2618 26 75 is
311 2618 18 75 a
343 2618 91 75 fmall
451 2618 117 75 oblong
583 2618 130 75 mufcle,
737 2618 41 75 of
794 2618 56 75 the
865 2618 100 75 figure
981 2618 41 75 of
1033 2618 18 75 a
1066 2618 56 75 flat

98 2665 75 75 pear
188 2665 38 75 or
242 2665 158 75 pyramid,
425 2665 85 75 from
531 2665 129 75 whence
684 2665 25 75 it
736 2665 57 75 has
817 2665 42 75 its
885 2665 105 75 name.
1045 2665 31 75 It
1092 2665 28 75 is

97 2711 133 75 fituated
257 2711 110 75 almoft
394 2711 218 75 tranfverfely,
638 2711 143 75 between
797 2711 55 75 the
868 2711 36 75 os
920 2711 122 75 facrum
1059 2711 62 75 and

97 2757 144 75 ifchium,
266 2757 94 75 being
376 2757 135 75 covered
527 2757 62 75 and
604 2757 57 75 hid
676 2757 43 75 by
735 2757 55 75 the
807 2757 63 75 firft
881 2757 70 75 two
967 2757 120 75 glutaei.

144 2802 30 75 It
191 2802 26 75 is
235 2802 87 75 fixed
338 2802 35 75 to
385 2802 56 75 the
456 2802 130 75 inferior
600 2802 114 75 lateral
726 2802 72 75 part
809 2802 39 75 of
859 2802 56 75 the
931 2802 36 75 os
984 2802 133 75 facrum,

96 2849 45 75 by
156 2849 96 75 flefliy
267 2849 106 75 fibres,
399 2849 63 75 and
477 2849 35 75 to
531 2849 55 75 the
602 2849 252 75 neighbouring'
854 2849 71 75 part
940 2849 41 75 of
992 2849 54 75 the
1066 2849 55 75 an-

96 2894 99 75 terior
210 2894 38 75 or
263 2894 137 75 concave
416 2894 62 75 fide
499 2894 40 75 of
557 2894 69 75 that
651 2894 95 75 bone,
771 2894 43 75 by
829 2894 90 75 three
935 2894 185 75 digitations

94 2940 90 75 lying
198 2940 144 75 between
358 2940 56 75 the
430 2940 139 75 anterior
583 2940 103 75 holes.
734 2940 34 75 It
784 2940 26 75 is
825 2940 140 75 likewife
976 2940 89 75 fixed
1076 2940 43 75 by

142 2987 100 75 Vol.
267 2987 30 75 I.
345 2987 72 75 No.
443 2987 34 75 9.

1052 2987 18 75 3

1307 145 39 75 O
1462 145 49 75 M
1631 145 53 75 Y.

2156 145 79 75 235

1211 215 18 75 a
1245 215 88 75 fmall
1350 215 150 75 infertion
1524 215 35 75 to
1583 215 56 75 the
1665 215 209 75 ligarnentum
1895 215 265 75 facro-fci&ticum
2178 215 63 75 and

1206 262 79 75 edge
1303 262 39 75 of
1354 262 55 75 the
1426 262 91 75 great
1534 262 81 75 finus
1632 262 40 75 of
1684 262 55 75 the
1758 262 37 75 cs
1812 262 102 75 ilium.
1938 262 6 75 '

1252 307 97 75 From
1366 307 114 75 thence
1497 307 24 75 it
1539 307 76 75 runs
1632 307 208 75 tranfverfely
1856 307 140 75 towards
2021 307 56 75 the
2101 307 86 75 joint
2202 307 41 75 of

1203 355 56 75 the
1276 355 67 75 hip,
1369 355 40 75 its
1425 355 95 75 fibres
1544 355 196 75 contrading
1765 355 32 75 in
1822 355 149 75 breadth,
1997 355 63 75 and
2075 355 77 75 ends
2170 355 32 75 in
2218 355 20 75 a

1202 400 90 75 fmall
1308 400 132 75 tendon,
1458 400 105 75 which
1580 400 27 75 is
1623 400 138 75 inferted
1775 400 31 75 in
1819 400 55 75 the
1887 400 121 75 middle
2020 400 40 75 of
2072 400 53 75 the
2137 400 99 75 inter-

1201 447 52 75 nal
1271 447 122 75 labium
1414 447 41 75 of
1472 447 55 75 the
1546 447 99 75 upper
1669 447 82 75 edge
1778 447 42 75 of
1836 447 55 75 the
1918 447 91 75 great
2034 447 198 75 trochanter,

1202 494 41 75 by
1259 494 68 75 two
1344 494 38 75 or
1403 494 89 75 three
1510 494 166 75 branches.

1292 611 432 75 OBTURATOR
1760 611 218 75 INTER
1995 611 142 75 NUS.

1244 680 101 75 This
1363 680 27 75 is
1409 680 18 75 a
1442 680 56 75 flat
1526 680 131 75 mufcle,
1681 680 113 75 almoft
1822 680 188 75 triangular,
2036 680 136 75 fituated
2197 680 34 75 in

1198 725 54 75 the
1270 725 127 75 bottom
1413 725 40 75 of
1464 725 55 75 the
1538 725 113 75 pelvis.
1701 725 32 75 It
1750 725 111 75 covers
1879 725 55 75 the
1961 725 147 75 forameri
2124 725 104 75 ovale,

1198 771 62 75 and
1276 771 110 75 almoft
1403 771 42 75 all
1463 771 55 75 the
1534 771 97 75 infide
1647 771 41 75 of
1700 771 55 75 the
1771 771 36 75 os
1825 771 92 75 pubis
1935 771 62 75 and
2012 771 145 75 ifchium.

1245 818 31 75 It
1297 818 27 75 is
1342 818 86 75 fixed
1451 818 35 75 to
1508 818 55 75 the
1591 818 136 75 internal
1751 818 119 75 labium
1894 818 40 75 of
1950 818 41 75 all
2016 818 55 75 the
2088 818 143 75 anterior

1196 863 74 75 half
1282 863 40 75 of
1332 863 56 75 the
1405 863 145 75 foramen
1566 863 104 75 ovale,
1696 863 18 75 a
1737 863 86 75 little
1851 863 36 75 to
1915 863 55 75 the
1998 863 232 75 neighbouring

1197 911 70 75 part
1284 911 39 75 of
1337 911 53 75 the
1406 911 171 75 obturator
1594 911 151 75 ligament
1754 911 7 75 ,
1761 911 8 75 ;
1799 911 62 75 and
1877 911 65 75 alfo
1957 911 79 75 both
2049 911 101 75 above
2166 911 77 75 and*

1195 956 104 75 below
1316 956 55 75 the
1391 956 156 75 foramen.
1580 956 32 75 It
1624 956 27 75 is
1663 956 139 75 likewife
1818 956 90 75 fixed,
1923 956 35 75 to
1975 956 56 75 the
2047 956 100 75 upper
2157 956 76 75 half

1195 1004 40 75 of
1245 1004 55 75 the
1316 1004 97 75 infide
1440 1004 41 75 of
1502 1004 56 75 the
1574 1004 36 75 6s
1626 1004 134 75 ifchium
1784 1004 84 75 from
1895 1004 56 75 the
1979 1004 99 75 upper
2094 1004 132 75 oblique

1195 1050 96 75 notch
1311 1050 32 75 in
1372 1050 55 75 the
1455 1050 143 75 foramen
1618 1050 105 75 ovale,
1749 1050 34 75 to
1800 1050 55 75 the
1871 1050 141 75 fuperior
2027 1050 73 75 part
2118 1050 40 75 of
2169 1050 57 75 the

1193 1096 91 75 great
1301 1096 154 75 pofterior
1471 1096 80 75 finus
1568 1096 41 75 of
1620 1096 54 75 the
1692 1096 35 75 os
1743 1096 103 75 ilium.

1241 1142 97 75 From
1356 1142 43 75 all
1427 1142 64 75 this
1516 1142 112 75 extent
1656 1142 56 75 the
1728 1142 96 75 flefhy
1840 1142 107 75 fibres,
1976 1142 198 75 contra<5ting
2190 1142 33 75 in

1193 1188 147 75 breadth,
1377 1188 58 75 run
1468 1188 96 75 down
1592 1188 105 75 below
1731 1188 55 75 the
1813 1188 87 75 fpine
1928 1188 41 75 of
1990 1188 56 75 the
2073 1188 148 75 ifchium,

1192 1236 106 75 where
1316 1236 77 75 they
1417 1236 42 75 go
1478 1236 58 75 out
1556 1236 40 75 of
1613 1236 55 75 the
1688 1236 99 75 pelvis
1816 1236 139 75 through
1984 1236 56 75 the
2068 1236 155 75 pofterior

1192 1282 97 75 notch
1306 1282 41 75 of
1358 1282 55 75 the
1432 1282 145 75 ifchium,
1603 1282 62 75 and
1681 1282 188 75 afterwards
1887 1282 87 75 unite
1994 1282 34 75 in
2037 1282 5 75 ,
2052 1282 62 75 one
2131 1282 92 75 large

1190 1328 55 75 flat
1262 1328 131 75 tendon,
1418 1328 106 75 which
1542 1328 131 75 crofting
1690 1328 77 75 over
1782 1328 72 75 that
1879 1328 40 75 of
1937 1328 56 75 the
2018 1328 200 75 pyriformis,

1190 1374 103 75 unites
1310 1374 78 75 with
1412 1374 39 75 it,
1476 1374 118 75 having
1621 1374 65 75 firft
1707 1374 148 75 received
1881 1374 43 75 on
1951 1374 80 75 each
2055 1374 63 75 fide
2135 1374 86 75 fome

1189 1420 174 75 additional
1388 1420 97 75 flefli^
1512 1420 94 75 fibres
1623 1420 86 75 from
1725 1420 55 75 the
1797 1420 67 75 two
1881 1420 139 75 gemelii.

1533 1535 336 75 GEMELLI.

1233 1611 129 75 These
1390 1611 53 75 are
1459 1611 35 75 to
1517 1611 67 75 two
1607 1611 103 75 fmall,
1734 1611 69 75 flat,
1829 1611 125 75 narrow
1971 1611 145 75 mufcles,
2141 1611 73 75 fitu-

1187 1658 74 75 ated
1277 1658 110 75 almoft
1410 1658 208 75 tranfverfely
1644 1658 62 75 one
1729 1658 100 75 above
1847 1658 65 75 jhe
1939 1658 106 75 other,
2070 1658 146 75 between

1187 1704 54 75 the
1258 1704 173 75 tuberofity
1453 1704 41 75 of
1509 1704 56 75 the
1586 1704 133 75 ifchium
1747 1704 63 75 and
1836 1704 55 75 the
1907 1704 92 75 great
2014 1704 198 75 trochanter,

1185 1750 217 75 immediately
1426 1750 105 75 below
1556 1750 54 75 the
1634 1750 197 75 pyriformis,
1856 1750 65 75 and
1948 1750 112 75 parted
2088 1750 43 75 by
2158 1750 56 75 the

1185 1797 119 75 tendon
1320 1797 41 75 of
1372 1797 54 75 the
1443 1797 169 75 obturator
1628 1797 102 75 intern
1733 1797 51 75 us.

1230 1843 77 75 The
1334 1843 141 75 fuperior
1503 1843 63 75 and
1592 1843 134 75 fmalleft
1751 1843 153 75 gemellus
1930 1843 26 75 is
1984 1843 89 75 fixed
2096 1843 35 75 to
2155 1843 56 75 the

1182 1889 102 75 lower
1299 1889 71 75 part
1386 1889 40 75 of
1443 1889 56 75 the
1522 1889 85 75 fpine
1625 1889 39 75 of
1682 1889 57 75 the
1755 1889 144 75 ifchium,
1925 1889 35 75 to
1989 1889 54 75 the
2070 1889 141 75 fupenor

1184 1935 71 75 part
1271 1935 41 75 of
1321 1935 56 75 the
1393 1935 90 75 fmail
1499 1935 141 75 ifchiatic
1668 1935 110 75 notch,
1804 1935 63 75 and
1894 1935 35 75 to
1956 1935 20 75 a
2002 1935 103 75 rough
2131 1935 76 75 line,

1183 1982 105 75 which
1305 1982 75 75 runs
1398 1982 89 75 crpfs
1500 1982 55 75 the
1583 1982 119 75 outfide
1730 1982 40 75 of
1792 1982 55 75 the
1868 1982 147 75 ifehium,
2039 1982 172 75 beginning

1182 2028 85 75 from
1294 2028 55 75 the
1373 2028 99 75 fpine,
1503 2028 61 75 and
1590 2028 171 75 continued
1785 2028 100 75 under
1913 2028 56 75 the
1996 2028 212 75 acetabulum,

1181 2075 107 75 where
1303 2075 26 75 it
1346 2075 27 75 is
1390 2075 76 75 bent
1482 2075 198 75 downward.

1227 2121 77 75 The
1318 2121 133 75 inferior
1466 2121 62 75 and
1550 2121 114 75 largeft
1680 2121 153 75 gemellus
1856 2121 28 75 is
1908 2121 88 75 fixed
2019 2121 35 75 to
2076 2121 57 75 the
2156 2121 50 75 fu-

1180 2166 106 75 perior
1301 2166 65 75 and
1392 2166 81 75 back
1500 2166 70 75 part
1594 2166 40 75 of
1656 2166 56 75 the
1739 2166 173 75 tuberofity
1928 2166 40 75 of
1990 2166 54 75 the
2059 2166 146 75 ifchium,

1180 2213 62 75 and
1257 2213 36 75 to
1309 2213 18 75 a
1344 2213 102 75 rough
1462 2213 175 75 impreflion
1653 2213 106 75 which
1787 2213 74 75 runs
1889 2213 85 75 crofs
2002 2213 55 75 the
2085 2213 122 75 outfide

1180 2258 40 75 of
1241 2258 55 75 the
1312 2258 130 75 ifchium
1455 2258 93 75 ffrom
1564 2258 57 75 the
1637 2258 99 75 lower
1752 2258 173 75 extremity
1942 2258 40 75 of
1993 2258 55 75 the
2064 2258 142 75 ifchiatic

1179 2304 108 75 notch,
1313 2304 62 75 and
1397 2304 27 75 is
1449 2304 77 75 bent
1549 2304 132 75 upward
1708 2304 127 75 toward
1857 2304 54 75 the
1938 2304 94 75 other
2052 2304 76 75 line,
2154 2304 51 75 to-

1176 2351 113 75 gether
1315 2351 80 75 with
1417 2351 106 75 which
1550 2351 28 75 it
1604 2351 100 75 forms
1732 2351 19 75 a
1776 2351 67 75 fort
1868 2351 41 75 of
1930 2351 156 75 irregular
2110 2351 93 75 femi-

1178 2397 107 75 circle.

1225 2443 87 75 Both
1329 2443 87 75 thefe
1439 2443 131 75 mufcles
1587 2443 80 75 have
1684 2443 138 75 likewife
1849 2443 19 75 a
1895 2443 90 75 fmall
2002 2443 149 75 infertion
2168 2443 34 75 in

1175 2490 55 75 the
1247 2490 95 75 infide
1359 2490 40 75 of
1409 2490 55 75 the
1480 2490 144 75 ifchium,
1657 2490 119 75 where,
1803 2490 93 75 being
1915 2490 112 75 united
2052 2490 150 75 together

1175 2536 43 75 by
1234 2536 18 75 a
1270 2536 170 75 particular
1455 2536 193 75 membrane,
1672 2536 61 75 one
1753 2536 40 75 of
1811 2536 88 75 them
1913 2536 85 75 joins
2023 2536 55 75 the
2102 2536 99 75 upper

1174 2582 74 75 fide,
1272 2582 62 75 and
1350 2582 55 75 the
1418 2582 97 75 other
1530 2582 55 75 the
1601 2582 99 75 lower
1715 2582 64 75 fide
1795 2582 40 75 of
1846 2582 55 75 the
1917 2582 168 75 obturator
2100 2582 101 75 inter-

1172 2627 71 75 nus,
1269 2627 18 75 a
1299 2627 85 75 little
1400 2627 84 75 after
1510 2627 27 75 it
1559 2627 57 75 has
1645 2627 104 75 paffed
1776 2627 76 75 over
1879 2627 56 75 the
1956 2627 116 75 notch:
2099 2627 100 75 They

1171 2673 117 75 inclofe
1303 2673 25 75 it
1349 2673 33 75 as
1399 2673 33 75 in
1461 2673 18 75 a
1505 2673 74 75 bag,
1604 2673 63 75 and
1683 2673 148 75 continue
1848 2673 35 75 to
1900 2673 39 75 be
1955 2673 89 75 fixed
2062 2673 34 75 to
2111 2673 26 75 it
2154 2673 44 75 by

1171 2720 95 75 fleftiy
1282 2720 94 75 fibres
1393 2720 42 75 all
1451 2720 65 75 the'
1516 2720 77 75 way
1612 2720 35 75 to
1665 2720 42 75 its
1726 2720 188 75 extremity.

1265 2824 417 75 OBTURATOR
1717 2824 382 75 EXTERNUS.

1216 2905 99 75 This
1333 2905 25 75 is
1378 2905 17 75 a
1412 2905 87 75 fmall
1517 2905 58 75 flat
1589 2905 140 75 tnufcle,-
1743 2905 107 75 which
1873 2905 64 75 fills
1965 2905 43 75 up
2031 2905 56 75 the
2106 2905 86 75 fora-

1170 2952 71 75 men
1254 2952 90 75 ovale
1361 2952 40 75 of
1410 2952 55 75 the
1485 2952 35 75 os
1536 2952 231 75 innominatum
1783 2952 188 75 exteriorly,
1990 2952 63 75 and
2062 2952 131 75 reaches

1643 2997 16 75 3
1691 2997 25 75 F

2106 2997 86 75 from
