2493 3387
769 173 997 75 ASTRONOMY.

269 237 96 75 Frorp
382 237 55 75 the
454 237 127 75 Ihifting
597 237 39 75 of
657 237 54 75 the
727 237 191 75 equinp&ial
941 237 118 75 points,
1084 237 64 75 and
1170 237 80 75 with

223 283 86 75 them
327 283 41 75 all
392 283 57 75 the
465 283 80 75 figns
569 283 40 75 of
627 283 55 75 the
698 283 139 75 ecliptic,
862 283 27 75 it
909 283 139 75 follows,
1073 283 71 75 that
1161 283 89 75 thofe

223 329 75 75 liars
317 329 116 75 which,
459 329 32 75 in
508 329 54 75 the
579 329 130 75 Infancy
725 329 40 75 of
784 329 190 75 aflronomy,
1001 329 84 75 were
1096 329 32 75 in
1142 329 108 75 Aries,

223 376 52 75 are
293 376 72 75 now
382 376 56 75 got
454 376 69 75 into
539 376 129 75 Taurus
681 376 9 75 ;
718 376 91 75 thofe
821 376 40 75 of
871 376 129 75 Taurus
1018 376 69 75 into
1104 376 146 75 Gemini,

223 423 27 75 6
258 423 27 75 c.
335 423 112 75 Hence
464 423 137 75 likewife
619 423 25 75 it
667 423 40 75 is,
733 423 72 75 that
821 423 55 75 the
893 423 76 75 flats
992 423 104 75 which
1122 423 69 75 rofe
1214 423 38 75 or

220 468 46 75 let
283 468 32 75 at
331 468 62 75 any
410 468 171 75 particular
597 468 105 75 feafon
720 468 40 75 of
780 468 54 75 the
849 468 89 75 year,
963 468 33 75 in
1020 468 55 75 the
1102 468 91 75 times
1217 468 41 75 of

221 516 131 75 Heftod,
378 516 184 75 Eudoxius,
587 516 119 75 Virgil,
731 516 108 75 Pliny,
865 516 66 75 6c.
955 516 45 75 by
1011 516 41 75 no
1069 516 107 75 means
1199 516 55 75 an-

220 561 78 75 fwer
315 561 32 75 at
364 561 61 75 this
452 561 77 75 time
553 561 33 75 to
610 561 85 75 their
710 561 221 75 defcriptions.
979 561 78 75 The
1078 561 173 75 preceding

220 608 85 75 table
316 608 99 75 fhews
427 608 55 75 the
499 608 148 75 quantity
663 608 40 75 of
723 608 63 75 this
810 608 129 75 fhifting
955 608 79 75 both
1051 608 32 75 in
1101 608 55 75 the
1173 608 75 75 hea-

220 655 74 75 vens
323 655 63 75 and
412 655 41 75 on
477 655 56 75 the
561 655 103 75 earth,
698 655 52 75 for
778 655 62 75 any
867 655 139 75 nnmber,
1026 655 42 75 of
1093 655 91 75 years
1212 655 36 75 to

222 703 140 75 25,920,
396 703 106 75 which
532 703 173 75 compleats
733 703 55 75 the
818 703 102 75 grand
946 703 135 75 celeftial
1114 703 131 75 period;

221 749 111 75 within
349 749 104 75 which
470 749 62 75 any
547 749 134 75 number
697 749 64 75 and
775 749 42 75 its
830 749 149 75 quantity
990 749 27 75 is
1029 749 94 75 eafily
1134 749 113 75 found.

1299 238 32 75 as
1348 238 32 75 in
1396 238 55 75 the
1469 238 165 75 following
1650 238 159 75 example,
1835 238 51 75 for
1906 238 87 75 5763
2013 238 113 75 years;
2152 238 119 75 which,
2296 238 34 75 at

1298 285 55 75 the
1370 285 162 75 autumnal
1544 285 155 75 equinox,
1727 285 44 75 A.
1790 285 50 75 D.
1863 285 99 75 1756,
1980 285 26 75 is
2018 285 140 75 thought
2173 285 36 75 to
2221 285 39 75 be
2273 285 56 75 the

1300 332 57 75 age
1382 332 40 75 of
1441 332 56 75 the
1521 332 115 75 world.
1691 332 46 75 So
1761 332 70 75 that
1855 332 80 75 with
1961 332 116 75 regard
2103 332 34 75 to
2159 332 57 75 the
2240 332 90 75 fixed

1299 379 88 75 ftars,
1413 379 56 75 the
1484 379 191 75 equino&ial
1693 379 106 75 points
1815 379 31 75 in
1863 379 56 75 the
1937 379 137 75 heavens
2096 379 82 75 have
2194 379 137 75 receded

1302 426 17 75 2
1319 408 18 49 s
1360 426 43 75 20
1403 408 23 49 0
1448 426 17 75 2
1501 426 64 75 2,0"
1581 426 82 75 fince
1680 426 54 75 the
1758 426 161 75 creation;
1946 426 105 75 which
2076 426 26 75 is
2127 426 32 75 as
2183 426 96 75 much
2296 426 34 75 as

1303 471 55 75 the
1375 471 55 75 fun
1448 471 109 75 moves
1573 471 32 75 in
1625 471 40 75 8i
1665 453 22 49 d
1709 471 17 75 5
1726 453 20 49 h
1764 471 22 75 o
1786 453 28 49 m
1838 471 41 75 52
1879 453 17 49 s
1896 471 16 75 .
1961 471 77 75 And
2054 471 81 75 fince
2152 471 71 75 that
2238 471 90 75 time,

1296 518 44 75 or
1356 518 32 75 in
1408 518 87 75 5763
1515 518 105 75 years,
1645 518 56 75 the
1713 518 177 75 equinoxes
1906 518 79 75 with
1997 518 36 75 us
2045 518 81 75 have
2138 518 97 75 fallen
2247 518 84 75 back

1300 567 43 75 44
1343 549 18 49 d
1385 567 17 75 5
1402 549 20 49 h
1442 567 40 75 2i
1482 549 31 49 m
1533 567 21 75 9
1554 549 15 49 s
1569 567 25 75 ;
1620 567 114 75 hence,
1760 567 173 75 reckoning
1949 567 85 75 from
2051 567 55 75 the
2122 567 78 75 time
2216 567 40 75 of
2274 567 57 75 the

1297 612 108 75 Julian
1432 612 304 75 equinox,D.
1767 612 102 75 1756,
1895 612 68 75 viz.
1989 612 91 75 Sept,
2108 612 93 75 nth,
2226 612 26 75 it
2275 612 54 75 ap-

1296 658 104 75 pears,
1424 658 72 75 that
1508 658 56 75 the
1582 658 160 75 autumnal
1761 658 142 75 equinox
1920 658 33 75 at
1969 658 55 75 the
2044 658 142 75 creation
2206 658 63 75 was
2287 658 42 75 on

1297 705 55 75 the
1370 705 82 75 25th
1470 705 40 75 of
1529 705 155 75 Odlober.

664 945 104 75 Julian

662 993 106 75 years.

726 1272 45 75 60

751 1329 15 75 3

681 1419 85 75 5763

806 851 175 75 Preceffion
993 851 40 75 of
1043 851 56 75 the
1115 851 206 75 Equinoftial
1335 851 112 75 Points
1460 851 30 75 in

1030 898 54 75 the
1102 898 163 75 Heavens.

922 1179 20 75 9
991 1179 44 75 26
1085 1179 45 75 40

921 1235 20 75 9
991 1235 41 75 43
1085 1235 45 75 20

920 1270 21 75 o
992 1270 44 75 50
1107 1270 23 75 o

919 1318 22 75 O
1014 1318 20 75 2
1086 1318 45 75 30

899 1412 43 75 20
1015 1412 18 75 2
1086 1412 45 75 30

1165 1085 48 75 D.
1255 1085 47 75 H.
1352 1085 55 75 M.
1454 1085 34 75 S.

1167 1179 43 75 70
1263 1179 42 75 10
1355 1179 42 75 58
1449 1179 43 75 20

1189 1225 20 75 9
1258 1225 45 75 20
1352 1225 45 75 44
1450 1225 41 75 to

1186 1270 23 75 o
1258 1270 45 75 20
1344 1252 14 49 r
1358 1270 37 75 l7
1447 1270 43 75 30

1186 1318 23 75 O
1286 1318 12 75 I
1374 1318 22 75 o
1447 1318 40 75 52

1165 1411 39 75 81
1282 1411 18 75 5
1373 1411 23 75 o
1448 1411 40 75 52

1560 851 219 75 Anticipation
1796 851 41 75 of

1561 898 54 75 the
1632 898 191 75 Equinoxes

1570 944 41 75 on
1628 944 55 75 the
1699 944 117 75 Earth.

1533 1084 46 75 D.
1620 1084 47 75 H.
1717 1084 54 75 M.
1818 1084 34 75 S.

1533 1179 41 75 38
1648 1179 20 75 8
1720 1179 43 75 50
1833 1179 24 75 o

1557 1223 16 75 5
1647 1223 20 75 8
1719 1223 42 75 55
1834 1223 24 75 o

1554 1270 21 75 o
1627 1270 36 75 11
1742 1270 17 75 3
1834 1270 23 75 o

1552 1317 23 75 o
1645 1317 23 75 o
1718 1317 40 75 33
1835 1317 21 75 9

1531 1421 43 75 44
1644 1421 22 75 $
1717 1421 42 75 21
1834 1421 20 75 9

259 1515 77 75 The
352 1515 206 75 anticipation
575 1515 41 75 of
634 1515 55 75 the
713 1515 192 75 equinoxes,
931 1515 63 75 and
1018 1515 228 75 confequently

197 1562 5 75 '
214 1562 40 75 of
274 1562 54 75 the
345 1562 133 75 feafons,
503 1562 26 75 is
542 1562 43 75 by
597 1562 41 75 no
655 1562 106 75 means
780 1562 107 75 owing
902 1562 36 75 to
954 1562 55 75 the
1026 1562 169 75 preceffion
1211 1562 41 75 of

215 1609 55 75 the
286 1609 267 75 equinodfiaband
568 1609 142 75 folftitial
723 1609 105 75 points
840 1609 34 75 in
886 1609 56 75 the
954 1609 151 75 heavens,
1124 1609 122 75 (which

216 1655 58 75 can
290 1655 78 75 only
383 1655 94 75 affeft
493 1655 55 75 the
572 1655 151 75 apparent
748 1655 150 75 motions,
923 1655 117 75 places,
1066 1655 63 75 and
1147 1655 99 75 decli-

215 1701 124 75 nations
356 1701 40 75 of
407 1701 55 75 the
478 1701 88 75 fixed
582 1701 107 75 liars),
715 1701 59 75 but
790 1701 35 75 to
842 1701 55 75 the
913 1701 171 75 difference
1100 1701 144 75 between

215 1749 56 75 the
287 1749 74 75 civil
378 1749 63 75 and
458 1749 81 75 folar
556 1749 89 75 year,
669 1749 107 75 which
794 1749 26 75 is
842 1749 36 75 11
899 1749 136 75 minutes
1055 1749 16 75 3
1090 1749 151 75 feconds;

214 1795 55 75 the
287 1795 76 75 civil
380 1795 73 75 year
469 1795 182 75 containing
669 1795 65 75 365
753 1795 78 75 days
856 1795 20 75 6
895 1795 111 75 hours,
1029 1795 64 75 and
1116 1795 54 75 the
1192 1795 49 75 fo-

215 1842 46 75 lar
279 1842 75 75 year
372 1842 63 75 365
450 1842 78 75 days
549 1842 17 75 5
584 1842 98 75 hours
701 1842 42 75 qS
743 1824 6 49 1
761 1842 137 75 minutes
918 1842 41 75 57
973 1842 143 75 feconds.

259 1888 77 75 The
353 1888 99 75 above
474 1888 37 75 11
532 1888 135 75 minutes
687 1888 16 75 3
730 1888 143 75 feconds,
900 1888 43 75 by
959 1888 106 75 which
1088 1888 56 75 the
1167 1888 72 75 civil

215 1935 36 75 or
268 1935 108 75 Julian
392 1935 75 75 year
490 1935 138 75 exceeds
644 1935 55 75 the
715 1935 93 75 folar,
835 1935 147 75 amounts
1000 1935 35 75 to
1057 1935 37 75 11
1115 1935 78 75 days
1210 1935 32 75 in

219 1979 84 75 1433
322 1979 114 75 years;
464 1979 61 75 and
542 1979 33 75 fo
592 1979 94 75 much
710 1979 60 75 our
794 1979 122 75 feafons
941 1979 81 75 have
1046 1979 98 75 fallen
1161 1979 82 75 back

214 2028 77 75 with
310 2028 117 75 refpedt
443 2028 35 75 to
494 2028 55 75 the
573 2028 79 75 days
677 2028 39 75 of
735 2028 55 75 the
814 2028 141 75 months,
980 2028 81 75 fince
1086 2028 56 75 the
1164 2028 77 75 time

212 2076 41 75 of
270 2076 56 75 the
342 2076 124 75 Nicene
491 2076 139 75 Council
647 2076 32 75 in
699 2076 44 75 A.
763 2076 49 75 D.
833 2076 79 75 325,
938 2076 63 75 and
1024 2076 161 75 therefore
1208 2076 32 75 in

214 2121 94 75 order
324 2121 36 75 to
376 2121 92 75 bring
484 2121 82 75 back
582 2121 42 75 all
640 2121 55 75 the
712 2121 74 75 falls
803 2121 62 75 and
881 2121 137 75 fellivals
1036 2121 35 75 to
1092 2121 54 75 the
1164 2121 77 75 days

215 2168 76 75 then
307 2168 126 75 fettled,
451 2168 25 75 it
493 2168 64 75 was
574 2168 148 75 requifite
735 2168 34 75 to
781 2168 142 75 fupprefs
941 2168 35 75 11
998 2168 139 75 nominal
1149 2168 92 75 days.

212 2214 80 75 And
308 2214 71 75 that
395 2214 54 75 the
472 2214 82 75 fame
577 2214 122 75 feafons
724 2214 104 75 might
855 2214 39 75 be
918 2214 78 75 kept
1021 2214 35 75 to
1080 2214 56 75 the
1159 2214 83 75 fame

214 2261 94 75 times
324 2261 40 75 of
382 2261 54 75 the
453 2261 75 75 year
545 2261 51 75 for
612 2261 55 75 the
684 2261 120 75 future,
830 2261 35 75 to
881 2261 89 75 leave
982 2261 55 75 out
1055 2261 55 75 the
1127 2261 113 75 bilfex-

214 2309 56 75 tile
287 2309 63 75 day
365 2309 32 75 in
416 2309 163 75 February
594 2309 34 75 at
644 2309 55 75 the
711 2309 62 75 end
785 2309 44 75 of
848 2309 95 75 every
956 2309 133 75 century
1100 2309 40 75 of
1150 2309 91 75 years

216 2355 57 75 not
295 2355 142 75 divifible
453 2355 42 75 by
513 2355 19 75 4
545 2355 10 75 ;
582 2355 172 75 reckoning
771 2355 88 75 them
876 2355 76 75 only
974 2355 147 75 common
1136 2355 104 75 years,

214 2402 34 75 as
265 2402 55 75 the
345 2402 92 75 17th,
467 2402 91 75 18th,
584 2402 64 75 and
676 2402 78 75 19th
777 2402 170 75 centuries,
972 2402 70 75 viz.
1067 2402 56 75 the
1149 2402 91 75 years

220 2449 100 75 1700,
351 2449 100 75 1800,
482 2449 100 75 1900,
608 2449 64 75 6c.
697 2449 133 75 becaufe
854 2449 18 75 a
896 2449 63 75 day
975 2449 207 75 intercalated
1206 2449 33 75 e-

214 2496 77 75 very
307 2496 109 75 fourth
434 2496 77 75 year
526 2496 64 75 was
607 2496 56 75 too
679 2496 107 75 much,
812 2496 62 75 and
887 2496 155 75 retaining
1058 2496 54 75 the
1124 2496 115 75 bilfex-

214 2541 135 75 tile-day
368 2541 32 75 at
417 2541 55 75 the
488 2541 63 75 end
566 2541 39 75 of
625 2541 88 75 thofe
729 2541 156 75 centuries
898 2541 41 75 of
956 2541 91 75 years
1064 2541 105 75 which
1185 2541 55 75 are

214 2588 141 75 divifible
377 2588 44 75 by
444 2588 34 75 4,
503 2588 33 75 as
562 2588 55 75 the
646 2588 90 75 16th,
763 2588 94 75 20th,
883 2588 61 75 and
964 2588 82 75 24th
1069 2588 170 75 centuries,

215 2636 70 75 viz.
311 2636 55 75 the
382 2636 90 75 years
494 2636 100 75 1600,
622 2636 104 75 2000,
753 2636 103 75 2400,
883 2636 65 75 6c.
997 2636 192 75 Otherwife,
1207 2636 31 75 in

215 2682 110 75 length
337 2682 41 75 of
395 2682 89 75 time,
509 2682 55 75 the
575 2682 121 75 feafons
713 2682 108 75 would
836 2682 40 75 be
894 2682 88 75 quite
999 2682 143 75 reverfed
1159 2682 79 75 with

215 2729 116 75 regard
346 2729 34 75 to
392 2729 58 75 the
465 2729 128 75 months
610 2729 39 75 of
667 2729 56 75 the
740 2729 95 75 year;
861 2729 123 75 though
1001 2729 26 75 it
1039 2729 108 75 would
1159 2729 80 75 have

214 2774 151 75 required
380 2774 75 75 near
479 2774 125 75 23,783
623 2774 91 75 years
731 2774 35 75 to
791 2774 79 75 have
887 2774 139 75 brought
1050 2774 98 75 about
1164 2774 75 75 fuch

214 2824 19 75 a
249 2824 79 75 total
354 2824 133 75 change.
536 2824 37 75 If
592 2824 56 75 the
671 2824 90 75 earth
785 2824 65 75 had
877 2824 92 75 made
993 2824 127 75 exa&ly
1146 2824 92 75 365^

214 2868 124 75 diurnal
355 2868 153 75 rotations
525 2868 42 75 on
583 2868 42 75 its
644 2868 82 75 axis,
750 2868 102 75 whillt
868 2868 25 75 it
910 2868 150 75 revolved
1075 2868 83 75 from
1176 2868 62 75 any

215 2914 189 75 equino&ial
421 2914 36 75 or
473 2914 140 75 folilitial
628 2914 89 75 point
733 2914 36 75 to
785 2914 55 75 the
856 2914 83 75 fame
956 2914 105 75 again,
1085 2914 55 75 the
1164 2914 72 75 civil

214 2962 62 75 and
292 2962 82 75 folar
390 2962 90 75 years
503 2962 107 75 would
633 2962 117 75 always
774 2962 80 75 have
877 2962 78 75 kept
976 2962 76 75 pace
1073 2962 162 75 together,

214 3010 62 75 and
292 3010 54 75 the
361 3010 79 75 llyle
457 3010 108 75 would
581 3010 96 75 never
691 3010 82 75 have
789 3010 121 75 needed
927 3010 62 75 any
1006 3010 180 75 alteration.

1340 1510 129 75 Having
1487 1510 130 75 already
1635 1510 183 75 mentioned
1834 1510 55 75 the
1911 1510 91 75 caufe
2024 1510 40 75 of
2083 1510 54 75 the
2155 1510 167 75 precelllon

1293 1556 41 75 of
1352 1556 55 75 the
1423 1556 190 75 equinodlial
1630 1556 106 75 points
1748 1556 32 75 in
1797 1556 55 75 the
1868 1556 150 75 heavens,
2042 1556 106 75 which
2166 1556 159 75 occafions

1295 1603 18 75 a
1328 1603 75 75 How
1419 1603 160 75 deviation
1603 1603 39 75 of
1661 1603 56 75 the
1733 1603 118 75 earths
1875 1603 71 75 axis
1961 1603 84 75 from
2060 1603 41 75 its
2119 1603 201 75 parallelifm,

1295 1650 63 75 and
1374 1650 134 75 thereby
1524 1650 15 75 a
1558 1650 121 75 change
1696 1650 40 75 of
1746 1650 55 75 the
1813 1650 192 75 declination
2021 1650 40 75 of
2073 1650 55 75 the
2144 1650 76 75 liars
2237 1650 85 75 from

1293 1696 55 75 the
1372 1696 148 75 equator,
1545 1696 149 75 together
1717 1696 80 75 with
1820 1696 19 75 a
1862 1696 74 75 flow
1962 1696 150 75 apparent
2138 1696 123 75 motion
2285 1696 43 75 of

1292 1743 55 75 the
1363 1743 76 75 liars
1463 1743 140 75 forward
1619 1743 78 75 with
1714 1743 119 75 refpedl
1848 1743 35 75 to
1905 1743 55 75 the
1981 1743 80 75 figns
2085 1743 41 75 of
2143 1743 56 75 the
2223 1743 97 75 eclip-

1290 1789 43 75 tic
1344 1789 10 75 ;
1382 1789 48 75 we
1442 1789 77 75 lhall
1535 1789 73 75 now
1625 1789 141 75 defcribe
1784 1789 54 75 the
1855 1789 196 75 phenomena
2067 1789 44 75 by
2127 1789 19 75 a
2161 1789 158 75 diagram.

1338 1836 37 75 In
1400 1836 92 75 Plate
1517 1836 137 75 XLIII.
1687 1836 54 75 fig.
1762 1836 33 75 2.
1827 1836 45 75 let
1890 1836 158 75 NZSFL
2073 1836 39 75 be
2134 1836 55 75 the
2215 1836 104 75 earth,

1290 1882 101 75 SON
1393 1882 29 75 A
1435 1882 41 75 its
1494 1882 69 75 axis
1581 1882 161 75 produced
1758 1882 35 75 to
1810 1882 55 75 the
1881 1882 101 75 Harry
1997 1882 151 75 heavens,
2173 1882 61 75 and
2254 1882 64 75 ter-

1291 1928 153 75 minating
1465 1928 33 75 in
1516 1928 45 75 A,
1587 1928 56 75 the
1666 1928 125 75 prefent
1814 1928 96 75 north
1934 1928 74 75 pole
2032 1928 40 75 of
2090 1928 56 75 the
2167 1928 150 75 heavens,

1291 1975 104 75 which
1413 1975 26 75 is
1452 1975 130 75 vertical
1600 1975 36 75 to
1653 1975 110 75 AThe
1780 1975 95 75 north
1892 1975 72 75 pole
1977 1975 39 75 of
2027 1975 55 75 the
2097 1975 104 75 earth.
2251 1975 68 75 Let

1291 2022 151 75 EOj^be
1459 2022 55 75 the
1530 2022 147 75 equator,
1703 2022 196 75 T'o^Z-the
1915 2022 103 75 tropic
2034 2022 40 75 of
2092 2022 137 75 Cancer,
2255 2022 63 75 and

1290 2069 93 75 VTrs
1400 2069 55 75 the
1466 2069 105 75 tropic
1582 2069 40 75 of
1633 2069 199 75 Capricorn;
1851 2069 92 75 VOZ
1960 2069 55 75 the
2026 2069 139 75 ecliptic,
2182 2069 63 75 and

1290 2115 40 75 its
1354 2115 84 75 axis,
1463 2115 79 75 both
1567 2115 107 75 which
1696 2115 53 75 are
1773 2115 210 75 immoveable
2007 2115 115 75 among
2146 2115 55 75 the
2225 2115 90 75 liars.

1290 2163 67 75 But
1374 2163 33 75 as
1425 2163 54 75 the
1497 2163 192 75 equinoftial
1706 2163 105 75 points
1829 2163 113 75 recede
1963 2163 32 75 in
2017 2163 57 75 the
2096 2163 139 75 ecliptic,
2260 2163 57 75 the

1291 2210 118 75 earths
1427 2210 69 75 axis
1513 2210 131 75 SON\s
1657 2210 31 75 in
1706 2210 127 75 motion-
1844 2210 85 75 upon
1946 2210 55 75 the
2017 2210 120 75 earths
2154 2210 108 75 centre
2275 2210 39 75 0,

1290 2256 30 75 in
1338 2256 74 75 fuch
1431 2256 18 75 a
1465 2256 129 75 manner
1610 2256 34 75 as
1660 2256 35 75 to
1707 2256 141 75 defcribe
1860 2256 56 75 the
1928 2256 117 75 double
2057 2256 79 75 cone
2253 2256 63 75 and

1291 2303 62 75 and
1364 2303 83 75 SOs,
1474 2303 100 75 round
1587 2303 55 75 the
1659 2303 70 75 axis
1749 2303 39 75 of
1807 2303 55 75 the
1878 2303 128 75 ecliptic
2022 2303 71 75 BO,
2118 2303 32 75 in
2166 2303 56 75 the
2238 2303 77 75 time

1290 2350 70 75 that
1376 2350 55 75 the
1443 2350 188 75 equinoftial
1650 2350 102 75 points
1769 2350 92 75 move
1878 2350 90 75 quite
1984 2350 100 75 round
2103 2350 55 75 the
2174 2350 139 75 ecliptic,

1289 2397 104 75 which
1411 2397 26 75 is
1456 2397 128 75 25,920
1601 2397 112 75 years;
1740 2397 63 75 and
1814 2397 32 75 in
1862 2397 72 75 that
1951 2397 112 75 length
2086 2397 38 75 of
2144 2397 89 75 time,
2259 2397 56 75 the

1289 2444 94 75 north
1407 2444 72 75 pole
1504 2444 39 75 of
1562 2444 55 75 the
1642 2444 118 75 earths
1784 2444 70 75 axis
1880 2444 173 75 produced,
2078 2444 157 75 defcribes
2258 2444 56 75 the

1289 2491 94 75 circle
1400 2491 168 75 ABCDA
1580 2491 31 75 in
1629 2491 55 75 the
1700 2491 101 75 Harry
1817 2491 149 75 heavens,
1991 2491 106 75 round
2112 2491 54 75 the
2189 2491 73 75 pole
2278 2491 41 75 of

1288 2537 54 75 the
1367 2537 138 75 ecliptic,
1531 2537 106 75 which
1661 2537 95 75 keeps
1780 2537 209 75 immoveable
2013 2537 32 75 in
2069 2537 56 75 the
2148 2537 107 75 centre
2277 2537 42 75 of

1288 2583 69 75 that
1374 2583 107 75 circle.
1521 2583 76 75 The
1614 2583 119 75 earths
1750 2583 70 75 axis
1838 2583 93 75 being
1944 2583 69 75 23-r
2028 2583 131 75 degrees
2175 2583 139 75 inclined

1288 2630 34 75 to
1339 2630 53 75 the
1409 2630 70 75 axis
1497 2630 39 75 of
1555 2630 55 75 the
1626 2630 139 75 ecliptic,
1791 2630 56 75 the
1869 2630 95 75 circle
1987 2630 182 75 ADCDA,
2195 2630 115 75 defcri-

1286 2677 61 75 bed
1364 2677 44 75 by
1424 2677 56 75 the
1496 2677 95 75 north
1607 2677 72 75 pole
1692 2677 40 75 of
1742 2677 55 75 the
1813 2677 119 75 earths
1949 2677 69 75 ajtis
2034 2677 162 75 produced
2210 2677 37 75 to
2264 2677 47 75 A,

1286 2724 26 75 is
1337 2724 47 75 47
1397 2724 132 75 degrees
1546 2724 32 75 in
1600 2724 165 75 diameter,
1792 2724 37 75 or
1851 2724 117 75 double
1992 2724 55 75 the
2069 2724 185 75 inclination
2276 2724 41 75 of

1287 2771 55 75 the
1359 2771 117 75 earths
1493 2771 83 75 axis.
1625 2771 39 75 In
1681 2771 214 75 confequence
1912 2771 40 75 of
1969 2771 77 75 this,
2071 2771 56 75 the
2148 2771 90 75 point
2263 2771 46 75 A,

1288 2817 104 75 which
1416 2817 33 75 at
1475 2817 123 75 prefent
1621 2817 27 75 is
1670 2817 56 75 the
1736 2817 102 75 north
1854 2817 77 75 pole'
1942 2817 42 75 of
2002 2817 55 75 the
2073 2817 150 75 heavens,
2248 2817 62 75 and

1284 2865 76 75 near
1375 2865 36 75 to
1427 2865 18 75 a
1460 2865 61 75 Har
1537 2865 40 75 of
1595 2865 56 75 the
1667 2865 115 75 fecond
1797 2865 184 75 magnitude
1997 2865 32 75 in
2045 2865 56 75 the
2117 2865 55 75 tail
2195 2865 41 75 of
2253 2865 56 75 the

1285 2910 216 75 conflellation
1518 2910 103 75 called
1637 2910 53 75 the
1708 2910 105 75 Little
1829 2910 101 75 Bear,
1955 2910 80 75 mull
2051 2910 39 75 be
2105 2910 145 75 deferted
2266 2910 44 75 by

1284 2958 55 75 the
1355 2958 119 75 earths
1487 2958 81 75 axis,
1594 2958 106 75 which
1711 2958 129 75 moving
1852 2958 183 75 backwards
2053 2958 18 75 a
2082 2958 115 75 degree
2213 2958 95 75 every

1287 3008 40 75 72
1346 3008 104 75 years,
1476 3008 66 75 will
1554 3008 39 75 be
1608 3008 140 75 direfted
1767 3008 138 75 towards
1922 3008 54 75 the
1993 3008 60 75 liar
2069 3008 35 75 or
2121 3008 88 75 point
2227 3008 30 75 B
2274 3008 32 75 in

2215 3050 90 75 6480
