2428 3377
153 194 82 75 234

697 194 37 75 .A
854 194 44 75 N
1015 194 41 75 A
1173 194 42 75 T

199 257 78 75 The
293 257 163 75 meninges
465 257 38 75 or
518 257 199 75 membranes
735 257 53 75 are
800 257 67 75 two
876 257 33 75 in
921 257 147 75 number.
1114 257 79 75 The

155 304 63 75 hrfl
235 304 27 75 is
283 304 115 75 named
424 304 80 75 dura
521 304 122 75 mater;
669 304 56 75 the
742 304 118 75 fecond
879 304 49 75 pia
946 304 113 75 mater,
1085 304 107 75 which

155 350 27 75 is
210 350 92 75 again
335 350 132 75 divided
487 350 70 75 into
581 350 88 75 two;
695 350 55 75 the
774 350 147 75 external
949 350 119 75 lamina
1098 350 97 75 being

157 397 126 75 termed
299 397 223 75 araehnoides,
555 397 56 75 the
633 397 138 75 internal
793 397 158 75 retaining
972 397 56 75 the
1045 397 150 75 common

158 444 93 75 name
267 444 42 75 of
319 444 52 75 pia
388 444 115 75 mater.

432 546 191 75 DURA
669 546 256 75 MATER.

205 627 86 75 The
311 627 81 75 dura
413 627 102 75 mater
532 627 133 75 inclofes
682 627 56 75 the
755 627 90 75 brain
872 627 62 75 and
951 627 43 75 all
1027 627 25 75 it
1077 627 115 75 appen-

162 674 110 75 dages.
326 674 31 75 It
373 674 82 75 lines
472 674 55 75 the
544 674 97 75 infide
658 674 39 75 of
717 674 56 75 the
790 674 155 75 cranium,
971 674 64 75 and
1057 674 137 75 fupplies

160 722 56 75 the
232 722 89 75 place
349 722 40 75 of
412 722 39 75 an
468 722 137 75 internal
627 722 201 75 periofteum,
852 722 97 75 being
975 722 111 75 fpread
1103 722 33 75 in
1153 722 43 75 all

159 768 57 75 the
233 768 90 75 holes
340 768 63 75 and
414 768 203 75 depreflions,
642 768 63 75 and
722 768 151 75 covering
891 768 42 75 all
950 768 55 75 the
1017 768 180 75 eminences

161 816 32 75 in
211 816 74 75 fuch
299 816 19 75 a
335 816 130 75 manner
481 816 34 75 as
533 816 36 75 to
586 816 133 75 prevent
735 816 84 75 their
840 816 94 75 being
947 816 125 75 hurtful
1089 816 35 75 to
1140 816 57 75 the

162 861 103 75 brain.

208 908 77 75 The
301 908 82 75 dura
398 908 102 75 mater
516 908 27 75 is
560 908 93 75 made
671 908 42 75 up
739 908 40 75 of
797 908 67 75 two
878 908 138 75 lamina?,
1043 908 155 75 adhering

161 956 79 75 very
262 956 118 75 clofely
403 956 149 75 together
563 956 10 75 *
601 956 56 75 the
679 956 95 75 fibres
799 956 40 75 of
862 956 80 75 both
967 956 132 75 croffing
1118 956 79 75 each

163 1002 93 75 other
268 1002 179 75 obliquely.
495 1002 108 75 Their
618 1002 130 75 texture
764 1002 27 75 is
808 1002 78 75 very
902 1002 83 75 clofe
1002 1002 63 75 and
1076 1002 120 75 llrong,

164 1049 170 75 appearing
350 1049 36 75 to
401 1049 42 75 be
459 1049 108 75 partly
582 1049 212 75 ligamentary
811 1049 63 75 and
889 1049 108 75 partly
1013 1049 184 75 tendinous.

211 1097 77 75 The
304 1097 81 75 dura
400 1097 103 75 mater
518 1097 93 75 Hicks
625 1097 118 75 clofely
751 1097 35 75 to
799 1097 56 75 the
867 1097 141 75 cranium
1021 1097 44 75 by
1081 1097 19 75 a
1107 1097 92 75 great

163 1143 135 75 number
314 1143 40 75 of
372 1143 157 75 filaments
547 1143 38 75 of
592 1143 57 75 the
665 1143 147 75 external
828 1143 130 75 lamina,
984 1143 106 75 which
1108 1143 91 75 enter

163 1191 57 75 the
237 1191 94 75 pores
348 1191 115 75 of-the
479 1191 100 75 bones
595 1191 118 75 chiefly
729 1191 33 75 at
777 1191 57 75 the
850 1191 124 75 futures
989 1191 80 75 both
1097 1191 101 75 above

166 1236 63 75 and
243 1236 105 75 below
360 1236 11 75 ;
397 1236 64 75 and
482 1236 46 75 by
543 1236 200 75 penetrating
770 1236 88 75 thefe
876 1236 115 75 joints,
1017 1236 78 75 they
1111 1236 87 75 com-

165 1282 161 75 municate
337 1282 79 75 with
433 1282 55 75 the
506 1282 145 75 external
668 1282 200 75 periofteum.

212 1329 109 75 Thefe
345 1329 163 75 adhefions
537 1329 53 75 are
606 1329 127 75 formed
760 1329 133 75 intirely
908 1329 46 75 by
979 1329 56 75 the
1051 1329 148 75 external

165 1376 129 75 lamina.
340 1376 79 75 The
435 1376 134 75 internal
587 1376 117 75 lamina
726 1376 27 75 is
769 1376 79 75 very
863 1376 126 75 fmooth
1007 1376 60 75 and
1085 1376 113 75 polifli-

165 1425 42 75 ed
219 1425 41 75 on
278 1425 55 75 the
348 1425 110 75 infide,
483 1425 105 75 which
605 1425 28 75 is
650 1425 65 75 alfo
731 1425 198 75 continually
943 1425 160 75 moftened
1121 1425 42 75 by
1181 1425 18 75 a

166 1471 62 75 fine
253 1471 79 75 fluid
356 1471 189 75 difcharged
567 1471 139 75 through
736 1471 42 75 its
805 1471 107 75 pores,
949 1471 95 75 much
1082 1471 34 75 in
1143 1471 56 75 the

168 1518 86 75 fame
270 1518 131 75 manner
419 1518 33 75 as
469 1518 33 75 in
518 1518 56 75 the
590 1518 208 75 peritonaeum
815 1518 63 75 and
895 1518 124 75 pleura.

213 1563 77 75 The
303 1563 85 75 folds
401 1563 40 75 of
460 1563 55 75 the
531 1563 81 75 dura
628 1563 102 75 mater
747 1563 53 75 are
822 1563 93 75 made
931 1563 44 75 by
992 1563 55 75 the
1063 1563 137 75 internal

167 1609 138 75 lamina;
333 1609 63 75 and
411 1609 93 75 three
528 1609 39 75 of
590 1609 89 75 them
704 1609 85 75 form
806 1609 172 75 particular
1002 1609 108 75 fepta;
1137 1609 62 75 one

170 1658 38 75 of
220 1658 107 75 which
343 1658 26 75 is
388 1658 153 75 fuperior,
567 1658 215 75 reprefenting
806 1658 19 75 a
835 1658 79 75 kind
929 1658 42 75 of
981 1658 219 75 mediaftinum

168 1703 146 75 between
335 1703 57 75 the
408 1703 66 75 two
490 1703 91 75 great
596 1703 90 75 lobes
703 1703 39 75 of
759 1703 55 75 the
831 1703 102 75 brain.
981 1703 78 75 The
1085 1703 117 75 fecond

169 1750 27 75 is
212 1750 34 75 in
262 1750 18 75 a
296 1750 120 75 middle
432 1750 159 75 fituation,
605 1750 63 75 like
681 1750 19 75 a
715 1750 188 75 diaphragm
917 1750 146 75 between
1075 1750 55 75 the
1149 1750 53 75 ce-

170 1797 128 75 rebrum
311 1797 63 75 and
381 1797 212 75 cerebellum;
612 1797 55 75 the
686 1797 87 75 third
788 1797 27 75 is
828 1797 144 75 inferior,
988 1797 145 75 between
1145 1797 57 75 the

170 1844 89 75 lobes
273 1844 39 75 of
331 1844 56 75 the
404 1844 207 75 cerebellum.
658 1844 78 75 The
752 1844 142 75 fuperior
910 1844 121 75 feptum
1048 1844 26 75 is
1098 1844 103 75 longi-

171 1891 136 75 tudinal,
319 1891 33 75 in
364 1891 85 75 form
466 1891 40 75 of
517 1891 19 75 a
551 1891 124 75 fcythe,
693 1891 85 75 from
787 1891 130 75 whence
926 1891 25 75 it
968 1891 26 75 is
1011 1891 124 75 termed
1148 1891 55 75 the

170 1937 71 75 falx
264 1937 40 75 of
325 1937 57 75 the
410 1937 81 75 dura
506 1937 115 75 mater.
668 1937 78 75 The
773 1937 122 75 middle
921 1937 122 75 feptum
1058 1937 27 75 is
1102 1937 100 75 tranf-

170 1984 101 75 verfe,
296 1984 63 75 and
376 1984 100 75 might
501 1984 39 75 be
557 1984 105 75 called
687 1984 55 75 the
759 1984 186 75 diaphragm
970 1984 41 75 of
1027 1984 56 75 the
1098 1984 103 75 brain.

170 2027 78 75 The
258 2027 139 75 Inferior
413 2027 122 75 ieptum
550 2027 27 75 is
604 2027 79 75 very
706 2027 102 75 fmall,
834 2027 63 75 and
920 2027 74 75 runs
1023 2027 97 75 down
1147 2027 55 75 be-

173 2073 103 75 tween
292 2073 63 75 tbe'
355 2073 95 75 lobes
468 2073 41 75 of
527 2073 56 75 the
601 2073 234 75 cerebellum.-

220 2121 130 75 Befides
367 2121 88 75 thefe
479 2121 88 75 large
595 2121 99 75 folds,
718 2121 92 75 there
827 2121 53 75 are
896 2121 66 75 two
974 2121 89 75 fmall
1089 2121 115 75 lateral

174 2168 140 75 p-nes.on
332 2168 78 75 each
422 2168 67 75 fide
506 2168 40 75 of
554 2168 57 75 the
628 2168 76 75 fella
721 2168 133 75 turcica,
872 2168 78 75 each
968 2168 136 75 running
1120 2168 88 75 from

174 2216 57 75 the
246 2216 154 75 pofterior
421 2216 35 75 to
480 2216 57 75 the
561 2216 141 75 anterior
729 2216 130 75 clynoid
886 2216 167 75 apophyfis
1089 2216 42 75 on
1148 2216 57 75 the

174 2261 85 75 fame
272 2261 75 75 fide.
395 2261 109 75 Thefe
520 2261 68 75 two
605 2261 98 75 folds,
728 2261 152 75 together
889 2261 79 75 with
985 2261 56 75 the
1065 2261 140 75 anterior

177 2309 61 75 and
251 2309 154 75 posterior
418 2309 86 75 parts
516 2309 40 75 of
563 2309 55 75 the
630 2309 77 75 fella
719 2309 134 75 turcica,
867 2309 84 75 form
963 2309 19 75 a
993 2309 90 75 fmall
1097 2309 111 75 foflula

177 2357 32 75 in
228 2357 106 75 which
351 2357 55 75 the
422 2357 155 75 pituitary
590 2357 95 75 gland
709 2357 27 75 is
759 2357 132 75 lodged.

222 2400 77 75 The
313 2400 199 75 elongations
528 2400 40 75 of
587 2400 57 75 the
660 2400 80 75 dura
756 2400 102 75 mater
882 2400 53 75 are
951 2400 203 75 produdtions
1171 2400 42 75 of

179 2450 81 75 both
280 2450 136 75 laminae,
433 2450 106 75 which
547 2450 44 75 go
599 2450 128 75 beyond
736 2450 54 75 the
800 2450 128 75 general
945 2450 262 75 circumference,

178 2496 64 75 and
255 2496 69 75 pafs
340 2496 56 75 out
415 2496 39 75 of
464 2496 55 75 the
536 2496 153 75 cranium.

225 2542 78 75 The
338 2542 80 75 moft
452 2542 211 75 confiderable
692 2542 40 75 of
756 2542 89 75 thefe
880 2542 199 75 elongations
1112 2542 98 75 pafles

180 2588 142 75 through
338 2588 56 75 the
410 2588 90 75 great
516 2588 150 75 occipital
679 2588 157 75 foramen,
860 2588 63 75 and
941 2588 74 75 runs
1043 2588 94 75 down
1154 2588 55 75 the

181 2635 147 75 common
345 2635 89 75 canal
450 2635 39 75 of
508 2635 55 75 the
582 2635 154 75 vertebrse
752 2635 33 75 in
802 2635 83 75 form
903 2635 41 75 of
956 2635 19 75 a
995 2635 90 75 tube,
1109 2635 101 75 lining

181 2683 56 75 the
263 2683 97 75 infide
385 2683 40 75 of
443 2683 70 75 that
530 2683 102 75 canal,
660 2683 63 75 and
737 2683 152 75 inclofing
904 2683 56 75 the
984 2683 142 75 medulla
1148 2683 60 75 fpi-

182 2729 102 75 ralis/
300 2729 43 75 by
359 2729 56 75 the
439 2729 91 75 name
546 2729 41 75 of
604 2729 56 75 the
682 2729 81 75 dura
785 2729 103 75 mater
911 2729 40 75 of
969 2729 71 75 that
1056 2729 157 75 medulla.

182 2776 78 75 The
283 2776 94 75 other
393 2776 197 75 elongations
617 2776 194 75 accompany
822 2776 56 75 the
894 2776 112 75 nerves
1023 2776 56 75 out
1096 2776 40 75 of
1155 2776 56 75 the

183 2822 143 75 cranium
341 2822 32 75 in
400 2822 85 75 form
512 2822 40 75 of
569 2822 134 75 vaginie,
728 2822 106 75 which
858 2822 53 75 are
934 2822 90 75 more
1040 2822 170 75 numerous

185 2869 75 75 than
277 2869 56 75 the
346 2869 136 75 nervous
497 2869 114 75 trunks
627 2869 160 75 reckoned
810 2869 31 75 in
853 2869 97 75 pairs.

231 2915 112 75 There
360 2915 53 75 are
431 2915 65 75 two
522 2915 172 75 particular
720 2915 197 75 elongations
935 2915 105 75 which
1057 2915 84 75 form
1156 2915 56 75 the

187 2961 207 75 periftoneum
423 2961 39 75 of
484 2961 55 75 the
567 2961 115 75 orbits,
706 2961 149 75 together
876 2961 79 75 with
971 2961 55 75 the
1041 2961 119 75 vagina?
1178 2961 40 75 of

150 3007 7 75 *
184 3007 55 75 the
256 3007 85 75 optic
353 3007 124 75 nerves.
520 3007 117 75 Thefe
647 3007 144 75 orbitary
806 3007 199 75 elongations
1026 3007 44 75 go
1096 3007 58 75 out
1170 3007 45 75 by

186 3056 55 75 the
256 3056 185 75 fphenoidal
456 3056 37 75 or
508 3056 142 75 fuperior
676 3056 143 75 orbrtary
841 3056 131 75 fiflures,
997 3056 75 75 and,
1089 3056 121 75 increa-

1332 185 41 75 O
1491 185 47 75 M
1654 185 40 75 Y

2090 185 98 75 Part
2208 185 73 75 VI.

1242 252 65 75 fing
1323 252 33 75 in
1372 252 138 75 breadth
1527 252 33 75 in
1588 252 84 75 their
1690 252 137 75 paffage,
1854 252 64 75 line
1935 252 56 75 the
2006 252 106 75 whole
2125 252 106 75 cavity
2246 252 41 75 of

1241 299 55 75 the
1313 299 115 75 orbits,
1455 299 32 75 at
1504 299 56 75 the
1575 299 97 75 edges
1689 299 39 75 of
1741 299 106 75 which
1863 299 79 75 they
1958 299 231 75 communicate
2202 299 79 75 with

1243 346 54 75 the
1314 346 211 75 pericranium
1542 346 63 75 and
1629 346 190 75 periofteum
1836 346 40 75 of
1887 346 56 75 the
1960 346 84 75 face.

1290 393 76 75 The
1383 393 200 75 elongations
1600 393 41 75 of
1652 393 56 75 the
1735 393 82 75 dura
1843 393 103 75 mater
1962 393 106 75 which
2087 393 194 75 accompany

1240 440 57 75 the
1311 440 227 75 blood-veifels
1567 440 141 75 through
1737 440 56 75 the
1820 440 157 75 foramina
2001 440 40 75 of
2053 440 55 75 the
2125 440 155 75 cranium,

1240 486 87 75 unite
1339 486 78 75 with
1429 486 56 75 the
1496 486 214 75 pericranium
1721 486 217 75 immediately
1950 486 202 75 afterwards.
2179 486 101 75 Such,

1241 533 52 75 fpr
1308 533 152 75 inftance,
1485 533 54 75 are
1567 533 55 75 the
1648 533 201 75 elongations
1874 533 105 75 which
2008 533 63 75 line
2088 533 55 75 the
2161 533 120 75 foflulae

1239 580 42 75 of
1293 580 55 75 the
1365 580 157 75 foramina
1538 580 106 75 lacera
1670 580 37 75 or
1721 580 174 75 jugularia,
1921 580 63 75 and
1999 580 56 75 the
2071 580 87 75 bony
2175 580 37 75 or
2228 580 54 75 ca-

1240 627 87 75 rotid
1344 627 106 75 canals
1467 627 36 75 of
1514 627 56 75 the
1586 627 165 75 apophyfis
1778 627 136 75 petrofa,
1939 627 67 75 &c.

1290 674 76 75 The
1383 674 81 75 dura
1476 674 103 75 mater
1596 674 144 75 contains
1757 674 32 75 in
1805 674 43 75 its
1864 674 200 75 duplicature
2077 674 118 75 feveral
2210 674 69 75 par-

1241 720 116 75 ticular
1373 720 119 75 canals,
1517 720 72 75 into
1615 720 106 75 which
1749 720 57 75 the
1829 720 92 75 venal
1949 720 100 75 blood
2076 720 58 75 not
2148 720 79 75 only
2246 720 41 75 of

1244 767 72 75 that
1347 767 198 75 membrane,
1576 767 60 75 but
1667 767 39 75 of
1734 767 56 75 the
1822 767 106 75 whole
1955 767 105 75 brain,
2082 767 28 75 is
2142 767 139 75 carried.

1241 815 110 75 Thefe
1367 815 107 75 canals
1502 815 53 75 are
1580 815 126 75 termed
1732 815 126 75 finufes,
1884 815 73 75 and.
1967 815 87 75 fome
2071 815 40 75 of
2122 815 90 75 them
2227 815 54 75 are

1243 861 144 75 difpofed
1414 861 32 75 in
1474 861 96 75 pairs,
1596 861 111 75 others
1734 861 33 75 in
1794 861 124 75 uneven
1944 861 172 75 numbers;
2143 861 71 75 that
2240 861 41 75 is,

1243 908 86 75 fome
1346 908 40 75 of
1408 908 88 75 them
1519 908 52 75 are
1599 908 113 75 placed
1735 908 104 75 alone,
1863 908 34 75 in
1927 908 18 75 a
1966 908 120 75 middle
2109 908 171 75 fituation;

1244 955 110 75 others
1370 955 54 75 are
1439 955 147 75 difpofed
1601 955 148 75 laterally
1773 955 43 75 on
1842 955 79 75 each
1945 955 65 75 fide
2034 955 40 75 of
2096 955 57 75 the
2175 955 106 75 brain.

1244 1002 78 75 The
1354 1002 79 75 moft
1464 1002 125 75 ancient
1617 1002 182 75 anatomifts
1831 1002 163 75 reckoned
2017 1002 77 75 only
2121 1002 95 75 four;
2246 1002 35 75 to

1244 1048 108 75 which
1369 1048 49 75 we
1433 1048 60 75 can
1516 1048 74 75 now
1607 1048 63 75 add
1687 1048 73 75 four
1777 1048 94 75 times
1887 1048 34 75 as
1937 1048 109 75 many.

2265 1048 23 75 *

1290 1094 109 75 Thefe
1414 1094 113 75 finufes
1546 1094 53 75 are
1615 1094 32 75 in
1661 1094 54 75 the
1727 1094 199 75 duplicature
1944 1094 40 75 of
1995 1094 56 75 the
2067 1094 80 75 dura
2163 1094 115 75 mater;

1244 1142 64 75 and
1334 1142 85 75 their
1439 1142 130 75 cavities
1592 1142 54 75 are
1670 1142 88 75 lined
1773 1142 43 75 on
1835 1142 56 75 the
1914 1142 97 75 infide
2037 1142 45 75 by
2108 1142 174 75 particular

1244 1187 80 75 very
1339 1187 62 75 fine
1417 1187 213 75 membranes.
1677 1187 101 75 They
1793 1187 74 75 may
1879 1187 39 75 be
1938 1187 206 75 enumerated
2161 1187 33 75 in
2215 1187 65 75 this

1247 1234 143 75 manner.

1292 1281 77 75 The
1384 1281 92 75 great
1495 1281 82 75 finus
1598 1281 40 75 of
1661 1281 54 75 the
1739 1281 85 75 falx,
1849 1281 38 75 or
1911 1281 142 75 fuperior
2067 1281 214 75 longitudinal

1244 1328 96 75 finus,
1364 1328 106 75 which
1494 1328 64 75 was
1577 1328 160 75 reckoned
1759 1328 56 75 the
1831 1328 65 75 firft
1912 1328 43 75 by
1972 1328 54 75 the
2046 1328 155 75 aricients.

1293 1374 87 75 Two
1395 1374 91 75 great
1501 1374 114 75 lateral
1630 1374 127 75 finufes,
1782 1374 55 75 the
1849 1374 116 75 fecond
1982 1374 64 75 and
2067 1374 87 75 third
2169 1374 40 75 of
2224 1374 56 75 the

1247 1421 158 75 ancients.

1292 1467 76 75 The
1388 1467 82 75 finus
1487 1467 104 75 called
1607 1467 149 75 torcular
1772 1467 186 75 Heropbili,
1975 1467 55 75 the
2046 1467 111 75 fourth
2173 1467 41 75 of
2224 1467 56 75 the

1247 1514 157 75 ancients.

1293 1561 77 75 The
1378 1561 91 75 fmall
1480 1561 81 75 finus
1570 1561 40 75 of
1617 1561 55 75 the
1681 1561 83 75 falx,
1774 1561 38 75 or
1820 1561 133 75 inferior
1964 1561 211 75 longitudinal
2183 1561 96 75 linus.

1292 1609 78 75 The
1379 1609 152 75 pofterior
1541 1609 149 75 occipital
1699 1609 95 75 finus,
1802 1609 104 75 which
1918 1609 27 75 is
1957 1609 179 75 fometimes
2149 1609 130 75 double.

1293 1655 86 75 Two
1395 1655 132 75 inferior
1543 1655 150 75 occipital
1711 1655 125 75 finufes,
1852 1655 108 75 which
1976 1655 84 75 form
2072 1655 19 75 a
2102 1655 127 75 portion
2245 1655 42 75 of

1248 1701 18 75 a
1283 1701 111 75 circle,
1414 1701 65 75 and
1495 1701 74 75 may
1583 1701 144 75 likewife
1741 1701 41 75 be
1801 1701 105 75 called
1924 1701 56 75 the
1997 1701 142 75 inferior
2157 1701 127 75 lateral

1235 1748 141 75 finufes.

1297 1797 62 75 Six
1381 1797 82 75 finus
1489 1797 128 75 petrofi,
1651 1797 91 75 three
1761 1797 43 75 on
1827 1797 78 75 each
1930 1797 75 75 fide,
2038 1797 61 75 one
2126 1797 153 75 anterior,

1246 1842 65 75 one
1338 1842 120 75 middle
1475 1842 37 75 of
1529 1842 144 75 angular,
1699 1842 63 75 and
1783 1842 63 75 one
1862 1842 146 75 inferior.
2055 1842 77 75 The
2150 1842 66 75 two
2231 1842 49 75 in-

1250 1887 112 75 ferior,
1395 1887 150 75 together
1567 1887 81 75 with
1676 1887 55 75 the
1754 1887 150 75 occipital
1926 1887 126 75 finufes.
2085 1887 157 75 Complete
2260 1887 22 75 a

1249 1933 138 75 circular
1403 1933 82 75 finus
1502 1933 104 75 round
1620 1933 56 75 the
1693 1933 90 75 great
1799 1933 143 75 foramen
1959 1933 40 75 of
2010 1933 55 75 the
2076 1933 37 75 os
2122 1933 156 75 occipitis.

1299 1981 76 75 The
1395 1981 133 75 inferior
1545 1981 172 75 tranfverfe
1734 1981 95 75 finus.

1295 2027 78 75 The
1388 2027 143 75 fuperior
1547 2027 173 75 tranfverfe
1742 2027 95 75 finus.

1295 2074 77 75 The
1389 2074 65 75 two
1471 2074 135 75 circular
1622 2074 113 75 finufes
1751 2074 40 75 of
1801 2074 57 75 the
1875 2074 78 75 fella
1967 2074 233 75 fphenoidalis;
2219 2074 62 75 one

1252 2121 152 75 fuperior,
1426 2121 67 75 and
1509 2121 60 75 one
1591 2121 147 75 inferior.

1297 2167 87 75 Two
1399 2167 81 75 finus
1499 2167 172 75 cavernofi,
1695 2167 60 75 one
1771 2167 42 75 on
1829 2167 79 75 each
1923 2167 76 75 fide.

1299 2214 87 75 Two
1401 2214 146 75 orbitary
1562 2214 128 75 finufes,
1713 2214 63 75 one
1791 2214 43 75 on
1848 2214 80 75 each
1944 2214 77 75 fide.

1299 2262 57 75 All
1373 2262 87 75 thefe
1488 2262 114 75 finufes
1629 2262 232 75 communicate
1877 2262 78 75 with
1979 2262 78 75 each
2088 2262 107 75 other,
2220 2262 64 75 and

1252 2308 79 75 with
1358 2308 57 75 the
1431 2308 92 75 great
1545 2308 113 75 lateral
1686 2308 113 75 finufes
1823 2308 43 75 by
1887 2308 106 75 which
2017 2308 79 75 they
2118 2308 167 75 difcharge

1253 2355 190 75 themfelves
1459 2355 71 75 into
1547 2355 53 75 the
1616 2355 137 75 internal
1766 2355 130 75 jugular
1911 2355 101 75 veins,
2036 2355 107 75 which
2155 2355 54 75 are
2225 2355 57 75 on-

1253 2402 34 75 ly
1304 2402 234 75 continuations
1562 2402 41 75 of
1618 2402 89 75 thefe
1724 2402 112 75 lateral
1853 2402 126 75 finufes.
2028 2402 100 75 They
2142 2402 142 75 likewife

1255 2449 119 75 unload
1390 2449 188 75 themfelves
1594 2449 107 75 partly
1715 2449 68 75 into
1800 2449 57 75 the
1871 2449 160 75 vertebral
2050 2449 102 75 veins,
2175 2449 109 75 which

1256 2495 229 75 communicate
1508 2495 81 75 with
1605 2495 55 75 the
1677 2495 90 75 fmall
1790 2495 113 75 lateral
1921 2495 37 75 of
1973 2495 134 75 inferior
2133 2495 150 75 occipital

1254 2542 135 75 finufes;
1415 2542 64 75 and
1494 2542 106 75 partly
1614 2542 71 75 into
1708 2542 57 75 the
1788 2542 148 75 external
1959 2542 132 75 jugular
2113 2542 101 75 veins,
2238 2542 46 75 by

1256 2590 54 75 the
1326 2590 146 75 orbitary
1496 2590 112 75 finufes
1624 2590 107 75 which
1754 2590 234 75 communicate
2013 2590 78 75 with
2118 2590 56 75 the
2196 2590 87 75 vena?

1254 2636 179 75 angulares,
1458 2636 88 75 front
1548 2636 81 75 ales,
1650 2636 133 75 nafales,
1807 2636 198 75 maxillares,
2030 2636 60 75 &c.
2116 2636 33 75 as
2167 2636 53 75 the
2234 2636 49 75 la-

1256 2683 80 75 teral
1353 2683 113 75 finufes
1487 2683 138 75 likewife
1649 2683 231 75 communicate
1897 2683 78 75 with
1991 2683 56 75 the
2063 2683 86 75 venae
2166 2683 118 75 occipi-

1257 2729 91 75 tales,
1373 2729 62 75 &c.

1302 2776 96 75 Thus
1425 2776 55 75 the
1496 2776 100 75 blood
1612 2776 106 75 which
1744 2776 37 75 is'
1796 2776 124 75 carried
1946 2776 35 75 to
1998 2776 55 75 the
2069 2776 82 75 dura
2166 2776 117 75 mater,

1255 2823 60 75 &c.
1339 2823 45 75 by
1410 2823 56 75 the
1482 2823 145 75 external
1655 2823 63 75 and
1744 2823 137 75 internal
1908 2823 136 75 carotid,
2070 2823 62 75 and
2155 2823 45 75 by
2226 2823 57 75 the

1257 2869 158 75 vertebral
1432 2869 144 75 arteries,
1601 2869 27 75 is
1646 2869 150 75 returned
1811 2869 36 75 to
1861 2869 56 75 the
1934 2869 92 75 heart
2044 2869 44 75 by
2103 2869 55 75 the
2174 2869 110 75 exter-

1258 2916 50 75 nal
1326 2916 61 75 and
1403 2916 134 75 internal
1551 2916 130 75 jugular
1698 2916 61 75 and
1771 2916 157 75 vertebral
1940 2916 87 75 veins
2040 2916 9 75 ;
2068 2916 35 75 fo
2111 2916 70 75 that
2189 2916 95 75 when

1257 2964 54 75 the
1327 2964 122 75 paflage
1465 2964 40 75 of
1528 2964 55 75 the
1600 2964 97 75 blood
1718 2964 26 75 is
1767 2964 178 75 obftruiled
1968 2964 32 75 in
2023 2964 62 75 any
2112 2964 172 75 particular

1258 3010 101 75 place,
1382 3010 27 75 it
1425 3010 80 75 finds
1519 3010 133 75 another
1668 3010 83 75 way,
1775 3010 44 75 by
1834 3010 105 75 virtue
1955 3010 40 75 of
2005 3010 87 75 thefe
2109 3010 173 75 communi-

1256 3057 136 75 cations,
1416 3057 125 75 though
1558 3057 56 75 not
1637 3057 78 75 with
1732 3057 55 75 the
1803 3057 84 75 fame
1903 3057 80 75 eafe.
