2483 3387
690 184 333 75 ARCH
1078 184 19 75 I
1155 184 39 75 T

191 254 82 75 fide;
300 254 74 75 and,
399 254 41 75 on
459 254 56 75 the
531 254 64 75 fide
611 254 142 75 towards
769 254 56 75 the
843 254 126 75 pannel,
994 254 26 75 it
1037 254 26 75 is
1080 254 143 75 general.-

189 301 35 75 Jy
241 301 93 75 made
345 301 40 75 of
396 301 19 75 a
431 301 155 75 fufficient
598 301 99 75 depth
709 301 35 75 to
756 301 100 75 admit
869 301 55 75 the
935 301 182 75 ornaments
1134 301 41 75 of
1186 301 39 75 an

192 348 192 75 architrave,
410 348 38 75 or
465 348 179 75 architrave
663 348 62 75 and
742 348 139 75 cornice.

239 394 37 75 In
294 394 138 75 Britain,
457 394 137 75 circular
609 394 107 75 rooms
734 394 52 75 are
805 394 55 75 not
885 394 94 75 much
1004 394 36 75 in
1066 394 74 75 ufe;
1167 394 59 75 but

191 441 78 75 they
285 441 54 75 are
356 441 76 75 very
450 441 170 75 beautiful.
667 441 107 75 Their
789 441 112 75 height
918 441 80 75 mult
1015 441 39 75 be
1071 441 56 75 the
1143 441 83 75 fame

194 488 78 75 with
290 488 71 75 that
390 488 40 75 of
453 488 113 75 fquare
595 488 125 75 rooms;
748 488 84 75 their
849 488 131 75 ceilings
998 488 74 75 may
1088 488 39 75 be
1143 488 55 75 fiat
1213 488 10 75 ;

190 535 58 75 but
277 535 78 75 they
383 535 53 75 are
464 535 190 75 handfomer
670 535 92 75 when
791 535 113 75 coved,
932 535 38 75 or
993 535 41 75 of
1051 535 22 75 a
1089 535 138 75 concave

190 582 96 75 form.

238 629 85 75 y/rcs
351 629 191 75 donbleaux,
568 629 37 75 or
623 629 99 75 foffits
750 629 41 75 of
813 629 125 75 arches,
969 629 94 75 when
1085 629 138 75 narrow,

188 675 53 75 are
268 675 209 75 ornamented
505 675 79 75 with
607 675 188 75 guillochis,
829 675 36 75 or
894 675 101 75 frets;
1034 675 69 75 but,
1129 675 94 75 when

187 722 114 75 broad,
328 722 78 75 they
422 722 74 75 may
512 722 40 75 be
571 722 143 75 adorned
730 722 31 75 in
780 722 18 75 a
814 722 150 75 different
983 722 143 75 manner.

237 769 112 75 When
365 769 56 75 the
437 769 129 75 profiles
594 769 40 75 of
657 769 55 75 the
735 769 92 75 room
843 769 54 75 are
914 769 72 75 gilt,
1012 769 55 75 the
1090 769 131 75 ceilings

188 816 102 75 ought
301 816 120 75 likwife
437 816 35 75 to
488 816 40 75 be
545 816 72 75 gilt.
665 816 78 75 The
756 816 89 75 ufual
857 816 134 75 method
1004 816 26 75 is
1047 816 36 75 to
1099 816 68 75 gild
1179 816 44 75 all

186 863 55 75 the
259 863 195 75 ornaments,
472 863 63 75 and
553 863 34 75 to
604 863 90 75 leave
710 863 55 75 the
778 863 140 75 grounds
935 863 111 75 white,
1064 863 86 75 pearl
1167 863 55 75 co-

186 908 84 75 lour,
295 908 84 75 light
397 908 88 75 blue,
509 908 38 75 or
563 908 40 75 of
622 908 63 75 any
700 908 95 75 other
821 908 63 75 tint
908 908 115 75 proper
1044 908 35 75 to
1106 908 47 75 fet
1177 908 53 75 off

189 956 55 75 the
260 956 124 75 gilding
400 956 35 75 to
459 956 187 75 advantage.
696 956 137 75 Painted
855 956 143 75 ceilings,
1023 956 34 75 fd
1074 956 148 75 common

186 1004 34 75 in
236 1004 122 75 France
375 1004 63 75 and
454 1004 98 75 Italy,
578 1004 54 75 are
648 1004 58 75 but
718 1004 85 75 little
815 1004 76 75 ufed
907 1004 32 75 in
955 1004 140 75 Britain.

212 1110 72 75 OF
329 1110 230 75 STAIRS
601 1110 130 75 AND
775 1110 427 75 STAIR-CASES.

235 1188 138 75 There
394 1188 53 75 are
464 1188 96 75 many
576 1188 95 75 kinds
683 1188 41 75 of
735 1188 174 75 flair-cafes
921 1188 10 75 ;
958 1188 53 75 for
1027 1188 32 75 in
1071 1188 85 75 fome
1168 1188 56 75 the

187 1236 80 75 fleps
281 1236 52 75 are
346 1236 91 75 made
449 1236 153 75 flraight;
617 1236 33 75 in
662 1236 124 75 others,
799 1236 158 75 winding;
973 1236 30 75 in
1017 1236 110 75 others
1140 1236 84 75 mixt

187 1283 40 75 of
246 1283 93 75 both.
389 1283 53 75 Of
461 1283 133 75 ftraight
610 1283 103 75 flairs,
742 1283 84 75 fome
843 1283 45 75 fly
909 1283 134 75 dire&ly
1059 1283 163 75 forward;

187 1329 110 75 Others
322 1329 54 75 are
399 1329 134 75 fquare;
558 1329 110 75 others
685 1329 189 75 triangular.
911 1329 123 75 Others
1052 1329 53 75 are
1121 1329 104 75 called

190 1374 128 75 French
336 1374 122 75 flights,
483 1374 37 75 or
543 1374 260 75 winding-flairs,
831 1374 122 75 (which
970 1374 30 75 in
1017 1374 129 75 general
1169 1374 54 75 are

187 1423 103 75 called
306 1423 93 75 fpiral
417 1423 37 75 or
471 1423 256 75 cockle-flairs);
746 1423 40 75 of
798 1423 106 75 which
921 1423 85 75 fome
1023 1423 53 75 are
1088 1423 133 75 fquare;

188 1477 85 75 fome
291 1477 147 75 circular,
464 1477 37 75 or
525 1477 125 75 round;
676 1477 63 75 and
762 1477 87 75 fome
872 1477 165 75 elliptical,
1063 1477 38 75 or
1126 1477 94 75 oval;

186 1517 64 75 and
270 1517 89 75 thefe
375 1517 93 75 again
484 1517 55 75 are
555 1517 151 75 various;
732 1517 52 75 for
803 1517 86 75 fome
906 1517 86 75 wind
1016 1517 96 75 about
1130 1517 19 75 a
1171 1517 50 75 fo-

186 1564 58 75 lid,
263 1564 110 75 others
392 1564 98 75 about
506 1564 38 75 an
561 1564 84 75 open
657 1564 114 75 newel.
814 1564 103 75 Stairs
935 1564 85 75 mixt
1036 1564 39 75 of
1092 1564 130 75 llraight

187 1610 63 75 and
269 1610 140 75 winding
434 1610 81 75 Heps
540 1610 53 75 are
616 1610 65 75 alfo
704 1610 40 75 of
763 1610 127 75 various
914 1610 116 75 kinds;
1057 1610 86 75 fome
1167 1610 55 75 are

189 1657 102 75 called
315 1657 219 75 dog-legged;
565 1657 87 75 fome
679 1657 92 75 there
796 1657 54 75 are
875 1657 72 75 that
971 1657 87 75 wind
1084 1657 98 75 about
1205 1657 19 75 a

185 1704 82 75 folid
291 1704 101 75 newel
408 1704 12 75 ;
456 1704 62 75 and
542 1704 110 75 others
676 1704 73 75 that
771 1704 45 75 fly
840 1704 98 75 about
962 1704 20 75 a
1003 1704 114 75 fquare
1140 1704 83 75 open

186 1751 115 75 newel.

235 1797 106 75 Great
357 1797 72 75 care
445 1797 103 75 ought
564 1797 35 75 to
615 1797 42 75 be
672 1797 97 75 taken
792 1797 32 75 in
849 1797 129 75 placing
1003 1797 40 75 of
1061 1797 56 75 the
1132 1797 90 75 flair-

188 1844 68 75 cafe
273 1844 33 75 in
323 1844 60 75 any
399 1844 168 75 building;
594 1844 63 75 and
678 1844 163 75 therefore
863 1844 173 75 flair-cafes
1059 1844 102 75 ought
1187 1844 35 75 to

187 1892 39 75 be
243 1892 176 75 defcribed,
445 1892 62 75 and
524 1892 192 75 accounted'
716 1892 53 75 for
781 1892 112 75 juflly,
918 1892 94 75 when
1024 1892 56 75 the
1097 1892 73 75 plan
1187 1892 41 75 of

188 1939 18 75 a
222 1939 145 75 building
382 1939 27 75 is
425 1939 106 75 made.
573 1939 65 75 For
655 1939 85 75 want
757 1939 40 75 of
809 1939 77 75 this,
912 1939 178 75 fometimes
1108 1939 113 75 unpar-

188 1983 136 75 donable
341 1983 105 75 errors
471 1983 81 75 have
574 1983 82 75 been
678 1983 208 75 committed:
915 1983 87 75 Such
1020 1983 32 75 as
1070 1983 117 75 having
1204 1983 19 75 a

187 2031 84 75 little
287 2031 90 75 blind
392 2031 159 75 flair-cafe
568 2031 34 75 to
620 2031 18 75 a
653 2031 89 75 large
764 2031 118 75 houfe;
909 2031 49 75 or,
985 2031 41 75 on
1050 2031 55 75 the
1127 2031 94 75 other

187 2077 98 75 hand,
311 2077 35 75 to
363 2077 81 75 have
461 2077 19 75 a
496 2077 87 75 large
600 2077 142 75 fpacious
759 2077 160 75 flair-cafe
942 2077 35 75 to
999 2077 19 75 a
1039 2077 85 75 little
1147 2077 72 75 one.

237 2123 146 75 Palladio
408 2123 82 75 fays,
516 2123 33 75 in
574 2123 126 75 placing
724 2123 188 75 flair-cafes,
936 2123 56 75 the
1008 2123 116 75 utmofl
1147 2123 75 75 care

187 2171 101 75 ought
306 2171 34 75 to
356 2171 40 75 be
413 2171 108 75 taken,
547 2171 26 75 it
589 2171 95 75 being
700 2171 137 75 difficult
855 2171 33 75 to
905 2171 67 75 find
993 2171 18 75 a
1034 2171 89 75 place
1145 2171 76 75 con-

186 2217 127 75 venient
331 2217 51 75 for
397 2217 101 75 them,
523 2217 72 75 that
616 2217 65 75 will
699 2217 57 75 not
779 2217 32 75 at
828 2217 55 75 the
906 2217 84 75 fame
1013 2217 76 75 time
1115 2217 106 75 preju-

190 2265 70 75 dice
278 2265 55 75 the
353 2265 60 75 refl
435 2265 40 75 of
494 2265 55 75 the
565 2265 159 75 building.
773 2265 67 75 But
857 2265 182 75 commonly
1061 2265 56 75 the
1135 2265 86 75 flairs

190 2312 53 75 are
260 2312 112 75 placed
385 2312 29 75 in
432 2312 55 75 the
505 2312 103 75 angle,
634 2312 97 75 wing,
757 2312 37 75 or
810 2312 120 75 middle
947 2312 40 75 of
1006 2312 55 75 the
1073 2312 101 75 front.

235 2358 57 75 To
308 2358 97 75 every
417 2358 157 75 flair-cafe
592 2358 53 75 are
661 2358 151 75 required
828 2358 91 75 three
930 2358 166 75 openings.

236 2405 56 75 Fir
296 2405 35 75 ft,
355 2405 57 75 the
424 2405 81 75 door
520 2405 128 75 leading
665 2405 140 75 thereto.

241 2451 173 75 Secondly,
440 2451 56 75 the
520 2451 151 75 window,
696 2451 38 75 or
758 2451 167 75 windows,
949 2451 72 75 that
1045 2451 72 75 give
1140 2451 84 75 light

194 2499 35 75 to
251 2499 48 75 it;

238 2545 92 75 And,
355 2545 136 75 thirdly,
516 2545 56 75 the
588 2545 144 75 landing.

239 2592 94 75 Firft,
358 2592 56 75 the
429 2592 82 75 door
527 2592 127 75 leading
671 2592 35 75 to
718 2592 19 75 a
752 2592 158 75 flair-cafe
922 2592 112 75 fhould
1048 2592 42 75 be
1106 2592 35 75 fo
1156 2592 67 75 pla-

193 2640 70 75 ced,
289 2640 72 75 that
385 2640 79 75 moil
485 2640 41 75 of
546 2640 55 75 the
625 2640 145 75 building
786 2640 74 75 may
875 2640 41 75 be
937 2640 72 75 feen
1025 2640 111 75 before
1159 2640 64 75 you

193 2686 90 75 come
298 2686 35 75 at
347 2686 57 75 the
421 2686 100 75 flairs,
546 2686 63 75 and
631 2686 31 75 in
679 2686 76 75 fuch
773 2686 18 75 a
808 2686 131 75 manner
963 2686 71 75 that
1051 2686 25 75 it
1092 2686 75 75 may
1182 2686 40 75 be

195 2733 73 75 eafy
284 2733 52 75 for
352 2733 61 75 any
425 2733 111 75 perfon
552 2733 35 75 to
599 2733 66 75 find
681 2733 69 75 out.

243 2778 172 75 Secondly,
441 2778 51 75 for
516 2778 54 75 the
586 2778 177 75 windows;
790 2778 31 75 if
841 2778 90 75 there
955 2778 41 75 be
1019 2778 58 75 but
1101 2778 72 75 one,
1198 2778 26 75 it

194 2823 81 75 mull
286 2823 40 75 be
337 2823 111 75 placed
466 2823 32 75 in
514 2823 56 75 the
586 2823 120 75 middle
722 2823 40 75 of
773 2823 55 75 the
846 2823 171 75 flair-cafe,
1035 2823 71 75 that
1118 2823 106 75 there-

194 2874 46 75 by
256 2874 56 75 the
330 2874 103 75 whole
450 2874 72 75 may
534 2874 40 75 be
585 2874 217 75 enlightened.

243 2919 154 75 Thirdly,
414 2919 56 75 the
486 2919 129 75 landing
631 2919 40 75 of
683 2919 87 75 flairs
788 2919 112 75 fhould
916 2919 40 75 be
972 2919 88 75 large
1077 2919 63 75 and
1155 2919 69 75 fpa-

193 2965 102 75 ciaus,
314 2965 51 75 for
381 2965 55 75 the
449 2965 343 75 convenientxntering
803 2965 68 75 into
884 2965 107 75 rooms
1003 2965 8 75 :
1040 2965 38 75 In
1091 2965 18 75 a
1121 2965 104 75 word,

197 3013 172 75 ftair-cafes
391 3013 112 75 fhould
526 3013 40 75 be
589 3013 155 75 fpacious,
770 3013 95 75 light,
891 3013 62 75 and
969 3013 72 75 eafy
1057 3013 32 75 in
1106 3013 118 75 afcent.

1253 182 34 75 E
1348 182 36 75 C
1442 182 39 75 T
1538 182 44 75 U
1641 182 37 75 II
1736 182 49 75 E.

1277 253 76 75 The
1376 253 112 75 height
1513 253 40 75 of
1571 253 89 75 large
1684 253 81 75 fleps
1789 253 81 75 muft
1895 253 96 75 never
2014 253 40 75 be
2078 253 61 75 lefs
2162 253 78 75 than
2263 253 48 75 fix

1278 299 121 75 inches,
1426 299 60 75 nor
1497 299 88 75 more
1603 299 78 75 than
1697 299 93 75 feven
1807 299 110 75 inches
1933 299 62 75 and
2011 299 19 75 a
2040 299 82 75 half.

1325 346 76 75 The
1425 346 135 75 breadth
1586 346 41 75 of
1651 346 80 75 fleps
1757 346 112 75 fhould
1892 346 96 75 never
2010 346 40 75 be
2075 346 59 75 lefs
2162 346 78 75 than
2268 346 43 75 10

1277 392 120 75 inches,
1416 392 59 75 nor
1491 392 89 75 more
1592 392 77 75 than
1687 392 39 75 18
1740 392 109 75 inches
1861 392 10 75 ;
1898 392 62 75 and
1976 392 55 75 the
2043 392 111 75 length
2171 392 40 75 of
2223 392 89 75 them

1277 439 56 75 not
1349 439 60 75 lefs
1427 439 77 75 than
1522 439 90 75 three
1629 439 78 75 feet,
1732 439 60 75 nor
1808 439 89 75 more
1913 439 77 75 than
2012 439 54 75 12.

1324 486 92 75 Plate
1433 486 168 75 XXXIV.
1628 486 74 75 Fig.
1726 486 29 75 1.
1781 486 33 75 A
1831 486 157 75 flair-cafe
2005 486 40 75 of
2056 486 67 75 two
2139 486 174 75 flights.

1278 532 36 75 ^
1328 532 97 75 fhews
1442 532 57 75 the
1514 532 132 75 manner
1665 532 41 75 of
1723 532 145 75 drawing
1885 532 54 75 the
1963 532 105 75 ramp,
2093 532 106 75 which
2222 532 28 75 is
2274 532 36 75 te

1276 579 60 75 rife
1352 579 95 75 equal
1464 579 36 75 to
1515 579 56 75 the
1582 579 113 75 height
1707 579 41 75 of
1759 579 55 75 the
1831 579 64 75 firft
1911 579 65 75 ftep
1989 579 40 75 of
2040 579 56 75 the
2112 579 81 75 next
2204 579 106 75 flight,

1276 626 63 75 and
1362 626 34 75 as
1418 626 96 75 much
1538 626 34 75 as
1596 626 42 75 its
1667 626 167 75 kneeling;
1862 626 33 75 as
1919 626 26 75 is
1965 626 105 75 fhewn
2086 626 44 75 by
2147 626 55 75 the
2218 626 95 75 ramp

1274 672 203 75 interfering
1493 672 55 75 the
1566 672 58 75 rail
1641 672 42 75 of
1694 672 56 75 the
1772 672 117 75 fecond
1907 672 105 75 flight.

1322 720 74 75 Fig.
1423 720 35 75 2.
1509 720 114 75 Shews
1641 720 56 75 the
1716 720 133 75 flraight
1871 720 63 75 rail
1956 720 201 75 interfering
2173 720 20 75 a
2208 720 103 75 circu-

1271 765 50 75 lar
1340 765 71 75 cap.

1321 813 72 75 Fig.
1421 813 35 75 3.
1506 813 128 75 Serion
1651 813 41 75 of
1709 813 67 75 two
1803 813 151 75 different
1969 813 193 75 hand-rails.

1321 859 72 75 Fig.
1419 859 35 75 4.
1505 859 113 75 Shews
1635 859 55 75 the
1706 859 131 75 manner
1853 859 40 75 of
1910 859 214 75 dove-tailing
2151 859 56 75 the
2235 859 76 75 rifer

1274 905 69 75 into
1360 905 55 75 the
1432 905 77 75 ftep.

1322 952 92 75 Plate
1430 952 152 75 XXXV.
1605 952 75 75 Fig.
1703 952 31 75 1.
1783 952 193 75 Reprefents
1998 952 19 75 a
2032 952 173 75 flair-cafe,
2230 952 80 75 with

1274 999 123 75 flights,
1424 999 63 75 and
1502 999 42 75 its
1561 999 131 75 landing
1708 999 72 75 rail.

1324 1046 72 75 Fig.
1424 1046 34 75 2.
1509 1046 112 75 Shews
1639 1046 55 75 the
1706 1046 81 75 folid
1799 1046 71 75 part
1881 1046 40 75 of
1931 1046 56 75 the
1999 1046 63 75 flep
2079 1046 58 75 out
2153 1046 40 75 of
2204 1046 106 75 which

1273 1093 58 75 the
1348 1093 93 75 fcroll
1458 1093 27 75 is
1502 1093 147 75 formed;
1679 1093 108 75 where
1804 1093 21 75 a
1843 1093 175 75 reprefents
2035 1093 65 75 the'
2115 1093 138 75 overfail
2274 1093 43 75 of

1275 1138 56 75 the
1346 1138 65 75 flep
1426 1138 10 75 ;
1463 1138 30 75 b,
1517 1138 77 75 The
1611 1138 160 75 thicknefs
1787 1138 42 75 of
1850 1138 56 75 the
1923 1138 144 75 bracket,
2092 1138 79 75 with
2188 1138 41 75 its
2248 1138 62 75 mi-

1275 1183 94 75 tring
1384 1183 35 75 to
1437 1183 55 75 the
1508 1183 104 75 rifer,
1638 1183 75 75 and,
1740 1183 29 75 c.
1786 1183 78 75 The
1876 1183 244 75 firing-board.

1324 1232 72 75 Fig.
1423 1232 35 75 4.
1509 1232 186 75 Shews,the
1711 1232 84 75 fcale
1821 1232 54 75 for
1902 1232 144 75 drawing
2072 1232 56 75 the
2152 1232 94 75 fcroll
2273 1232 42 75 of

1276 1277 54 75 fig.
1359 1277 139 75 3.To
1514 1277 141 75 perform
1672 1277 118 75 which,
1816 1277 75 75 take
1908 1277 56 75 the
1979 1277 138 75 diflance
2134 1277 84 75 from
2240 1277 13 75 1
2275 1277 39 75 to

1276 1324 55 75 the
1347 1324 121 75 centre,
1493 1324 31 75 in
1542 1324 55 75 fig.
1619 1324 32 75 3.
1677 1324 63 75 and
1762 1324 47 75 fet
1830 1324 27 75 it
1879 1324 86 75 from
1986 1324 14 75 1
2020 1324 36 75 to
2073 1324 55 75 the
2144 1324 109 75 centre
2278 1324 33 75 in

1274 1371 56 75 fig.
1349 1371 55 75 4.;
1438 1371 108 75 divide
1573 1371 72 75 that
1669 1371 114 75 extent
1809 1371 69 75 into
1905 1371 91 75 three
2023 1371 101 75 parts,
2159 1371 78 75 then
2263 1371 48 75 fet

1274 1417 75 75 four
1365 1417 75 75 fuch
1457 1417 87 75 parts
1561 1417 42 75 on
1620 1417 54 75 the
1691 1417 100 75 upper
1807 1417 64 75 fide
1888 1417 39 75 of
1949 1417 56 75 the
2022 1417 95 75 fcale,
2142 1417 61 75 and
2220 1417 91 75 draw

1277 1464 54 75 the
1347 1464 64 75 line
1423 1464 85 75 from
1522 1464 21 75 4
1556 1464 35 75 to
1608 1464 13 75 x
1637 1464 10 75 ;
1674 1464 46 75 fet
1737 1464 60 75 one
1813 1464 72 75 foot
1901 1464 41 75 of
1953 1464 82 75 your
2046 1464 171 75 compaffes
2230 1464 32 75 at
2275 1464 35 75 4,

1274 1511 62 75 and
1353 1511 95 75 ftrike
1464 1511 56 75 the
1540 1511 135 75 circular
1690 1511 65 75 line
1769 1511 11 75 ;
1805 1511 48 75 let
1873 1511 70 75 that
1966 1511 40 75 be
2030 1511 130 75 divided
2176 1511 69 75 into
2268 1511 39 75 12

1275 1558 95 75 equal
1393 1558 100 75 parts,
1518 1558 63 75 and
1597 1558 77 75 then
1697 1558 90 75 draw
1810 1558 81 75 lines
1913 1558 86 75 from
2021 1558 22 75 4
2061 1558 141 75 through
2219 1558 92 75 thofe

1274 1604 148 75 divifions
1447 1604 36 75 to
1510 1604 56 75 the
1584 1604 129 75 upright
1729 1604 77 75 line.

1323 1651 77 75 The
1415 1651 83 75 fcale
1514 1651 94 75 being
1624 1651 74 75 thus
1715 1651 105 75 made,
1843 1651 91 75 draw
1950 1651 56 75 the
2022 1651 96 75 fcroll
2140 1651 42 75 of
2197 1651 56 75 fig.
2274 1651 33 75 3.

1275 1698 44 75 by
1341 1698 27 75 it
1385 1698 32 75 in
1438 1698 56 75 the
1511 1698 166 75 following
1693 1698 142 75 manner.

1325 1744 56 75 Set
1399 1744 61 75 one
1476 1744 72 75 foot
1576 1744 40 75 of
1633 1744 81 75 your
1743 1744 171 75 compaffes
1941 1744 34 75 in
1997 1744 31 75 1,
2054 1744 64 75 and
2133 1744 142 75 defcribe
2292 1744 19 75 a

1274 1791 214 75 flrokeatc;
1516 1791 74 75 take
1606 1791 56 75 the
1678 1791 84 75 fame
1779 1791 149 75 diftance,
1954 1791 63 75 and
2043 1791 79 75 with
2151 1791 60 75 one
2237 1791 72 75 foot

1275 1837 32 75 in
1328 1837 33 75 2,
1388 1837 84 75 crofs
1495 1837 56 75 the
1567 1837 104 75 ftroke
1689 1837 32 75 at
1738 1837 38 75 c;
1802 1837 78 75 then
1905 1837 86 75 from
2007 1837 30 75 c,
2061 1837 74 75 turn
2155 1837 57 75 the
2237 1837 72 75 part

1274 1884 84 75 from
1380 1884 12 75 1
1414 1884 35 75 to
1467 1884 33 75 2,
1527 1884 62 75 and
1615 1884 139 75 proceed
1778 1884 32 75 in
1838 1884 56 75 the
1921 1884 84 75 fame
2032 1884 132 75 manner
2178 1884 9 75 ;
2214 1884 52 75 for
2282 1884 32 75 if

1276 1930 54 75 the
1347 1930 138 75 diftance
1497 1930 85 75 were
1598 1930 97 75 taken
1711 1930 33 75 in
1757 1930 54 75 the
1826 1930 85 75 fcale
1923 1930 86 75 from
2031 1930 13 75 1
2065 1930 36 75 to
2120 1930 55 75 the
2187 1930 120 75 centre*

1274 1976 25 75 it
1316 1976 108 75 would
1440 1976 95 75 ftrike
1551 1976 56 75 the
1628 1976 98 75 circle
1748 1976 58 75 too
1821 1976 76 75 flat;
1926 1976 62 75 and
2011 1976 31 75 if
2058 1976 96 75 taken
2170 1976 86 75 from
2273 1976 34 75 2,

1274 2023 26 75 it
1318 2023 109 75 would
1445 2023 96 75 ftrike
1556 2023 56 75 the
1629 2023 95 75 circle
1740 2023 56 75 too
1813 2023 110 75 quick.

1320 2070 111 75 When
1449 2070 63 75 this
1528 2070 27 75 is
1573 2070 73 75 well
1662 2070 204 75 underftood,
1890 2070 93 75 there
2000 2070 66 75 will
2083 2070 41 75 be
2143 2070 84 75 little
2243 2070 64 75 dif-
2324 2070 6 75 -

1272 2116 113 75 ficulty
1401 2116 32 75 in
1452 2116 146 75 drawing
1614 2116 56 75 the
1687 2116 93 75 fcroll
1791 2116 105 75 below
1912 2116 55 75 fig.
1986 2116 57 75 2.;
2069 2116 106 75 which
2187 2116 121 75 throws

1258 2163 105 75 itfelf
1374 2163 58 75 out
1449 2163 124 75 farther
1597 2163 33 75 in
1653 2163 190 75 proportion
1866 2163 78 75 than
1961 2163 71 75 that
2041 2163 39 75 In
2098 2163 54 75 fig.
2173 2163 55 75 3.;
2255 2163 54 75 for

1275 2210 64 75 this
1356 2210 67 75 will
1440 2210 119 75 always
1587 2210 40 75 be
1654 2210 56 75 the
1727 2210 69 75 cafe
1812 2210 94 75 when
1922 2210 56 75 the
1994 2210 99 75 upper
2109 2210 64 75 line
2189 2210 41 75 of
2253 2210 56 75 the

1273 2257 95 75 fcale,
1386 2257 105 75 which
1508 2257 123 75 confifts
1649 2257 41 75 of
1701 2257 73 75 four
1786 2257 148 75 divifions
1946 2257 31 75 in
1990 2257 55 75 fig.
2055 2257 34 75 4.
2106 2257 26 75 is
2146 2257 92 75 made
2250 2257 59 75 but

1274 2304 79 75 with
1371 2304 90 75 three
1477 2304 147 75 divifions
1643 2304 37 75 or
1696 2304 60 75 lefs
1769 2304 10 75 ;
1806 2304 131 75 whence
1957 2304 27 75 it
1996 2304 144 75 appears,
2158 2304 70 75 that
2252 2304 56 75 the

1274 2350 99 75 tipper
1389 2350 64 75 line
1465 2350 40 75 of
1516 2350 55 75 the
1587 2350 83 75 fcale
1686 2350 74 75 may
1776 2350 39 75 be
1832 2350 113 75 drawn
1962 2350 34 75 at
2011 2350 87 75 v/hat
2114 2350 112 75 length
2243 2350 66 75 you

1275 2398 116 75 pleafe,
1417 2398 171 75 according
1605 2398 34 75 as
1656 2398 64 75 you
1737 2398 109 75 would
1871 2398 93 75 bring
1980 2398 33 75 in
2028 2398 38 75 or
2083 2398 81 75 keep
2180 2398 56 75 out
2253 2398 56 75 the

1275 2444 106 75 fcroll.

1323 2492 91 75 Plate
1430 2492 171 75 XXXVI.
1644 2492 114 75 Shews
1775 2492 56 75 the
1849 2492 131 75 manner
1996 2492 40 75 of
2047 2492 149 75 fquaring
2212 2492 98 75 twift-

1277 2536 87 75 rails.

1323 2584 73 75 Fig.
1422 2584 33 75 2.
1505 2584 156 75 Exhibits
1678 2584 55 75 the
1749 2584 221 75 pitch-board,
1988 2584 35 75 to
2040 2584 83 75 ffiew
2138 2584 87 75 what
2237 2584 73 75 part

1276 2631 39 75 of
1337 2631 56 75 the
1413 2631 64 75 ftep
1501 2631 56 75 the
1573 2631 125 75 twilled
1723 2631 70 75 part
1820 2631 42 75 of
1884 2631 56 75 the
1968 2631 58 75 rail
2054 2631 165 75 contains;
2250 2631 57 75 the

1276 2677 90 75 three
1382 2677 100 75 doted
1497 2677 80 75 lines
1594 2677 110 75 drawn
1722 2677 84 75 from
1821 2677 58 75 the
1895 2677 59 75 rail
1976 2677 35 75 to
2027 2677 56 75 the
2105 2677 206 75 pitch-board

1275 2723 159 75 reprefent
1451 2723 56 75 the
1523 2723 101 75 width
1640 2723 40 75 of
1693 2723 54 75 the
1758 2723 72 75 rail,
1855 2723 105 75 which
1978 2723 26 75 is
2021 2723 35 75 to
2068 2723 39 75 be
2119 2723 77 75 kept
2213 2723 94 75 level.

1275 2770 77 75 The
1367 2770 99 75 doted
1479 2770 82 75 lines
1577 2770 22 75 a
1617 2770 62 75 and
1696 2770 17 75 b
1729 2770 82 75 Ihew
1835 2770 75 75 how
1933 2770 94 75 much
2043 2770 75 75 half
2137 2770 54 75 the
2208 2770 101 75 width

1278 2817 40 75 of
1329 2817 55 75 the
1401 2817 58 75 rail
1473 2817 89 75 turns
1582 2817 42 75 up
1640 2817 84 75 from
1742 2817 42 75 its
1804 2817 64 75 firft
1885 2817 169 75 beginning
2078 2817 35 75 to
2132 2817 33 75 3.

1324 2865 72 75 Fig.
1425 2865 33 75 3.
1509 2865 112 75 Shews
1646 2865 55 75 the
1717 2865 83 75 fame
1816 2865 219 75 pitch-board,
2053 2865 78 75 with
2148 2865 55 75 the
2220 2865 89 75 man-

1277 2907 56 75 ner
1348 2907 41 75 of
1401 2907 56 75 the
1474 2907 86 75 rails
1579 2907 130 75 turning
1725 2907 55 75 up.
1830 2907 199 75 Ifthefid.es
2053 2907 40 75 of
2115 2907 56 75 the
2187 2907 124 75 twilled

1278 2957 70 75 part
1365 2957 40 75 of
1418 2957 54 75 the
1486 2957 57 75 rail
1562 2957 38 75 be
1617 2957 114 75 lhaped
1750 2957 42 75 by
1801 2957 65 75 the
1881 2957 199 75 rail-mould,
2105 2957 33 75 fo
2151 2957 70 75 that
2233 2957 78 75 they

1277 3005 99 75 direcft
1392 3005 94 75 down
1506 3005 36 75 to
1561 3005 42 75 its
1623 3005 228 75 ground-plan,
1877 3005 71 75 that
1970 3005 41 75 is,
2035 3005 57 75 the
2121 3005 99 75 upper
2245 3005 64 75 fide
2275 3045 42 75 of
