2396 3377
509 127 41 75 A
608 127 49 75 M
716 127 36 75 E

1084 127 163 75 (134

183 196 78 75 they
275 196 55 75 led
348 196 17 75 a
381 196 117 75 vidtim,
523 196 64 75 and
602 196 190 75 afterwards
814 196 161 75 facriiked
997 196 38 75 if,
1060 196 33 75 in
1117 196 53 75 or-

185 242 58 75 der
258 242 35 75 to
309 242 89 75 avert
409 242 86 75 fome
511 242 151 75 calamity
677 242 72 75 that
765 242 191 75 threatened
970 242 56 75 the
1042 242 80 75 city.

139 288 73 75 AM
215 288 144 75 BURY,
384 288 38 75 or
442 288 176 75 Anbury,
644 288 115 75 among
774 288 143 75 farriers,
942 288 134 75 denotes
1088 288 19 75 a
1119 288 51 75 tu-

183 335 83 75 mor,
290 335 94 75 wart,
409 335 38 75 or
469 335 156 75 fwelling,
649 335 107 75 which
780 335 27 75 is
831 335 65 75 foft
919 335 36 75 to
980 335 56 75 the
1058 335 110 75 touch,

184 382 63 75 and
258 382 61 75 full
331 382 39 75 of
388 382 111 75 blood.

231 429 85 75 This
336 429 143 75 diforder
496 429 39 75 of
553 429 109 75 horfes
685 429 27 75 is
737 429 98 75 cured
859 429 44 75 by
918 429 92 75 tying
1027 429 19 75 a
1061 429 109 75 horfe-

183 476 72 75 hair
275 476 80 75 very
371 476 83 75 hard
470 476 97 75 about
580 476 41 75 its
639 476 84 75 root,
750 476 74 75 and,
841 476 94 75 when
952 476 26 75 it
996 476 56 75 has
1070 476 100 75 fallen

151 523 8 75 „
183 523 60 75 off,
269 523 107 75 which
404 523 183 75 commonly
610 523 142 75 happens
779 523 31 75 in
836 523 99 75 about
960 523 89 75 eight
1076 523 93 75 days,

183 569 147 75 brewing
345 569 85 75 fome
452 569 132 75 powder
606 569 41 75 of
665 569 162 75 verdcgris
844 569 86 75 upon
946 569 56 75 the
1026 569 84 75 part,
1135 569 35 75 to

184 616 132 75 prevent
340 616 57 75 the
421 616 109 75 return
555 616 40 75 of
614 616 56 75 the
693 616 185 75 complaint.
927 616 38 75 If
983 616 56 75 the
1062 616 109 75 tumor

184 663 40 75 be
236 663 34 75 fo
286 663 64 75 low
366 663 71 75 that
453 663 136 75 nothing
605 663 57 75 can
688 663 40 75 be
746 663 67 75 tied
830 663 97 75 about
951 663 38 75 it,
1015 663 79 75 they
1116 663 55 75 cut

183 709 26 75 it
225 709 57 75 out
299 709 79 75 with
403 709 18 75 a
444 709 101 75 knife,
571 709 37 75 or
631 709 63 75 elfe
719 709 81 75 burn
826 709 26 75 it
877 709 52 75 off
948 709 80 75 with
1045 709 19 75 a
1079 709 90 75 fliarp

181 756 60 75 hot
256 756 93 75 iron;
376 756 74 75 and,
475 756 32 75 in
529 756 115 75 finewy
667 756 102 75 parts,
793 756 108 75 where
926 756 19 75 a
967 756 59 75 hot
1048 756 70 75 iron
1142 756 27 75 is

182 803 171 75 improper,
371 803 78 75 they
466 803 51 75 eat
534 803 26 75 it
577 803 90 75 away
684 803 79 75 with
776 803 44 75 oil
832 803 41 75 of
882 803 123 75 vitriol,
1023 803 38 75 or
1072 803 99 75 white

182 850 179 75 fublimate.

134 897 318 75 AMBUSCADE,
478 897 37 75 or
532 897 178 75 Ambush,
736 897 31 75 in
784 897 56 75 the
856 897 142 75 military
1010 897 62 75 art,
1094 897 77 75 pro-

181 944 90 75 perly
286 944 133 75 denotes
432 944 18 75 a
463 944 88 75 place
568 944 108 75 where
693 944 130 75 foldiers
841 944 72 75 may
924 944 43 75 lie
984 944 184 75 concealed,

181 990 50 75 till
248 990 78 75 they
342 990 66 75 find
425 990 39 75 an
481 990 212 75 opportunity
709 990 35 75 to
761 990 132 75 iurprife
910 990 57 75 the
983 990 126 75 enemy.

134 1040 307 75 AMBUSTION,
467 1040 79 75 with
565 1040 188 75 phyficians,
779 1040 54 75 the
851 1040 84 75 fame
947 1040 78 75 with
1039 1040 18 75 a
1073 1040 94 75 burn.

132 1086 153 75 AMBY,
318 1086 19 75 a
361 1086 88 75 town
474 1086 41 75 of
534 1086 55 75 the
621 1086 147 75 Au(Irian
793 1086 231 75 Netherlands,
1056 1086 32 75 in
1112 1086 57 75 the

179 1132 150 75 province
350 1132 39 75 of
409 1132 171 75 Limburg,
605 1132 134 75 fitnated
756 1132 141 75 oppofite
914 1132 35 75 to
965 1132 202 75 Maefiricht,

180 1179 41 75 on
239 1179 54 75 the
310 1179 142 75 eaft-fide
465 1179 39 75 of
517 1179 55 75 the
585 1179 84 75 river
686 1179 122 75 Maefe,
834 1179 32 75 in
886 1179 17 75 5
903 1161 25 49 0
948 1179 55 75 45'
1021 1179 44 75 E.
1078 1179 89 75 long,

181 1224 63 75 and
264 1224 64 75 50°
352 1224 54 75 56'
406 1224 11 75 ,
443 1224 118 75 N.lat.

130 1273 159 75 AMED,
315 1273 38 75 or
376 1273 150 75 Amida,
553 1273 18 75 a
594 1273 68 75 city
689 1273 41 75 of
748 1273 76 75 Afia
850 1273 32 75 in
907 1273 258 75 Mefopotamia:

179 1320 57 75 the
256 1320 161 75 Arabians
441 1320 60 75 call
518 1320 25 75 it
565 1320 195 75 Diarbtker,
785 1320 65 75 and
865 1320 56 75 the
936 1320 111 75 Turks
1064 1320 105 75 Kara-

178 1366 121 75 Amed.

130 1414 311 75 AMEDEWAT.
492 1414 61 75 See
566 1414 63 75 Am
638 1414 167 75 adabat.

129 1462 274 75 AMEDIANS,
428 1462 33 75 in
485 1462 270 75 church-hiftory,
772 1462 27 75 ,a
815 1462 226 75 congregation
1058 1462 41 75 of
1118 1462 50 75 re-

176 1508 116 75 ligious
316 1508 31 75 in
364 1508 99 75 Italy,
488 1508 35 75 fo
546 1508 105 75 called
667 1508 85 75 from
777 1508 85 75 their
880 1508 166 75 profeiiing
1063 1508 105 75 them-

176 1555 100 75 felves
300 1555 148 75 amanies
467 1555 120 75 Deutn,
612 1555 106 75 lovers
736 1555 40 75 of
794 1555 102 75 God;
923 1555 37 75 or
986 1555 118 75 rather,
1130 1555 37 75 a-

176 1600 85 75 wlati
279 1600 83 75 Deo,
387 1600 138 75 beloved
540 1600 41 75 of
598 1600 93 75 God.

128 1649 75 75 AM
209 1649 45 75 El
259 1649 29 75 V
291 1649 45 75 A,
362 1649 34 75 in
412 1649 153 75 zoology,
590 1649 56 75 the
662 1649 106 75 trivial
791 1649 92 75 name
901 1649 41 75 of
961 1649 19 75 a
998 1649 118 75 fpecies
1133 1649 42 75 of

176 1694 132 75 lacerta.
360 1694 63 75 See
441 1694 205 75 Lacerta.

129 1741 154 75 AMEL,
309 1741 17 75 a
342 1741 81 75 term
441 1741 185 75 frequently
641 1741 77 75 ufed
739 1741 45 75 by
797 1741 62 75 Mr
882 1741 117 75 Boyle,
1025 1741 32 75 in
1082 1741 18 75 a
1116 1741 51 75 fy-

178 1788 165 75 nonimous
360 1788 84 75 fenfe
461 1788 79 75 with
554 1788 137 75 enamel.
742 1788 62 75 See
820 1788 181 75 Enamel.

128 1836 142 75 AMEL
275 1836 117 75 AND,
417 1836 38 75 an
473 1836 98 75 ifland
587 1836 40 75 of
646 1836 55 75 the
713 1836 125 75 United
851 1836 185 75 Provinces,
1063 1836 32 75 in
1108 1836 57 75 the

176 1884 151 75 German*
349 1884 125 75 Ocean,
507 1884 77 75 near
612 1884 56 75 the
691 1884 85 75 coaft
800 1884 42 75 of
860 1884 184 75 Friezland,
1080 1884 85 75 from

175 1928 104 75 which
292 1928 25 75 it
330 1928 27 75 is
370 1928 165 75 feparated
551 1928 43 75 by
607 1928 20 75 a
641 1928 132 75 ftraight
785 1928 104 75 called
901 1928 55 75 the
973 1928 118 75 Wadt.

128 1980 294 75 AMELBURG,
447 1980 32 75 in
502 1980 197 75 geography,
725 1980 56 75 the
805 1980 83 75 fame
913 1980 79 75 with
1008 1980 158 75 Ommen-

177 2020 94 75 burg.
322 2020 62 75 See
400 2020 272 75 Ommenburg.

128 2069 206 75 AMELIA,
361 2069 18 75 a
395 2069 68 75 city
479 2069 40 75 of
530 2069 98 75 Italy,
645 2069 135 75 fitnated
792 2069 40 75 on
850 2069 17 75 a
884 2069 163 75 mountain
1065 2069 98 75 about

175 2114 74 75 fifty
264 2114 90 75 miles
375 2114 48 75 N.
440 2114 45 75 E.
507 2114 40 75 of
565 2114 121 75 Rome,
710 2114 33 75 in
764 2114 39 75 13
803 2096 25 49 0
848 2114 55 75 20'
922 2114 44 75 E.
983 2114 92 75 long,
1101 2114 64 75 and

177 2163 40 75 42
225 2145 17 49 0
263 2163 57 75 4c/
335 2163 50 75 N.
405 2163 60 75 lat.

924 2163 24 75 _

127 2209 251 75 AME'LLUS,
403 2209 32 75 in
449 2209 133 75 botany,
608 2209 19 75 a
642 2209 99 75 genus
757 2209 41 75 of
807 2209 59 75 the
876 2209 178 75 fyngenefia
1070 2209 93 75 poly-

173 2255 104 75 gamia
289 2255 157 75 fuperfiua
462 2255 91 75 clafs.
602 2255 77 75 The
695 2255 179 75 receptacle
898 2255 40 75 of
957 2255 56 75 the
1030 2255 134 75 amellus

173 2301 26 75 is
216 2301 208 75 paleaceous;
450 2301 56 75 the
523 2301 86 75 calix
625 2301 26 75 is
664 2301 193 75 fquarrous;
886 2301 63 75 and
966 2301 55 75 the
1038 2301 72 75 rays
1128 2301 41 75 of

174 2347 57 75 the
248 2347 162 75 corollulse
427 2347 187 75 undivided.
661 2347 114 75 There
793 2347 52 75 are
862 2347 79 75 only
962 2347 67 75 two
1044 2347 121 75 fpecies

173 2396 40 75 of
224 2396 71 75 this,
305 2396 110 75 genus,
433 2396 67 75 viz.
523 2396 55 75 the
595 2396 163 75 lychnitisj
777 2396 19 75 a
807 2396 105 75 native
929 2396 40 75 of
980 2396 55 75 the
1048 2396 111 75 Cape;

173 2443 62 75 and
247 2443 56 75 the
314 2443 206 75 umbellatus,
544 2443 19 75 a
579 2443 105 75 native
696 2443 40 75 of
755 2443 154 75 Jamaica.

125 2489 158 75 AMEN,
308 2489 33 75 in
360 2489 56 75 the
432 2489 338 75 fcripture-language,
796 2489 19 75 a
830 2489 118 75 folemn
966 2489 139 75 formula
1124 2489 37 75 or

174 2534 176 75 conclufion
362 2534 37 75 to
415 2534 42 75 all
475 2534 146 75 prayers,
642 2534 184 75 fignifying.
850 2534 43 75 So
910 2534 35 75 be
959 2534 43 75 it.

126 2583 194 75 AMEND,
346 2583 37 75 or
405 2583 176 75 Amenoe,
604 2583 34 75 in
661 2583 55 75 the
742 2583 126 75 French
896 2583 149 75 cuftoms,
1071 2583 19 75 a
1105 2583 55 75 pe-

174 2629 131 75 cuniary
321 2629 198 75 punilhment
533 2629 143 75 impofed
687 2629 44 75 by
743 2629 19 75 a
780 2629 101 75 judge
898 2629 52 75 for
965 2629 62 75 any
1049 2629 111 75 crime,

172 2675 78 75 falfe
262 2675 214 75 proiecution.
501 2675 37 75 Or
555 2675 185 75 groundlefs
758 2675 127 75 appeal.

125 2722 166 75 Amende
311 2722 180 75 honorable,
516 2722 39 75 an
572 2722 157 75 infamous
741 2722 78 75 kind
835 2722 40 75 of
893 2722 198 75 punilhment
1111 2722 48 75 in-

172 2769 105 75 flifted
293 2769 34 75 in
343 2769 122 75 France
489 2769 84 75 upon
591 2769 142 75 traitors,
759 2769 188 75 parricides,
971 2769 39 75 or
1032 2769 126 75 facrile-

173 2816 91 75 gious
280 2816 141 75 perlbns,
447 2816 31 75 in
496 2816 56 75 the
568 2816 166 75 following
746 2816 130 75 manner
887 2816 8 75 :
921 2816 77 75 The
1015 2816 146 75 offender

172 2861 95 75 being
290 2861 164 75 delivered
476 2861 69 75 into
568 2861 55 75 the
647 2861 103 75 hands
772 2861 41 75 of
831 2861 57 75 the
913 2861 169 75 hangman,
1108 2861 50 75 his

173 2908 77 75 Ihirt
265 2908 27 75 is
315 2908 140 75 llripped
470 2908 59 75 off,
556 2908 62 75 and
642 2908 19 75 a
684 2908 77 75 rope
786 2908 58 75 put
865 2908 99 75 about
988 2908 50 75 his
1062 2908 97 75 neck,

174 2954 62 75 and
253 2954 17 75 a
287 2954 89 75 taper
398 2954 32 75 in
453 2954 50 75 his
525 2954 107 75 hand;
658 2954 77 75 then
759 2954 40 75 he
824 2954 26 75 is
878 2954 54 75 led
957 2954 69 75 into
1050 2954 106 75 court,

173 3003 107 75 where
305 3003 42 75 he
375 3003 79 75 muft
481 3003 62 75 beg
570 3003 121 75 pardon
719 3003 40 75 of
778 3003 91 75 God,
903 3003 55 75 the
985 3003 90 75 king,
1100 3003 56 75 the

1304 126 18 75 )

1670 126 44 75 A
1773 126 48 75 M
1878 126 35 75 E

1271 193 103 75 court,
1401 193 63 75 and
1489 193 49 75 his
1563 193 149 75 country.
1762 193 194 75 Sometimes
1979 193 57 75 the
2061 193 196 75 puniflimCnt

1271 240 77 75 ends
1364 240 77 75 here
1453 240 9 75 ;
1481 240 249 75 butfometimes
1746 240 26 75 it
1783 240 28 75 is
1828 240 77 75 only
1917 240 19 75 a
1951 240 132 75 prelude
2094 240 35 75 to
2145 240 110 75 death,

1269 287 47 75 or
1324 287 197 75 banilhment
1536 287 37 75 to
1589 287 57 75 the
1662 287 123 75 gallies.

1224 334 166 75 Amende
1409 334 169 75 honorable
1592 334 27 75 is
1637 334 18 75 a
1671 334 82 75 term
1771 334 65 75 alfo
1853 334 75 75 ufed
1939 334 53 75 for
2003 334 129 75 making
2148 334 108 75 recan-

1272 381 101 75 tation
1391 381 32 75 in
1440 381 82 75 open
1543 381 106 75 Court,
1675 381 38 75 or
1736 381 32 75 in
1785 381 147 75 prefence
1948 381 40 75 of
2008 381 55 75 the
2080 381 112 75 peifon
2209 381 48 75 in-

1268 427 109 75 jured.

1223 474 364 75 AMENDOLARA,
1614 474 18 75 a
1645 474 66 75 city
1722 474 41 75 of
1774 474 54 75 the
1841 474 153 75 kingdom
2010 474 41 75 of
2070 474 135 75 Naples,
2223 474 33 75 in

1270 521 55 75 the
1342 521 120 75 Hither
1479 521 164 75 Calabria.

1222 568 340 75 AMENDMENT,
1588 568 32 75 in
1644 568 18 75 a
1678 568 128 75 general
1823 568 97 75 fenfe,
1945 568 133 75 denotes
2100 568 86 75 fome
2210 568 46 75 al-

1269 614 137 75 teration
1423 614 38 75 or
1477 614 122 75 change
1611 614 93 75 made
1721 614 32 75 in
1771 614 18 75 a
1806 614 91 75 thing
1915 614 50 75 for
1981 614 56 75 the
2048 614 119 75 better.

1223 662 269 75 Amendment,
1517 662 124 75 inlaw,
1670 662 56 75 the
1743 662 176 75 correction
1942 662 40 75 of
2002 662 39 75 an
2064 662 90 75 error
2170 662 86 75 com-

1269 709 115 75 mitted
1399 709 32 75 in
1449 709 18 75 a
1478 709 136 75 procefs,
1635 709 104 75 which
1751 709 74 75 may
1842 709 39 75 be
1896 709 157 75 amended
2064 709 84 75 after
2160 709 100 75 judg-*

1271 754 98 75 ment,
1395 754 102 75 unlefs
1522 754 56 75 the
1601 754 89 75 error
1706 754 58 75 lies
1780 754 32 75 in
1829 754 108 75 giving
1950 754 183 75 judgment,
2158 754 51 75 for
2225 754 33 75 in

1269 801 71 75 that
1357 801 68 75 cafe
1441 801 26 75 it
1483 801 27 75 is
1528 801 56 75 not
1602 801 197 75 amendable,
1819 801 57 75 but
1893 801 56 75 the
1965 801 95 75 party
2072 801 80 75 mult
2164 801 93 75 bring

1270 848 19 75 a
1300 848 73 75 writ
1389 848 41 75 of
1448 848 103 75 error.

1317 896 32 75 A
1367 896 56 75 bill
1440 896 73 75 may
1530 896 40 75 be
1586 896 157 75 amended
1758 896 40 75 on
1816 896 56 75 the
1896 896 52 75 file
1965 896 33 75 at
2022 896 62 75 any
2100 896 77 75 time
2199 896 56 75 be-

1270 941 70 75 fore
1356 941 55 75 the
1427 941 72 75 plea
1514 941 26 75 is
1557 941 156 75 pleaded;
1741 941 57 75 but
1818 941 58 75 not
1891 941 203 75 afterwards,
2120 941 138 75 without

1271 989 122 75 motion
1409 989 63 75 and
1487 989 89 75 leave
1593 989 40 75 of
1652 989 56 75 the
1724 989 105 75 court.

1222 1036 255 75 Amendment
1495 1036 43 75 of
1543 1036 21 75 a
1582 1036 71 75 bill,
1678 1036 32 75 in
1726 1036 202 75 parliament,
1945 1036 27 75 is
1985 1036 84 75 fome
2087 1036 170 75 alteration

1270 1083 91 75 made
1374 1083 32 75 in
1422 1083 56 75 the
1495 1083 64 75 firft
1577 1083 139 75 draught
1734 1083 39 75 of
1791 1083 38 75 it.

1222 1131 389 75 AMENTACEOUS,
1636 1131 32 75 in
1697 1131 132 75 botany,
1855 1131 38 75 an
1922 1131 123 75 epithet
2068 1131 123 75 applied
2221 1131 39 75 to

1268 1177 75 75 fuch
1367 1177 105 75 plants
1496 1177 33 75 as
1554 1177 54 75 are
1632 1177 162 75 furnilued
1819 1177 78 75 with
1914 1177 38 75 an
1968 1177 175 75 amentum.
2194 1177 65 75 See

1272 1224 218 75 Amentum.

1222 1271 270 75 AMENTUM,
1518 1271 30 75 in
1570 1271 131 75 botany,
1730 1271 55 75 the
1803 1271 90 75 name
1913 1271 42 75 of
1973 1271 18 75 a
2007 1271 116 75 fpecies
2142 1271 41 75 of
2202 1271 56 75 ca-

1268 1318 61 75 lix,
1355 1318 165 75 confifting
1536 1318 40 75 of
1594 1318 120 75 valves,
1741 1318 62 75 and
1818 1318 140 75 hanging
1981 1318 96 75 down
2093 1318 33 75 in
2143 1318 111 75 differ-

1268 1364 53 75 ent
1337 1364 170 75 dire&iohs
1524 1364 82 75 from
1625 1364 54 75 the
1692 1364 112 75 caulis.
1854 1364 161 75 Common
2033 1364 69 75 oats
2120 1364 106 75 afford
2237 1364 18 75 a

1268 1410 85 75 good
1365 1410 146 75 example
1523 1410 41 75 of
1582 1410 55 75 the
1650 1410 173 75 amentum.

1220 1457 218 75 Amentum,
1465 1457 31 75 in
1513 1457 128 75 Roman
1658 1457 175 75 antiquity,
1858 1457 18 75 a
1893 1457 101 75 thong
2010 1457 67 75 tied
2090 1457 96 75 about
2199 1457 56 75 the

1268 1505 119 75 middle
1404 1505 40 75 of
1463 1505 18 75 a
1502 1505 121 75 javelin
1639 1505 38 75 or
1698 1505 87 75 dart,
1811 1505 62 75 and
1888 1505 140 75 faltened
2045 1505 34 75 to
2095 1505 56 75 the
2168 1505 87 75 fore-

1268 1551 117 75 finger,
1396 1551 32 75 in
1441 1551 96 75 order
1549 1551 35 75 to
1596 1551 131 75 recover
1742 1551 56 75 the
1809 1551 132 75 weapon
1954 1551 33 75 as
2004 1551 76 75 foon
2097 1551 33 75 as
2146 1551 26 75 it
2188 1551 66 75 was

1268 1599 187 75 difeharged
1515 1599 77 75 The
1617 1599 140 75 ancients
1780 1599 91 75 made
1898 1599 90 75 great
2012 1599 52 75 ufe
2087 1599 41 75 of
2146 1599 55 75 the
2219 1599 33 75 a-

1267 1645 155 75 meatum,
1447 1645 148 75 thinking
1611 1645 25 75 it
1660 1645 119 75 helped
1795 1645 35 75 to
1853 1645 122 75 inforce
1986 1645 64 75 .the
2073 1645 99 75 blow.
2221 1645 33 75 It

1268 1692 64 75 alfo
1348 1692 134 75 denotes
1499 1692 19 75 a
1532 1692 122 75 latchet
1672 1692 70 75 that
1753 1692 110 75 bound
1875 1692 83 75 their
1973 1692 136 75 fandals.

1220 1740 259 75 AMERADE,
1504 1740 56 75 the
1576 1740 84 75 fame
1674 1740 77 75 with
1769 1740 91 75 emir.
1910 1740 63 75 See
1988 1740 121 75 Emir.

1219 1786 364 75 AMERCEMENT,
1609 1786 37 75 or
1669 1786 311 75 Amerciament,
2006 1786 31 75 in
2060 1786 75 75 law,
2161 1786 18 75 a
2196 1786 54 75 pe-

1266 1832 130 75 cuniary
1406 1832 199 75 punilhment
1621 1832 142 75 impofed
1774 1832 84 75 upon
1871 1832 161 75 offenders
2045 1832 32 75 at
2094 1832 55 75 the
2167 1832 84 75 mer-

1266 1879 39 75 cy
1316 1879 41 75 of
1375 1879 55 75 the
1443 1879 105 75 court.

1217 1926 226 75 AMERGO,
1469 1926 37 75 or
1525 1926 165 75 Mergo,
1715 1926 18 75 a
1751 1926 67 75 city
1834 1926 40 75 of
1885 1926 126 75 Africa,
2037 1926 31 75 in
2085 1926 55 75 the
2156 1926 94 75 king-

1264 1971 75 75 dom
1351 1971 40 75 of
1410 1971 81 75 Fez,
1516 1971 91 75 three
1624 1971 126 75 leagues
1767 1971 85 75 from
1869 1971 202 75 Beni-Tudi.

1215 2019 208 75 AMERIA,
1448 2019 32 75 in
1496 2019 196 75 geography.
1744 2019 61 75 See
1825 2019 170 75 Amelia.

1216 2065 239 75 AMERICA,
1481 2065 60 75 one
1565 2065 39 75 of
1622 2065 55 75 the
1702 2065 75 75 four
1800 2065 87 75 parts
1912 2065 40 75 of
1970 2065 57 75 the
2043 2065 116 75 world,
2185 2065 63 75 and

1263 2112 44 75 by
1333 2112 95 75 much
1455 2112 56 75 the
1536 2112 127 75 large!!,
1689 2112 176 75 extending
1887 2112 76 75 near
1988 2112 92 75 9000
2103 2112 90 75 miles
2217 2112 33 75 in

1263 2160 125 75 length,
1413 2160 62 75 and
1491 2160 98 75 about
1607 2160 92 75 3000
1710 2160 34 75 in
1759 2160 149 75 breadth.
1957 2160 32 75 It
2004 2160 27 75 is
2048 2160 135 75 fituated
2193 2160 55 75 be-

1263 2206 102 75 tween
1397 2206 40 75 3s
1437 2188 25 49 0
1481 2206 63 75 and
1574 2206 62 75 145
1636 2188 25 49 0
1680 2206 40 75 of
1738 2206 62 75 W.
1816 2206 90 75 long,
1932 2206 62 75 and
2017 2206 145 75 between
2182 2206 40 75 5-8
2222 2188 26 49 0

1233 2254 16 75 *
1263 2254 38 75 S.
1327 2254 63 75 and
1406 2254 68 75 8o°
1492 2254 49 75 N.
1558 2254 81 75 lat.;
1666 2254 151 75 bounded
1833 2254 44 75 by
1901 2254 54 75 the
1978 2254 91 75 lands
2095 2254 62 75 and
2175 2254 72 75 Teas

1262 2300 98 75 about
1369 2300 55 75 the
1440 2300 95 75 arflic
1551 2300 73 75 pole
1640 2300 42 75 on
1694 2300 54 75 the
1765 2300 117 75 north;
1908 2300 45 75 by
1969 2300 55 75 the
2041 2300 146 75 Atlantic
2199 2300 49 75 O-

1263 2346 89 75 cean,
1377 2346 106 75 which
1496 2346 123 75 divides
1636 2346 26 75 it
1678 2346 86 75 from
1780 2346 130 75 Europe
1925 2346 61 75 and
2000 2346 115 75 Africa
2134 2346 41 75 on
2192 2346 56 75 the

1262 2393 75 75 weft
1349 2393 81 75 ;;by
1442 2393 55 75 the
1514 2393 66 75 vaft
1597 2393 162 75 Southern
1776 2393 110 75 Ocean
1912 2393 41 75 on
1970 2393 56 75 the
2042 2393 95 75 fouth
2153 2393 10 75 ;
2186 2393 64 75 and

1261 2440 45 75 by
1322 2440 54 75 the
1392 2440 67 75 vaft
1474 2440 119 75 Pacific
1609 2440 123 75 Ocean,
1757 2440 106 75 which
1880 2440 121 75 divides
2017 2440 26 75 it
2065 2440 85 75 from
2172 2440 76 75 Afia

1261 2487 40 75 on
1316 2487 54 75 the
1383 2487 75 75 eaft.
1499 2487 171 75 Although
1684 2487 26 75 it
1722 2487 26 75 is
1765 2487 66 75 faid
1848 2487 35 75 to
1898 2487 81 75 have
1992 2487 93 75 taken
2102 2487 41 75 its
2157 2487 90 75 name

1260 2534 86 75 from
1362 2534 170 75 Americus
1548 2534 189 75 Vefpucius,
1763 2534 19 75 a
1805 2534 197 75 Florentine,
2027 2534 25 75 it
2074 2534 99 75 feepis
2197 2534 49 75 in-

1261 2580 177 75 difputable
1453 2580 70 75 that
1546 2580 26 75 it
1590 2580 65 75 was
1677 2580 64 75 firft
1764 2580 185 75 difeovered
1973 2580 44 75 by
2038 2580 209 75 Chriftopher

1261 2627 191 75 Columbus,
1477 2627 20 75 a
1512 2627 161 75 Genoefe,
1697 2627 86 75 anno
1804 2627 83 75 1491
1903 2627 10 75 ;
1940 2627 103 75 unlefs
2067 2627 85 75 fome
2169 2627 77 75 con-

1256 2674 151 75 je&ures,
1432 2674 97 75 much
1546 2674 89 75 more
1651 2674 137 75 ancient,
1814 2674 39 75 be
1870 2674 167 75 admitted,
2055 2674 71 75 that
2143 2674 25 75 it
2179 2674 66 75 was
2257 2674 6 75 •

1259 2720 64 75 firft
1345 2720 113 75 vilited
1484 2720 44 75 by
1552 2720 20 75 a
1596 2720 235 75 Carthaginian
1850 2720 87 75 fleet,
1966 2720 75 75 who
2058 2720 187 75 afterwards

1258 2768 115 75 fettled
1388 2768 34 75 in
1433 2768 150 75 Mexico.
1632 2768 33 75 It
1677 2768 26 75 is
1721 2768 133 75 certain,
1879 2768 71 75 that
1969 2768 274 75 its^roduiftions,

1258 2815 146 75 whether
1416 2815 115 75 animal
1540 2815 37 75 or
1585 2815 179 75 vegetable,
1777 2815 96 75 differ
1882 2815 218 75 greatly-from
2109 2815 89 75 thofe
2209 2815 41 75 of

1259 2861 61 75 any
1331 2861 94 75 other
1437 2861 136 75 country
1584 2861 13 75 ;
1614 2861 62 75 and
1692 2861 41 75 its
1745 2861 134 75 original
1889 2861 206 75 inhabitants,
2113 2861 56 75 the
2179 2861 63 75 Ef-

1256 2908 132 75 kimaux
1401 2908 76 75 only
1491 2908 170 75 excepted,
1678 2908 84 75 feem
1778 2908 34 75 to
1828 2908 80 75 have
1921 2908 43 75 ail
1980 2908 56 75 the
2047 2908 83 75 fame
2145 2908 99 75 origi-
2258 2908 6 75 -

1257 2955 63 75 nal,
1345 2955 53 75 for
1414 2955 78 75 they
1508 2955 94 75 agree
1614 2955 31 75 in
1661 2955 96 75 every
1768 2955 187 75 particular,
1979 2955 263 75 from-Hudfpn’s

1256 3003 83 75 Buy,
1357 3003 35 75 to
1403 3003 56 75 the
1476 3003 119 75 Straits
1611 3003 39 75 of
1662 3003 181 75 Magellan,
1860 3003 171 75 excepting
2047 3003 76 75 only
2133 3003 108 75 where

2067 3044 173 75 difference
