2397 3387
602 159 35 75 B
726 159 34 75 L
845 159 34 75 E
935 159 42 75 A
1056 159 36 75 C

43 233 39 75 be
100 233 19 75 a
142 233 155 75 fuilicient
322 233 120 75 anfwer
458 233 36 75 to
521 233 57 75 the
603 233 172 75 objeftion.
825 233 68 75 But
909 233 25 75 it
952 233 130 75 appears

44 278 56 75 not
117 278 36 75 to
169 278 39 75 be
225 278 84 75 true,
334 278 85 75 from
436 278 39 75 an
491 278 199 75 obfervation
703 278 39 75 of
754 278 59 75 Mr
826 278 85 75 John
925 278 152 75 Chriftie,

42 325 92 75 That
152 325 89 75 doth
268 325 66 75 laid
349 325 95 75 down
466 325 31 75 in
523 325 57 75 the
604 325 171 75 beginning
791 325 40 75 of
842 325 96 75 June,
963 325 63 75 and
1043 325 37 75 fi-

40 372 110 75 nifhed
166 372 32 75 in
220 372 199 75 September,
445 372 89 75 takes
557 372 163 75 generally
737 372 60 75 lefs
813 372 103 75 work,
942 372 63 75 and
1022 372 58 75 un-

41 418 136 75 dergoes
190 418 98 75 fewer
300 418 195 75 operations,
504 418 77 75 than
591 418 87 75 what
691 418 26 75 is
729 418 64 75 laid
803 418 94 75 down
906 418 31 75 in
946 418 132 75 March,

43 464 64 75 and
124 464 130 75 finilhed
270 464 32 75 in
314 464 98 75 June.

91 511 23 75 “
132 511 77 75 The
225 511 95 75 other
337 511 160 75 objection
514 511 39 75 is,
571 511 91 75 That
679 511 87 75 cloth
780 511 84 75 dries
877 511 94 75 much
984 511 95 75 fader

38 558 34 75 in
88 558 109 75 windy
213 558 142 75 weather
371 558 77 75 than
465 558 32 75 in
514 558 81 75 calm
611 558 162 75 funlhine;
801 558 57 75 but
875 558 26 75 it
923 558 77 75 does
1018 558 56 75 not

42 605 113 75 bleach
174 605 34 75 fo
225 605 72 75 fad.
345 605 87 75 This
449 605 110 75 would
583 605 82 75 feem
681 605 35 75 to
740 605 97 75 Ihow,
863 605 71 75 that
951 605 54 75 the
1022 605 56 75 fun

39 652 59 75 has
111 652 86 75 fome
213 652 174 75 particular
404 652 154 75 influence
574 652 214 75 independent
800 652 41 75 on
857 652 221 75 evaporation.

38 698 40 75 In
97 698 119 75 anfwer
232 698 36 75 to
293 698 64 75 this
375 698 172 75 obje&ion,
571 698 47 75 let
635 698 26 75 it
680 698 39 75 be
739 698 196 75 confidered,
961 698 71 75 that
1050 698 25 75 it

39 744 28 75 is
85 744 57 75 not
165 744 56 75 the
246 744 205 75 evaporation
477 744 84 75 from
587 744 56 75 the
670 744 135 75 furfaee,
831 744 57 75 but
912 744 85 75 from
1020 744 56 75 the

39 792 90 75 more
145 792 136 75 internal
299 792 85 75 parts
402 792 70 75 that
489 792 26 75 is
528 792 39 75 of
579 792 116 75 benefit
713 792 34 75 to
764 792 55 75 the
836 792 101 75 cloth.
975 792 99 75 Now,

39 837 64 75 this
120 837 98 75 latter
234 837 203 75 evaporation
456 837 79 75 mud:
552 837 39 75 be
608 837 94 75 much
720 837 142 75 dronger
885 837 32 75 in
933 837 143 75 funfliine

40 884 77 75 than
134 884 33 75 in
191 884 106 75 windy
316 884 154 75 weather,
496 884 42 75 on
563 884 136 75 account
723 884 40 75 of
786 884 56 75 the
869 884 75 75 heat
961 884 40 75 of
1020 884 56 75 the

38 931 69 75 fun,
135 931 104 75 which
265 931 65 75 will
356 931 91 75 make
471 931 55 75 the
544 931 89 75 cloth
661 931 90 75 more
776 931 103 75 open;
906 931 96 75 while
1018 931 56 75 the

36 977 144 75 coldnels
205 977 39 75 of
262 977 110 75 windy
390 977 142 75 weather
555 977 82 75 mud
662 977 70 75 fhut
749 977 26 75 it
799 977 55 75 up,
879 977 34 75 fo
929 977 72 75 that
1018 977 57 75 the

38 1024 205 75 evaporation
260 1024 68 75 will
344 1024 42 75 all
403 1024 39 75 be
458 1024 86 75 from
556 1024 56 75 the
623 1024 136 75 furface.
809 1024 99 75 Clear
919 1024 153 75 funlhine,

35 1070 82 75 with
134 1070 19 75 a
168 1070 79 75 very
263 1070 85 75 little
364 1070 99 75 wind,
490 1070 26 75 is
534 1070 154 75 obferved
703 1070 37 75 to
767 1070 40 75 be
827 1070 55 75 the
908 1070 65 75 bed
989 1070 83 75 wea-

37 1117 73 75 ther
126 1117 52 75 for
194 1117 189 75 bleaching;
410 1117 19 75 a
442 1117 189 75 convincing
648 1117 99 75 proof
765 1117 71 75 that
859 1117 64 75 this
946 1117 126 75 reafon-

38 1163 55 75 ing
110 1163 27 75 is
150 1163 78 75 jud.

85 1210 22 75 “
126 1210 33 75 It
175 1210 108 75 would
298 1210 84 75 feem
396 1210 35 75 to
448 1210 112 75 follow
572 1210 34 75 as
619 1210 18 75 a
654 1210 160 75 corollary
824 1210 84 75 from
925 1210 64 75 this
1003 1210 68 75 rea-

36 1257 121 75 foning,
183 1257 71 75 that
270 1257 56 75 the
350 1257 132 75 number
498 1257 40 75 of
557 1257 170 75 waterings
751 1257 112 75 ftiould
885 1257 34 75 in
944 1257 129 75 general

34 1304 40 75 be
103 1304 31 75 in
162 1304 186 75 proportion
372 1304 36 75 to
437 1304 55 75 the
516 1304 143 75 drength
685 1304 40 75 of
743 1304 56 75 the
827 1304 73 75 lye;
935 1304 53 75 for
1015 1304 55 75 the

34 1350 143 75 dronger
193 1350 56 75 the
265 1350 53 75 lye
335 1350 39 75 is,
401 1350 55 75 the
473 1350 97 75 more,
589 1350 90 75 there
702 1350 28 75 is
747 1350 36 75 to
799 1350 39 75 be
853 1350 215 75 evaporated;

35 1396 62 75 and
114 1396 55 75 the
185 1396 127 75 greater
327 1396 56 75 the
399 1396 132 75 danger,
556 1396 33 75 in
606 1396 70 75 cafe
700 1396 56 75 the
781 1396 89 75 cloth
896 1396 112 75 ihould
1032 1396 42 75 be

36 1442 137 75 allowed
189 1442 35 75 to
240 1442 74 75 dry.
364 1442 67 75 But
442 1442 92 75 there
550 1442 27 75 is
595 1442 39 75 an
651 1442 172 75 exception
839 1442 35 75 to
893 1442 65 75 this
975 1442 95 75 gene-

35 1489 46 75 ral
107 1489 82 75 rule,
216 1489 114 75 arifing
354 1489 86 75 from
463 1489 56 75 the
542 1489 229 75 confideration
794 1489 40 75 of
853 1489 134 75 another
1009 1489 64 75 cir-

36 1537 189 75 cumdance.
266 1537 32 75 It
310 1537 27 75 is
350 1537 166 75 obferved,
534 1537 71 75 that
615 1537 105 75 cloth,
738 1537 92 75 when
843 1537 123 75 brown,
984 1537 86 75 dries

33 1583 112 75 fooner
170 1583 76 75 than
272 1583 93 75 when
389 1583 26 75 it
442 1583 150 75 becomes
615 1583 128 75 whiter,
768 1583 113 75 arifing
905 1583 85 75 from
1014 1583 56 75 the

34 1630 152 75 clofenefs
203 1630 63 75 and
277 1630 126 75 oilinefs
420 1630 106 75 which
544 1630 25 75 it
585 1630 77 75 then
680 1630 69 75 has,
774 1630 57 75 not
848 1630 150 75 allowing
1013 1630 57 75 the

32 1675 101 75 water
149 1675 19 75 a
184 1675 68 75 free
269 1675 136 75 pafiage.
455 1675 143 75 Perhaps
615 1675 71 75 that
707 1675 112 75 colour
835 1675 74 75 may
928 1675 101 75 retain
1051 1675 21 75 a

34 1722 125 75 greater
175 1722 117 75 degree
304 1722 38 75 of
353 1722 88 75 heat,
459 1722 63 75 and
537 1722 33 75 in
587 1722 70 75 that
674 1722 71 75 way
758 1722 78 75 affid
848 1722 19 75 a
882 1722 77 75 very
970 1722 98 75 little.

34 1768 100 75 Cloth
153 1768 176 75 therefore,
355 1768 83 75 after
455 1768 56 75 the
527 1768 64 75 fird
615 1768 170 75 buckings,
811 1768 80 75 mud
916 1768 39 75 be
978 1768 90 75 more

33 1815 158 75 carefully
207 1815 140 75 watered
362 1815 77 75 than
453 1815 84 75 after
553 1815 54 75 the
622 1815 70 75 lad.

82 1862 23 75 “
131 1862 31 75 It
180 1862 126 75 follows
323 1862 138 75 likewife
479 1862 83 75 from
575 1862 64 75 this
652 1862 176 75 reafoning,
854 1862 70 75 that
937 1862 56 75 the
1010 1862 57 75 foil

32 1909 41 75 of
90 1909 56 75 the
163 1909 187 75 bleachfield
366 1909 112 75 flrould
501 1909 40 75 be
557 1909 144 75 gravelly
717 1909 38 75 or
777 1909 112 75 fandy,
915 1909 71 75 that
1011 1909 57 75 the

30 1955 100 75 water
147 1955 74 75 may
238 1955 68 75 pafs
323 1955 131 75 quickly
471 1955 140 75 through
624 1955 37 75 it,
680 1955 61 75 and
755 1955 70 75 that
838 1955 56 75 the
905 1955 75 75 heat
992 1955 75 75 may

31 2003 39 75 be
87 2003 159 75 increased
263 2003 43 75 by
317 2003 56 75 tire
391 2003 158 75 reflection
568 2003 40 75 of
627 2003 55 75 the
699 2003 77 75 foil:
805 2003 51 75 for
872 2003 56 75 the
945 2003 121 75 fuccels

31 2050 40 75 of
90 2050 65 75 this
172 2050 165 75 operation
353 2050 143 75 depends
516 2050 40 75 on
581 2050 55 75 the
660 2050 122 75 mutual
805 2050 102 75 aCtion
930 2050 40 75 of
988 2050 84 75 heac

32 2094 62 75 and
111 2094 218 75 evaporation.
377 2094 32 75 It
426 2094 29 75 is
469 2094 140 75 likewife
625 2094 160 75 neceffary
802 2094 69 75 that
894 2094 55 75 the
966 2094 98 75 water

32 2139 111 75 fliould
159 2139 40 75 be
217 2139 95 75 light,
336 2139 81 75 foft,.
438 2139 63 75 and
516 2139 67 75 free
597 2139 83 75 from
698 2139 76 75 mud
790 2139 38 75 or
840 2139 77 75 dirt,
945 2139 117 75 which,

31 2186 57 75 not
105 2186 95 75 being
217 2186 71 75 able
303 2186 35 75 to
356 2186 58 75 rife
430 2186 185 75 alongwith
633 2186 55 75 the
703 2186 113 75 water,
841 2186 80 75 mud
944 2186 120 75 remain

32 2232 131 75 behind.
213 2232 112 75 When
342 2232 90 75 there
444 2232 27 75 is
488 2232 95 75 much
599 2232 40 75 of
658 2232 76 75 this,
762 2232 24 75 it
799 2232 147 75 becomes
959 2232 105 75 necef-

30 2278 70 75 fary
120 2278 36 75 to
175 2278 81 75 rinfe
272 2278 56 75 the
350 2278 88 75 cloth
455 2278 32 75 in
505 2278 110 75 water,
642 2278 62 75 and
719 2278 78 75 then
814 2278 71 75 give
902 2278 25 75 it
945 2278 19 75 a
979 2278 83 75 mill-

30 2325 67 75 ing,
123 2325 35 75 to
180 2325 75 75 take
279 2325 57 75 out
355 2325 55 75 the
434 2325 87 75 dirt;
548 2325 61 75 elfe
625 2325 27 75 it
676 2325 107 75 would
800 2325 38 75 be
856 2325 85 75 fixed
958 2325 31 75 in
1007 2325 56 75 the

30 2372 87 75 cjoth
137 2372 43 75 by
196 2372 55 75 the
276 2372 167 75 following
465 2372 151 75 bucking,
642 2372 33 75 as
699 2372 25 75 it
748 2372 27 75 is
800 2372 58 75 not
875 2372 120 75 foluble
1020 2372 43 75 by

29 2419 56 75 the
102 2419 65 75 lye.

78 2465 24 75 “
127 2465 85 75 This
224 2465 165 75 operation
407 2465 56 75 has
482 2465 89 75 more
589 2465 176 75 attributed
781 2465 35 75 to
833 2465 25 75 it
873 2465 45 75 by
933 2465 132 75 bleach-

29 2512 50 75 ers
93 2512 77 75 than
183 2512 26 75 it
221 2512 58 75 can
293 2512 98 75 Judly
408 2512 106 75 claim.
562 2512 78 75 The
656 2512 88 75 cloth
762 2512 143 75 appears,
931 2512 79 75 even
1027 2512 35 75 to

28 2561 55 75 the
101 2561 71 75 eye,
198 2561 35 75 to
257 2561 119 75 whiten
401 2561 101 75 under
519 2561 87 75 thefe
631 2561 154 75 alternate
808 2561 169 75 waterings
1000 2561 64 75 and

27 2604 131 75 dryings
170 2604 11 75 ;
208 2604 63 75 and
287 2604 88 75 thefe
388 2604 157 75 naturally
562 2604 53 75 get
632 2604 55 75 the
700 2604 125 75 honour
842 2604 41 75 of
902 2604 39 75 it,
967 2604 93 75 when

26 2652 25 75 n
68 2652 88 75 more
174 2652 150 75 properly
342 2652 130 75 belongs
486 2652 34 75 to
537 2652 55 75 the
609 2652 119 75 former
741 2652 178 75 operation.
970 2652 90 75 Here

26 2699 57 75 lies
107 2699 56 75 the
187 2699 130 75 fallacy.
368 2699 154 75 Alkaline
545 2699 75 75 falts
638 2699 71 75 give
726 2699 18 75 a
759 2699 78 75 very
853 2699 78 75 high
949 2699 113 75 colour

26 2746 35 75 to
88 2746 55 75 the
170 2746 196 75 decoCtions,
399 2746 39 75 or
464 2746 134 75 infufion
622 2746 41 75 of
683 2746 192 75 vegetables.
923 2746 89 75 This
1033 2746 27 75 is

25 2791 158 75 probably
198 2791 106 75 owing
321 2791 35 75 to
374 2791 56 75 the
447 2791 136 75 folution
602 2791 41 75 of
660 2791 54 75 the
732 2791 183 75 oleaginous
933 2791 127 75 colour-

25 2838 55 75 ing
97 2838 147 75 particles
262 2838 39 75 of
313 2838 55 75 the
385 2838 110 75 plant;
521 2838 106 75 which
641 2838 165 75 particles,,
826 2838 95 75 being
938 2838 129 75 opened;

26 2884 61 75 and
111 2884 164 75 feparated
291 2884 43 75 by
352 2884 54 75 the
424 2884 87 75 faks,
531 2884 129 75 occupy
677 2884 18 75 a
718 2884 128 75 greater
870 2884 103 75 fpace,
998 2884 64 75 and

25 2931 71 75 give
110 2931 16 75 a
144 2931 83 75 deep
242 2931 111 75 colour
370 2931 33 75 (o
417 2931 54 75 the
487 2931 121 75 liquor.
657 2931 77 75 The
751 2931 88 75 cloth
857 2931 203 75 participates

25 2976 40 75 of
77 2976 55 75 the
149 2976 107 75 liquor
269 2976 62 75 and
347 2976 123 75 colour.
521 2976 111 75 Hence
650 2976 162 75 bleachers
826 2976 117 75 always
957 2976 101 75 judge

24 3025 40 75 ef
84 3025 53 75 the
154 3025 159 75 goodnefa
333 3025 40 75 of
393 3025 54 75 the
473 3025 138 75 bucking
635 3025 44 75 by
703 3025 55 75 the
782 3025 151 75 deepneis
956 3025 41 75 of
1015 3025 42 75 its

1182 157 41 75 H
1311 157 17 75 I
1418 157 41 75 N
1548 157 52 75 G.

2085 157 84 75 567

1132 227 124 75 colour.
1304 227 77 75 The
1394 227 80 75 rule,
1499 227 33 75 in
1547 227 142 75 general,
1714 227 30 75 is
1759 227 98 75 good.
1906 227 18 75 I
1935 227 143 75 obferve,
2096 227 74 75 that

1131 274 33 75 in
1179 274 92 75 thofe
1288 274 155 75 buckings
1458 274 103 75 which
1574 274 149 75 continue
1734 274 85 75 from
1831 274 56 75 the
1901 274 161 75 Saturday
2074 274 94 75 night

1131 320 34 75 to
1182 320 56 75 the
1254 320 150 75 Monday
1419 320 158 75 morning,
1596 320 56 75 the
1668 320 89 75 cloth
1774 320 57 75 has
1844 320 117 75 always
1973 320 56 75 the
2041 320 126 75 deeped

1132 367 123 75 colour.
1305 367 112 75 When
1434 367 71 75 that
1521 367 89 75 cloth
1635 367 57 75 has
1710 367 80 75 been
1807 367 141 75 expofed
1963 367 86 75 fome
2065 367 100 75 hours

1130 413 35 75 to
1193 413 56 75 the
1276 413 155 75 influence
1458 413 42 75 of
1524 413 54 75 the
1603 413 61 75 air,
1693 413 87 75 thefe
1808 413 167 75 colouring
2002 413 163 75 particles,

1130 461 103 75 which
1251 461 55 75 are
1322 461 58 75 but
1397 461 121 75 loofely
1533 461 151 75 attached
1700 461 35 75 to
1752 461 38 75 it,
1807 461 54 75 are
1877 461 207 75 evaporated,
2103 461 63 75 and

1130 508 54 75 the
1200 508 85 75 linen
1302 508 130 75 appears
1450 508 40 75 of
1509 508 18 75 a
1550 508 146 75 brighter
1721 508 125 75 colour.
1894 508 87 75 This
1997 508 166 75 operation

1129 555 76 75 does
1222 555 43 75 no
1281 555 88 75 more
1386 555 77 75 than
1480 555 158 75 complete
1655 555 86 75 what
1758 555 56 75 the
1830 555 120 75 former
1965 555 65 75 had
2052 555 112 75 almod

1128 602 143 75 finilhed.
1313 602 37 75 If
1361 602 41 75 its
1415 602 73 75 own
1505 602 94 75 merit
1615 602 84 75 were
1716 602 197 75 thoroughly
1925 602 129 75 known,
2073 602 91 75 there

1127 649 109 75 would
1252 649 39 75 be
1307 649 42 75 no
1365 649 141 75 occafion
1524 649 35 75 to
1576 649 153 75 attribute
1753 649 71 75 that
1841 649 40 75 of
1900 649 135 75 another
2051 649 112 75 opera-

1127 694 69 75 tion
1218 694 36 75 to
1277 694 39 75 it.
1365 694 147 75 Thread,
1537 694 64 75 and
1624 694 83 75 open
1731 694 118 75 cloths,
1881 694 73 75 fuch
1982 694 33 75 as
2038 694 125 75 diaper,

1126 741 74 75 may
1216 741 39 75 be
1273 741 139 75 reduced
1428 741 35 75 to
1476 741 19 75 a
1510 741 90 75 great
1617 741 117 75 degree
1750 741 41 75 of
1802 741 181 75 whitenefs,
2001 741 85 75 after
2101 741 62 75 one

1126 789 152 75 bucking,
1304 789 43 75 by
1362 789 26 75 it
1406 789 104 75 alone.
1560 789 56 75 No
1641 789 102 75 cloth,
1769 789 33 75 as
1819 789 110 75 would
1950 789 127 75 appear,
2103 789 58 75 can

1127 836 101 75 attain
1246 836 35 75 to
1298 836 18 75 a
1332 836 109 75 bright
1458 836 168 75 whitenefs
1643 836 137 75 without
1797 836 39 75 it.

1175 883 24 75 “
1226 883 95 75 Since
1338 883 55 75 the
1410 883 77 75 only
1503 883 176 75 advantage
1696 883 40 75 of
1756 883 153 75 watering
1926 883 26 75 is
1975 883 55 75 the
2056 883 104 75 remo-

1124 928 51 75 val
1192 928 40 75 of
1243 928 55 75 the
1314 928 88 75 falts,
1429 928 62 75 and
1507 928 87 75 what
1612 928 78 75 they
1701 928 81 75 hive
1801 928 166 75 diflblved,
1993 928 102 75 might
2112 928 50 75 we

1125 975 56 75 not
1197 975 167 75 effectuate
1380 975 66 75 this
1471 975 43 75 by
1531 975 85 75 fome
1644 975 147 75 cheaper,
1825 975 62 75 and
1919 975 89 75 more
2040 975 121 75 certain

1123 1022 132 75 method
1268 1022 13 75 ?
1309 1022 65 75 For
1390 1022 26 75 it
1431 1022 148 75 occupies
1596 1022 95 75 many
1707 1022 102 75 hands
1824 1022 10 75 ;
1861 1022 61 75 and
1939 1022 80 75 mull
2035 1022 127 75 depend

1124 1070 179 75 altogether
1318 1070 43 75 on
1376 1070 57 75 the
1450 1070 202 75 uncertainty
1667 1070 40 75 of
1718 1070 56 75 the
1790 1070 141 75 weather
1943 1070 9 75 ;
1979 1070 34 75 fo
2025 1070 83 75 that,
2126 1070 34 75 in

1123 1115 55 75 the
1196 1115 170 75 beginning
1382 1115 40 75 of
1433 1115 55 75 the
1504 1115 119 75 feafon,
1648 1115 56 75 the
1720 1115 149 75 bleacher
1885 1115 26 75 is
1928 1115 93 75 often
2031 1115 130 75 obliged

1123 1161 36 75 to
1176 1161 108 75 repeat
1311 1161 51 75 his
1388 1161 154 75 buckings
1570 1161 138 75 without
1734 1161 181 75 bleaching.
1966 1161 67 75 We
2055 1161 106 75 might

1122 1209 73 75 take
1211 1209 57 75 out
1284 1209 55 75 the
1356 1209 136 75 alkaline
1509 1209 74 75 falts
1612 1209 42 75 by
1679 1209 109 75 acids;
1820 1209 56 75 but
1894 1209 78 75 then
1989 1209 55 75 the
2067 1209 96 75 other

1121 1256 161 75 fubdance
1295 1256 108 75 would
1420 1256 39 75 be
1475 1256 60 75 left
1552 1256 93 75 alone
1661 1256 32 75 in
1710 1256 55 75 the
1778 1256 102 75 cloth,
1907 1256 58 75 nor
1976 1256 110 75 would
2097 1256 63 75 any

1121 1303 138 75 walking
1275 1303 40 75 be
1341 1303 70 75 able
1436 1303 37 75 to
1498 1303 128 75 remove
1654 1303 37 75 it.
1741 1303 234 75 Mill-wafhing
1991 1303 130 75 appears
2139 1303 21 75 a

1121 1350 88 75 more
1225 1350 153 75 probable
1395 1350 130 75 method
1543 1350 41 75 of
1602 1350 110 75 taking
1728 1350 57 75 out
1801 1350 80 75 both
1899 1350 75 75 falts
1991 1350 62 75 and
2069 1350 59 75 oils
2143 1350 12 75 ;

1122 1395 61 75 and
1212 1395 26 75 it
1267 1395 107 75 would
1397 1395 82 75 feem
1502 1395 71 75 that
1590 1395 65 75 this
1672 1395 115 75 might,
1812 1395 31 75 in
1862 1395 17 75 a
1895 1395 91 75 great
2003 1395 157 75 meafure,

1121 1441 113 75 fupply
1251 1441 55 75 the
1322 1441 91 75 place
1431 1441 39 75 of
1482 1441 174 75 watering;
1683 1441 58 75 but
1757 1441 86 75 upon
1861 1441 73 75 trial
1961 1441 26 75 it
2003 1441 78 75 does
2098 1441 58 75 not

1120 1490 141 75 fucceed.
1311 1490 89 75 Two
1416 1490 121 75 parcels
1554 1490 39 75 of
1603 1490 85 75 linen
1706 1490 84 75 were
1806 1490 155 75 managed
1977 1490 129 75 equally
2125 1490 32 75 in

1122 1536 97 75 every
1240 1536 96 75 other
1352 1536 134 75 refped,
1509 1536 117 75 except
1642 1536 33 75 in
1691 1536 78 75 this,
1794 1536 70 75 that
1881 1536 61 75 one
1958 1536 64 75 was
2040 1536 115 75 water-

1120 1582 53 75 ed,
1198 1582 63 75 and
1277 1582 140 75 expofed
1434 1582 35 75 to
1486 1582 55 75 the
1558 1582 154 75 influence
1736 1582 40 75 of
1799 1582 56 75 the
1873 1582 58 75 air,
1957 1582 62 75 and
2044 1582 55 75 the
2118 1582 36 75 o-

1120 1629 71 75 ther
1208 1629 64 75 was
1289 1629 77 75 only
1383 1629 222 75 mill-walhed.
1652 1629 87 75 This
1757 1629 131 75 method
1913 1629 64 75 was
2001 1629 155 75 followed

1120 1677 81 75 until
1217 1677 79 75 they
1311 1677 84 75 were
1419 1677 37 75 fit
1483 1677 51 75 for
1552 1677 140 75 fouring.
1740 1677 78 75 The
1847 1677 88 75 cloth
1958 1677 105 75 which
2088 1677 72 75 had

1119 1722 78 75 been
1215 1722 225 75 mill-walhed,
1465 1722 65 75 had
1550 1722 18 75 a
1592 1722 197 75 remarkable
1817 1722 96 75 green
1941 1722 124 75 colour,
2091 1722 65 75 and

1118 1771 55 75 did
1189 1771 58 75 not
1274 1771 132 75 recover
1423 1771 54 75 the
1494 1771 108 75 bright
1619 1771 112 75 colour
1747 1771 40 75 of
1805 1771 55 75 the
1877 1771 104 75 pieces
1999 1771 157 75 managed

1117 1816 30 75 in
1165 1816 56 75 the
1246 1816 147 75 common
1415 1816 83 75 way,
1524 1816 80 75 until
1623 1816 24 75 it
1665 1816 64 75 had
1746 1816 81 75 been
1843 1816 122 75 treated
1983 1816 64 75 like
2065 1816 89 75 them

1117 1862 51 75 for
1184 1862 19 75 a
1219 1862 169 75 fortnight.
1439 1862 77 75 The
1532 1862 96 75 green
1655 1862 112 75 colour
1784 1862 63 75 was
1876 1862 155 75 certainly
2047 1862 109 75 owing

1117 1910 34 75 to
1164 1910 18 75 a
1194 1910 221 75 precipitation
1433 1910 41 75 of
1485 1910 55 75 the
1553 1910 209 75 fulphureous
1775 1910 162 75 particles,
1955 1910 76 75 with
2046 1910 105 75 which

1116 1956 55 75 the
1188 1956 52 75 lye
1257 1956 25 75 is
1300 1956 230 75 impregnated,
1557 1956 83 75 upon
1666 1956 55 75 the
1744 1956 123 75 furface
1895 1956 39 75 of
1954 1956 57 75 the
2038 1956 87 75 cloth
2139 1956 11 75 ;

1115 2006 105 75 owing
1237 2006 35 75 to
1289 2006 54 75 the
1361 2006 75 75 falts
1452 2006 95 75 being
1575 2006 125 75 walhed
1727 2006 52 75 off
1794 2006 88 75 more
1907 2006 139 75 fpeedily
2074 2006 83 75 thau

1115 2050 53 75 the
1184 2050 143 75 fulphur,
1353 2050 35 75 to
1405 2050 105 75 which
1532 2050 77 75 they
1627 2050 53 75 are
1697 2050 110 75 united
1823 2050 32 75 in
1872 2050 56 75 the
1945 2050 64 75 lye.
2074 2050 78 75 The

1115 2097 195 75 attachment
1338 2097 137 75 betwixt
1503 2097 87 75 thefe
1614 2097 66 75 two
1700 2097 111 75 bodies
1836 2097 48 75 we
1908 2097 98 75 know
2029 2097 25 75 is
2071 2097 81 75 very

1114 2143 100 75 loofe,
1240 2143 61 75 and
1314 2143 56 75 the
1386 2143 175 75 feparation
1579 2143 93 75 eafily
1685 2143 104 75 made.
1839 2143 217 75 Evaporation
2075 2143 80 75 theu

1114 2189 91 75 alone
1230 2189 26 75 is
1280 2189 156 75 fufficient
1460 2189 36 75 to
1528 2189 96 75 carry
1651 2189 54 75 off
1728 2189 87 75 thefe
1842 2189 208 75 fulphureous
2078 2189 75 75 par-

1114 2237 131 75 ticles.”

1461 2343 327 75 SOURING.

1158 2422 44 75 It
1221 2422 25 75 is
1264 2422 73 75 well
1354 2422 116 75 known
1499 2422 34 75 to
1558 2422 42 75 all
1625 2422 160 75 chymifts,
1812 2422 75 75 that
1907 2422 137 75 alkaline
2072 2422 74 75 faks

1111 2468 54 75 are
1192 2468 210 75 convertible,
1438 2468 44 75 by
1500 2468 151 75 different
1678 2468 161 75 methods,
1876 2468 68 75 into
1976 2468 170 75 abforbent

1111 2515 120 75 earths.
1281 2515 164 75 Frequent
1462 2515 136 75 folution
1622 2515 33 75 in
1673 2515 111 75 water,
1809 2515 63 75 and
1889 2515 203 75 evaporation
2110 2515 41 75 o£

1111 2560 26 75 it
1160 2560 104 75 again,
1289 2560 28 75 is
1345 2560 60 75 one
1432 2560 41 75 of
1494 2560 98 75 thefe.
1642 2560 84 75 This
1752 2560 243 75 tranfmutation
2014 2560 77 75 then
2108 2560 41 75 of

1111 2608 86 75 thefe
1213 2608 89 75 falts,
1327 2608 106 75 which
1459 2608 53 75 are
1539 2608 56 75 not
1620 2608 180 75 volatilifed
1824 2608 37 75 or
1889 2608 123 75 walhed
2039 2608 111 75 away,,

1111 2655 82 75 mult
1207 2655 40 75 be
1262 2655 200 75 continually
1477 2655 96 75 going
1591 2655 40 75 on
1648 2655 32 75 in
1696 2655 56 75 the
1769 2655 88 75 cloth
1874 2655 102 75 under
1993 2655 88 75 thefe
2098 2655 46 75 al-

1110 2702 124 75 ternate
1251 2702 170 75 waterings
1437 2702 63 75 and
1516 2702 131 75 dryings
1660 2702 40 75 of
1711 2702 55 75 the
1778 2702 120 75 former
1910 2702 123 75 procefs
2049 2702 10 75 ;
2087 2702 68 75 not:

1111 2750 93 75 much
1221 2750 114 75 indeed
1353 2750 83 75 after
1453 2750 55 75 the
1525 2750 64 75 firfl
1606 2750 67 75 two
1700 2750 37 75 or
1764 2750 90 75 three
1883 2750 154 75 buckings
2050 2750 9 75 <
2086 2750 56 75 be-

1110 2795 33 75 ta
1147 2795 52 75 ufe
1216 2795 55 75 the
1286 2795 88 75 falts,
1401 2795 55 75 not
1473 2795 117 75 having
1611 2795 132 75 entered
1758 2795 81 75 deep
1866 2795 69 75 into
1955 2795 59 75 the
2039 2795 101 75 cloth,

1110 2841 52 75 are
1185 2841 94 75 eafily
1306 2841 123 75 walhed
1457 2841 60 75 off,
1541 2841 35 75 or
1605 2841 206 75 evaporated.
1861 2841 70 75 But
1957 2841 90 75 when
2065 2841 78 75 they

1109 2889 163 75 penetrate
1295 2889 68 75 into
1391 2889 55 75 the
1470 2889 78 75 very
1574 2889 204 75 compofition
1796 2889 40 75 of
1858 2889 56 75 the
1929 2889 57 75 laff
2003 2889 62 75 and
2081 2889 60 75 mi-

1108 2935 101 75 nuteft
1226 2935 105 75 fibres,
1357 2935 40 75 of
1418 2935 106 75 which
1547 2935 56 75 the
1632 2935 63 75 lirft
1717 2935 110 75 veffels
1855 2935 53 75 are
1933 2935 104 75 made,
2065 2935 78 75 they

1108 2982 65 75 find
1190 2982 125 75 greater
1326 2982 159 75 difficulty
1502 2982 39 75 of
1551 2982 147 75 efcaping
1715 2982 102 75 again,
1835 2982 62 75 and
1909 2982 80 75 mull
2002 2982 39 75 be
2054 2982 88 75 more

1107 3030 120 75 fubjeff
1250 3030 35 75 to
1310 3030 66 75 this
1400 3030 258 75 tranfmmation.
1707 3030 67 75 But
1797 3030 31 75 if
1848 3030 48 75 we
1921 3030 142 75 confider
2086 3030 56 75 the

1976 3080 172 75 bleaching
