2477 3395
243 252 18 75 2

852 252 36 75 B
1009 252 39 75 O
1167 252 39 75 T

178 306 106 75 where
308 306 144 75 flopping
464 306 36 75 to
517 306 74 75 take
615 306 134 75 another
771 306 80 75 bait,
878 306 25 75 it
918 306 122 75 luckily
1056 306 158 75 depofites

177 353 87 75 fome
279 353 41 75 of
339 353 63 75 this
419 353 154 75 adhering
589 353 107 75 pollen
713 353 132 75 directly
869 353 85 75 upon
981 353 56 75 the
1054 353 112 75 ftigitia
1182 353 40 75 of

179 399 56 75 the
252 399 187 75 female!—-

226 446 90 75 Here
332 446 25 75 it
375 446 25 75 is
418 446 115 75 proper
548 446 37 75 to
601 446 144 75 obferve,
771 446 72 75 that
859 446 186 75 generation
1061 446 26 75 is
1106 446 60 75 One
1183 446 39 75 of

177 492 56 75 the
250 492 131 75 capital,
406 492 62 75 and
483 492 115 75 indeed
615 492 60 75 one
689 492 38 75 of
739 492 55 75 the
812 492 77 75 mOft
902 492 173 75 important
1089 492 77 75 laws
1183 492 40 75 of

178 540 111 75 nature
308 540 69 75 that
394 540 49 75 we
459 540 54 75 are
525 540 196 75 acquainted
737 540 90 75 with.
875 540 78 75 The
965 540 77 75 laws
1055 540 39 75 of
1106 540 113 75 nature

179 586 53 75 are
243 586 41 75 all
296 586 91 75 fixed'
387 586 10 75 ,
410 586 121 75 Heady,
545 586 61 75 and
618 586 139 75 uniform
771 586 31 75 in
816 586 82 75 their
910 586 177 75 operation.
1122 586 96 75 None

179 632 41 75 bf
239 632 54 75 the
311 632 107 75 effetts
437 632 161 75 produced
614 632 44 75 by
674 632 87 75 them
780 632 53 75 are
850 632 119 75 fubjeft
991 632 36 75 to
1054 632 87 75 thofe
1159 632 56 75 un-

177 680 182 75 certainties
377 680 105 75 which
500 680 117 75 always
637 680 96 75 refult
758 680 85 75 from
869 680 117 75 chance
1010 680 37 75 or
1073 680 61 75 any
1151 680 66 75 for-

178 727 122 75 tuitous
317 727 83 75 train
423 727 40 75 of
481 727 254 75 circumftances.
785 727 66 75 But
876 727 27 75 is
928 727 91 75 there
1041 727 62 75 any
1126 727 91 75 thing

179 773 33 75 in
227 773 111 75 nature
354 773 89 75 more
455 773 170 75 unfettled,
651 773 179 75 defultory,
854 773 62 75 arid
933 773 187 75 capricious,
1140 773 78 75 than

178 820 57 75 the
252 820 151 75 direction
421 820 62 75 and
500 820 137 75 motions
655 820 40 75 of
715 820 55 75 the
787 820 85 75 wind
886 820 11 75 ?
941 820 71 75 Can
1033 820 47 75 we
1098 820 83 75 form
1200 820 18 75 a

178 867 188 75 conception
385 867 38 75 of
444 867 68 75 any.
522 867 91 75 thing
634 867 87 75 more
739 867 102 75 cafual
859 867 61 75 and
943 867 171 75 fortuitous
1140 867 78 75 than

180 914 55 75 the
253 914 76 75 wild
346 914 61 75 and
424 914 161 75 wayward
603 914 91 75 paths
712 914 39 75 of
770 914 111 75 infefts
894 914 12 75 ?
950 914 77 75 The
1051 914 80 75 very
1146 914 69 75 fup-

179 961 146 75 pofiuon,
350 961 175 75 therefore,
551 961 71 75 that
638 961 113 75 nature
767 961 56 75 has
837 961 59 75 left
913 961 55 75 the
985 961 184 75 generation
1183 961 41 75 of

179 1007 34 75 at
225 1007 74 75 lead
312 1007 19 75 a
344 1007 91 75 tenth
453 1007 71 75 part
541 1007 39 75 of
592 1007 55 75 the
665 1007 105 75 whole
782 1007 165 75 vegetable
963 1007 98 75 tribes
1079 1007 35 75 to
1130 1007 88 75 thefe

177 1053 176 75 accidental
382 1053 119 75 caufes,
539 1053 84 75 muff
645 1053 41 75 be
716 1053 283 75 unphilofophical,
1033 1053 184 75 whimfical,

181 1100 63 75 and
262 1100 127 75 abfurd.
438 1100 67 75 We
522 1100 65 75 will
605 1100 39 75 be
661 1100 55 75 the
733 1100 88 75 more
847 1100 122 75 readily
993 1100 174 75 convinced
1183 1100 41 75 of

181 1149 56 75 the
255 1149 163 75 abfurdity
434 1149 40 75 of
493 1149 64 75 this
575 1149 156 75 dodirine,
757 1149 92 75 when
866 1149 25 75 it
904 1149 27 75 is
948 1149 182 75 confidered
1149 1149 69 75 that

179 1194 97 75 many
298 1194 40 75 of
357 1194 55 75 the
441 1194 197 75 monoecious
663 1194 63 75 and
750 1194 145 75 dioicous
912 1194 105 75 plants
1035 1194 52 75 are
1104 1194 40 75 of
1165 1194 54 75 the

179 1241 67 75 mm
251 1241 44 75 oft
310 1241 197 75 importance
524 1241 34 75 to
575 1241 55 75 the
642 1241 118 75 human
779 1241 82 75 race,
880 1241 61 75 and
959 1241 54 75 the
1025 1241 194 75 confequent

179 1287 208 75 impropriety
404 1287 70 75 that
491 1287 55 75 the
563 1287 223 75 fru&ification
802 1287 40 75 of
863 1287 87 75 thefe
966 1287 112 75 Ihould
1092 1287 37 75 be
1146 1287 71 75 fub-

175 1334 67 75 jedt
259 1334 34 75 to
309 1334 56 75 the
382 1334 86 75 fport
486 1334 40 75 of
545 1334 55 75 the
617 1334 116 75 winds.

228 1380 97 75 After
349 1380 54 75 all,
429 1380 25 75 it
480 1380 142 75 requires
646 1380 55 75 the
725 1380 115 75 utmoft
866 1380 116 75 ftretch
1008 1380 39 75 of
1065 1380 95 75 ftincy
1182 1380 36 75 to

178 1428 151 75 conceive
356 1428 55 75 the
439 1428 169 75 pbflibilit.y
640 1428 40 75 of
708 1428 18 75 a
754 1428 126 75 regular
913 1428 231 75 impregnation
1175 1428 40 75 by

175 1475 111 75 means
304 1475 39 75 of
359 1475 57 75 the
439 1475 98 75 wind,
563 1475 77 75 even
658 1475 92 75 when
768 1475 55 75 the
840 1475 81 75 male
946 1475 62 75 and
1024 1475 115 75 female
1163 1475 53 75 are

178 1522 199 75 within-,590
395 1522 93 75 yards
506 1522 40 75 of
565 1522 76 75 each
660 1522 105 75 othef,
791 1522 104 75 which
922 1522 25 75 is
971 1522 19 75 a
1014 1522 94 75 much
1127 1522 94 75 more'

179 1568 185 75 favourable
382 1568 186 75 fujpppfition
586 1568 76 75 than
688 1568 79 75 two,
792 1568 104 75 three,
921 1568 38 75 or
983 1568 173 75 according
1180 1568 36 75 to

180 1614 86 75 forrie
288 1614 145 75 authors,
460 1614 17 75 a
492 1614 105 75 dozen
614 1614 40 75 of
674 1614 104 75 miles.
827 1614 162 75 Conceive
1006 1614 76 75 then
1100 1614 18 75 a
1134 1614 81 75 male

179 1662 64 75 and
251 1662 114 75 female
374 1662 107 75 hemp,
496 1662 36 75 or
542 1662 62 75 any
615 1662 93 75 other
716 1662 145 75 dioicous
874 1662 100 75 plant,
993 1662 143 75 growing
1149 1662 66 75 500

180 1709 96 75 yards
294 1709 145 75 afunder.
488 1709 65 75 Let
571 1709 54 75 the
643 1709 80 75 male
741 1709 60 75 and
815 1709 113 75 female
939 1709 138 75 flowers,
1094 1709 119 75 which,

180 1755 42 75 by
235 1755 55 75 the
307 1755 53 75 by,
386 1755 26 75 is
429 1755 56 75 not
503 1755 116 75 always
632 1755 55 75 the
704 1755 80 75 cafe,
810 1755 84 75 blow
911 1755 32 75 at
956 1755 55 75 the
1028 1755 83 75 fame
1122 1755 90 75 time.

179 1801 105 75 Well,
310 1801 55 75 the
389 1801 140 75 antherse
546 1801 52 75 are
623 1801 82 75 fully
722 1801 86 75 ripe;
836 1801 55 75 the
908 1801 105 75 pollen
1031 1801 26 75 is
1074 1801 140 75 difchar-

180 1847 83 75 ged;
290 1847 63 75 and
368 1847 56 75 the
440 1847 122 75 ftigma,
588 1847 33 75 as
639 1847 59 75 our
715 1847 116 75 author
856 1847 157 75 exprefles
1030 1847 39 75 it,
1088 1847 127 75 gaping

179 1894 42 75 nv'
221 1894 45 75 uh:
283 1894 52 75 for
350 1894 41 75 its
416 1894 176 75 reception.
641 1894 100 75 Now,
765 1894 78 75 even
861 1894 64 75 this
942 1894 185 75 favourable
1143 1894 71 75 fup-

179 1941 133 75 gofition
340 1941 27 75 is
392 1941 118 75 fubjed:
531 1941 36 75 to
589 1941 33 75 fo
650 1941 95 75 many
770 1941 173 75 accidents,
974 1941 61 75 and
1061 1941 154 75 pregnant

180 1988 78 75 with
275 1988 75 75 fuch
368 1988 18 75 a
401 1988 93 75 troop
510 1988 40 75 of
569 1988 275 75 improbabilities,
869 1988 69 75 that
956 1988 25 75 it
994 1988 26 75 is
1038 1988 177 75 abfolutely

180 2035 183 75 impqflible,
388 2035 86 75 upon
490 2035 61 75 any
569 2035 167 75 principles
753 2035 39 75 bf
809 2035 104 75 belief
931 2035 143 75 hitherto
1089 2035 124 75 invent-

180 2080 52 75 ed,
251 2080 34 75 to
302 2080 40 75 be
358 2080 83 75 fully
457 2080 176 75 perfuaded
648 2080 69 75 that
733 2080 55 75 the
800 2080 119 75 pollen,
937 2080 31 75 in
986 2080 73 75 luch
1078 2080 118 75 circum

180 2128 129 75 fiances,
336 2128 56 75 can
411 2128 40 75 be
468 2128 73 75 thus
559 2128 162 75 conveyed
739 2128 40 75 on
798 2128 53 75 the
869 2128 99 75 wings
985 2128 40 75 of
1044 2128 55 75 the
1116 2128 97 75 wind,

180 2174 135 75 diredly
331 2174 36 75 to
385 2174 54 75 the
456 2174 123 75 ftigma,
605 2174 17 75 a
639 2174 89 75 point
746 2174 31 75 in
794 2174 79 75 moft
890 2174 104 75 plants
1006 2174 64 75 juft
1087 2174 56 75 not
1166 2174 45 75 in-

181 2221 224 75 vifible.—-To
428 2221 187 75 accQmplifh
642 2221 18 75 a
686 2221 127 75 regular
837 2221 232 75 impregnation
1094 2221 31 75 in
1152 2221 63 75 this

181 2268 83 75 way,
290 2268 168 75 whenever
474 2268 54 75 the
545 2268 139 75 abtherae
701 2268 54 75 are
771 2268 79 75 ripe,
868 2268 55 75 the
937 2268 84 75 wind
1035 2268 78 75 muft
1130 2268 85 75 blow

182 2314 31 75 in
227 2314 18 75 a
260 2314 100 75 direct
375 2314 64 75 line
457 2314 83 75 from
557 2314 55 75 the
630 2314 82 75 male
730 2314 35 75 to
781 2314 54 75 the
853 2314 135 75 female;
1015 2314 30 75 if
1064 2314 55 75 the
1137 2314 78 75 blaft

182 2362 40 75 be
237 2362 56 75 too
310 2362 33 75 fti
352 2362 74 75 ong,
452 2362 24 75 it
493 2362 65 75 will
575 2362 168 75 overfhoot
766 2362 55 75 the
845 2362 89 75 mark
947 2362 10 75 ;
984 2362 30 75 if
1033 2362 55 75 too
1110 2362 103 75 weak,

184 2407 25 75 it
228 2407 64 75 will
315 2407 56 75 fall
394 2407 86 75 fhorf
502 2407 40 75 of
559 2407 48 75 it;
633 2407 30 75 if
682 2407 62 75 any
766 2407 165 75 vegetable
954 2407 37 75 or
1013 2407 93 75 other
1128 2407 87 75 body

183 2454 113 75 higher
313 2454 75 75 than
406 2454 55 75 the
478 2454 103 75 plants
599 2454 186 75 themfelves
803 2454 175 75 intervene,
1003 2454 54 75 the
1071 2454 143 75 progrefs

184 2501 40 75 of
235 2501 55 75 the
308 2501 105 75 pollen
431 2501 65 75 will
512 2501 40 75 be
569 2501 74 75 inte;
653 2501 111 75 cepted
777 2501 90 75 ;—if
878 2501 25 75 it
917 2501 95 75 rains,
1038 2501 54 75 the
1109 2501 106 75 pollen

184 2547 67 75 will
267 2547 39 75 be
323 2547 74 75 beat
407 2547 36 75 to
461 2547 55 75 the
533 2547 122 75 ground
666 2547 115 75 ;—the
805 2547 75 75 leaft
896 2547 121 75 tremor
1034 2547 39 75 of
1084 2547 54 75 the
1155 2547 58 75 air,

185 2594 38 75 or
238 2594 125 75 fmalier
378 2594 78 75 blaft
468 2594 147 75 refledted
631 2594 83 75 from
733 2594 61 75 any
806 2594 94 75 other
916 2594 143 75 quarter,
1085 2594 67 75 will
1168 2594 45 75 in-

185 2641 125 75 fallibly
328 2641 80 75 alter
427 2641 55 75 the
499 2641 151 75 direftion
664 2641 40 75 of
722 2641 64 75 this
802 2641 185 75 fluduating
1000 2641 128 75 pollen.-

186 2688 89 75 Nay,
299 2688 164 75 fuppofing
487 2688 162 75 Linnaeus,
673 2688 36 75 or
733 2688 63 75 any
818 2688 93 75 other
935 2688 114 75 expert
1065 2688 149 75 botanift,

185 2734 109 75 Ihould
313 2734 73 75 take
403 2734 49 75 his
470 2734 110 75 ftation
597 2734 44 75 by
656 2734 56 75 the
724 2734 81 75 male
822 2734 100 75 plant,
939 2734 117 75 having
1073 2734 47 75 his
1140 2734 74 75 poc-

186 2781 71 75 kets
278 2781 115 75 loaded
412 2781 77 75 with
507 2781 125 75 pollen;
659 2781 127 75 fuppofe
809 2781 67 75 him
893 2781 124 75 further
1040 2781 35 75 to
1091 2781 73 75 take
1181 2781 32 75 e-

187 2827 75 75 very
280 2827 174 75 advantage
477 2827 40 75 of
536 2827 86 75 v/ind
638 2827 61 75 and
718 2827 149 75 weather,
893 2827 61 75 and
972 2827 116 75 aiming
1111 2827 29 75 a;
1159 2827 55 75 the

186 2874 128 75 female,
338 2874 44 75 let
399 2874 78 75 him,
495 2874 50 75 for
562 2874 97 75 hours
676 2874 161 75 together,
854 2874 103 75 throw
970 2874 32 75 at
1019 2874 57 75 her
1093 2874 121 75 repeat-

187 2924 39 75 ed
243 2924 149 75 handfuls
409 2924 40 75 of
468 2924 64 75 this
544 2924 183 75 frudifying
744 2924 119 75 pollen,
888 2924 24 75 it
930 2924 26 75 is
972 2924 20 75 a
1008 2924 156 75 thoufand
1180 2924 35 75 to

185 2968 74 75 one,
285 2968 36 75 if,
347 2968 32 75 at
403 2968 54 75 the
473 2968 135 75 diftance
633 2968 39 75 of
697 2968 63 75 500
783 2968 107 75 yards,
915 2968 18 75 a
944 2968 107 75 Jingle
1075 2968 20 75 g
1114 2968 49 75 ain
1180 2968 40 75 of

187 3012 105 75 pollen
316 3012 108 75 would
444 3012 97 75 touch
567 3012 60 75 any
651 3012 70 75 part
747 3012 40 75 of
804 3012 55 75 the
882 3012 125 75 female,
1036 3012 60 75 and
1119 3012 95 75 many

186 3060 137 75 millions
341 3060 34 75 to
398 3060 61 75 one
474 3060 117 75 againft
605 3060 43 75 its
672 3060 113 75 falling
800 3060 132 75 diredly
955 3060 83 75 upon
1062 3060 54 75 the
1140 3060 72 75 ftig-

183 3109 86 75 mata
284 3109 40 75 of
341 3109 58 75 her
416 3109 167 75 refpedive
599 3109 138 75 flowers.
786 3109 38 75 In
844 3109 18 75 a
883 3109 103 75 word,
1011 3109 64 75 this
1098 3109 115 75 theory
1223 3109 7 75 '

1327 245 39 75 A
1484 245 44 75 N
1645 227 38 49 Y
1683 245 12 75 -

1269 308 39 75 of
1326 308 234 75 impregnation
1576 308 45 75 by
1637 308 56 75 the
1710 308 98 75 wind,
1832 308 26 75 is
1876 308 17 75 a
1910 308 145 75 palpable
2072 308 112 75 refuge
2200 308 40 75 of
2259 308 46 75 ig-

1269 354 149 75 norance,
1445 354 149 75 invented
1611 354 39 75 wi
1650 386 9 49 (
1659 354 29 75 th
1706 354 18 75 a
1739 354 80 75 view
1837 354 36 75 to
1887 354 135 75 account
2035 354 51 75 for
2103 354 54 75 the
2175 354 131 75 frudifi-

1268 401 103 75 cation
1390 401 40 75 of
1440 401 143 75 dioicous
1601 401 117 75 plants,
1744 401 106 75 whicfy
1872 401 152 75 Linnaeus
2049 401 94 75 knew
2166 401 35 75 to
2225 401 39 75 be
2289 401 19 75 a

1268 448 190 75 formidable
1481 448 122 75 barrier
1627 448 144 75 Handing
1796 448 31 75 in
1854 448 174 75 oppofmon
2055 448 35 75 to
2122 448 55 75 the
2197 448 111 75 fexual

1269 496 191 75 hypothefis.
1512 496 88 75 How
1623 496 49 75 far
1695 496 70 75 that
1788 496 137 75 obftacle
1949 496 27 75 is
2005 496 149 75 removed
2179 496 42 75 by
2243 496 66 75 this

1268 542 101 75 vague
1387 542 194 75 fubferfuge,
1607 542 27 75 is
1652 542 173 75 fubmitted
1841 542 36 75 to
1894 542 54 75 the
1967 542 170 75 judgment
2153 542 40 75 of
2211 542 96 75 every

1269 588 114 75 candid
1401 588 155 75 inquirer.

1317 634 96 75 Upon
1430 634 191 75 the,whole,
1646 634 49 75 we
1711 634 81 75 have
1815 634 222 75 endeavoured
2062 634 34 75 to
2113 634 98 75 fliovy,
2236 634 71 75 that

1269 680 96 75 every
1387 680 65 75 fad
1474 680 37 75 or
1527 680 199 75 experiment
1752 680 152 75 Linnreus
1921 680 56 75 has
1996 680 169 75 employed
2182 680 35 75 to
2232 680 73 75 fup-

1269 727 72 75 port
1359 727 47 75 his
1424 727 116 75 theory
1553 727 40 75 of
1605 727 54 75 the
1676 727 201 75 procreation
1894 727 40 75 of
1944 727 182 75 vegetables
2144 727 42 75 by
2198 727 108 75 means

1269 774 40 75 of
1328 774 109 75 fexual
1466 774 175 75 embraces,
1667 774 26 75 is
1706 774 113 75 .either
1842 774 90 75 falfe,
1958 774 37 75 or
2018 774 175 75 accidental
2206 774 10 75 ;
2243 774 64 75 and

1269 820 69 75 that
1356 820 54 75 the
1427 820 196 75 conclufions
1640 820 110 75 drawn
1763 820 83 75 from
1864 820 88 75 them
1970 820 51 75 are
2039 820 178 75 unnatural,
2244 820 62 75 and

1268 867 89 75 often
1374 867 135 75 ftrained
1526 867 35 75 to
1576 867 78 75 fuch
1671 867 19 75 a
1706 867 88 75 pitch
1814 867 41 75 of
1873 867 234 75 extravagance
2124 867 32 75 as
2175 867 130 75 renders

1267 914 87 75 them
1371 914 88 75 truly
1475 914 187 75 ridiculous.

1314 960 77 75 The
1407 960 75 75 only
1500 960 165 75 argument
1681 960 72 75 that
1769 960 74 75 now
1859 960 135 75 remains
2015 960 35 75 to
2065 960 40 75 be
2122 960 183 75 examined,

1268 1006 25 75 is
1319 1006 111 75 drawn
1456 1006 85 75 from
1565 1006 54 75 the
1641 1006 136 75 analogy
1801 1006 136 75 betwixt
1962 1006 131 75 animals
2122 1006 63 75 and
2209 1006 94 75 vege-

1269 1053 114 75 tables.
1437 1053 92 75 That
1553 1053 94 75 many
1670 1053 156 75 beautiful
1849 1053 159 75 analogies
2036 1053 73 75 may
2131 1053 39 75 be
2194 1053 111 75 traced

1268 1100 137 75 betwixt
1421 1100 56 75 the
1494 1100 114 75 animal
1626 1100 63 75 and
1705 1100 176 75 vegetable,
1900 1100 26 75 is
1938 1100 38 75 an
1994 1100 189 75 undeniable
2200 1100 103 75 truth.

1269 1147 77 75 But,
1375 1147 32 75 in
1425 1147 165 75 reafoning
1607 1147 84 75 upon
1708 1147 18 75 a
1746 1147 138 75 phyfical
1908 1147 131 75 fubjed,
2065 1147 104 75 which
2187 1147 116 75 admits

1268 1193 39 75 of
1327 1193 17 75 a
1369 1193 86 75 clear
1478 1193 245 75 determination
1747 1193 43 75 by
1815 1193 208 75 experiment,
2052 1193 34 75 to
2109 1193 78 75 truft
2203 1193 101 75 foleiy

1268 1239 36 75 or
1322 1239 116 75 chiefly
1454 1239 34 75 to
1505 1239 176 75 analogical
1695 1239 196 75 dedudions,
1909 1239 26 75 is
1952 1239 38 75 an
2007 1239 129 75 evident
2152 1239 87 75 mark
2258 1239 45 75 ei-

1267 1285 71 75 ther
1355 1285 40 75 of
1414 1285 18 75 a
1448 1285 60 75 bad
1528 1285 145 75 reafoner
1693 1285 37 75 or
1752 1285 38 75 an
1817 1285 139 75 unftable
1980 1285 195 75 hypothefis.
2224 1285 78 75 The

1267 1331 76 75 very
1367 1331 111 75 nature
1494 1331 41 75 of
1553 1331 137 75 analogy
1707 1331 222 75 prefuppofeth
1947 1331 85 75 fome
2055 1331 116 75 radical
2189 1331 114 75 differ-

1267 1379 76 75 ence
1359 1379 30 75 in
1408 1379 54 75 the
1478 1379 135 75 fubjeds
1630 1379 142 75 between
1798 1379 103 75 which
1926 1379 54 75 the
1998 1379 210 75 refemblance
2225 1379 73 75 fub-

1265 1425 74 75 fifts.
1391 1425 37 75 If
1446 1425 54 75 the
1517 1425 135 75 analogy
1669 1425 37 75 be
1723 1425 169 75 fupported
1916 1425 43 75 by
1983 1425 78 75 fads
2085 1425 62 75 and
2171 1425 127 75 experi-

1266 1472 114 75 ments,
1408 1472 74 75 they
1499 1472 157 75 mutually
1680 1472 180 75 (Lengthen
1879 1472 54 75 the
1957 1472 150 75 evidence
2129 1472 4 75 .
2171 1472 77 75 But,
2274 1472 31 75 if

1266 1519 54 75 the
1337 1519 136 75 analogy
1490 1519 38 75 be
1545 1519 56 75 not
1623 1519 171 75 fupported
1818 1519 43 75 by
1884 1519 77 75 fads
1984 1519 61 75 and
2069 1519 229 75 experiments,

1267 1564 48 75 or,
1341 1564 30 75 if
1392 1564 54 75 the
1463 1564 216 75 experiments
1703 1564 175 75 contradid
1901 1564 55 75 the
1978 1564 147 75 analogy,
2153 1564 103 75 which
2273 1564 28 75 is

1265 1612 54 75 the
1337 1612 68 75 cafe
1424 1612 76 75 with
1514 1612 54 75 the
1582 1612 114 75 theory
1713 1612 100 75 under
1826 1612 251 75 confideration;
2100 1612 32 75 in
2150 1612 102 75 either
2263 1612 43 75 of

1266 1660 86 75 thefe
1369 1660 149 75 iqftances
1531 1660 55 75 the
1603 1660 137 75 analogy
1755 1660 25 75 is
1794 1660 122 75 Carried
1931 1660 128 75 beyond
2070 1660 41 75 its
2127 1660 116 75 proper
2259 1660 39 75 li-

1265 1706 87 75 mits,
1378 1706 61 75 and
1457 1706 118 75 affords
1593 1706 41 75 no
1651 1706 166 75 argument
1833 1706 31 75 in
1881 1706 112 75 favour
2010 1706 40 75 of
2068 1706 55 75 the
2140 1706 158 75 hypothe-

1263 1751 50 75 fis.
1362 1751 156 75 Without
1543 1751 55 75 the
1620 1751 212 75 concurrence
1853 1751 40 75 of
1912 1751 91 75 fads,
2027 1751 75 75 how
2119 1751 56 75 can
2193 1751 48 75 we
2258 1751 40 75 be

1265 1798 118 75 certain
1401 1798 56 75 but
1475 1798 69 75 that
1562 1798 55 75 the
1633 1798 78 75 very
1728 1798 150 75 property
1895 1798 48 75 we
1960 1798 137 75 contend
2117 1798 50 75 for
2185 1798 113 75 confti-

1264 1845 85 75 tutes
1372 1845 55 75 the
1450 1845 139 75 effential
1612 1845 172 75 difference
1810 1845 135 75 betwixt
1967 1845 55 75 the
2043 1845 65 75 two
2131 1845 134 75 fubjeds
2281 1845 13 75 ?

1263 1891 155 75 Without
1430 1891 94 75 fads,
1548 1891 75 75 how
1634 1891 58 75 can
1705 1891 48 75 we
1766 1891 38 75 be
1822 1891 117 75 certain
1958 1891 57 75 but
2027 1891 70 75 that
2113 1891 185 75 generation

1264 1937 43 75 by
1324 1937 54 75 the
1394 1937 192 75 intercourfe
1609 1937 41 75 of
1668 1937 89 75 fexes
1776 1937 24 75 is
1826 1937 53 75 the
1896 1937 150 75 identical
2070 1937 228 75 charaderiftic

1265 1983 41 75 by
1334 1983 63 75 whi
1408 1983 32 75 :h
1469 1983 39 75 an
1536 1983 114 75 animal
1678 1983 63 75 and
1771 1983 166 75 vegetable
1964 1983 53 75 are
2043 1983 222 75 diftinguifhed
2279 1983 15 75 ?

1263 2031 108 75 Thefe
1388 2031 169 75 principles
1575 2031 53 75 are
1645 2031 176 75 applicable
1837 2031 77 75 even
1932 2031 31 75 in
1981 2031 54 75 the
2052 2031 68 75 cafe
2136 2031 40 75 of
2194 2031 18 75 a
2225 2031 70 75 per-

1266 2077 61 75 fed
1351 2077 62 75 and
1437 2077 139 75 uniform
1600 2077 149 75 analogy,
1777 2077 58 75 but
1860 2077 128 75 acquire
2013 2077 38 75 ah
2076 2077 220 75 accumulated

1265 2124 87 75 force
1370 2124 90 75 when
1478 2124 55 75 the
1550 2124 135 75 analogy
1704 2124 25 75 is
1747 2124 114 75 partial
1878 2124 61 75 and
1962 2124 202 75 incomplete,
2190 2124 113 75 which,

1264 2170 26 75 is
1307 2170 162 75 evidently
1486 2170 54 75 the
1556 2170 68 75 cafe
1637 2170 77 75 with
1733 2170 115 75 regard
1865 2170 34 75 to
1916 2170 55 75 the
1986 2170 110 75 fexual
2118 2170 178 75 commerce

1266 2217 41 75 of
1324 2217 196 75 vegetables.

1312 2263 64 75 For
1404 2263 159 75 example,
1596 2263 36 75 to
1659 2263 158 75 compleat
1844 2263 56 75 the
1928 2263 137 75 analogy
2087 2263 32 75 in
2152 2263 144 75 dioicous

1266 2310 117 75 plants,
1409 2310 18 75 a
1442 2310 82 75 male
1541 2310 110 75 fhould
1669 2310 39 75 be
1724 2310 175 75 uniformly
1911 2310 99 75 found
2026 2310 143 75 growing
2186 2310 42 75 by
2240 2310 55 75 the

1266 2357 63 75 fide
1341 2357 40 75 of
1393 2357 55 75 the
1462 2357 113 75 female
1590 2357 10 75 ;
1626 2357 60 75 and
1699 2357 133 75 befides,
1850 2357 31 75 at
1894 2357 55 75 the
1967 2357 57 75 age
2042 2357 39 75 of
2094 2357 147 75 puberty,
2258 2357 39 75 or

1265 2403 33 75 as
1317 2403 74 75 foon
1404 2403 33 75 as
1450 2403 55 75 the
1522 2403 137 75 anthers
1677 2403 90 75 come
1784 2403 34 75 to
1835 2403 164 75 maturity,
2024 2403 54 75 the
2094 2403 81 75 male
2186 2403 118 75 flower,

1266 2449 109 75 fliould
1392 2449 40 75 be
1444 2449 134 75 fituated
1594 2449 32 75 in
1644 2449 75 75 fuch
1736 2449 18 75 a
1766 2449 139 75 manner,
1924 2449 71 75 that
2011 2449 54 75 the
2082 2449 105 75 pollen
2199 2449 96 75 could

1266 2495 55 75 not
1338 2495 131 75 poflibly
1482 2495 71 75 mifs
1571 2495 54 75 the
1644 2495 143 75 ftigmata
1802 2495 40 75 of
1853 2495 54 75 the
1925 2495 113 75 female
2055 2495 137 75 flowers,
2211 2495 95 75 from'

1267 2542 161 75 whatever
1444 2542 131 75 quarter
1593 2542 55 75 the
1670 2542 84 75 wind
1772 2542 101 75 might
1889 2542 106 75 blow:
2033 2542 55 75 the
2105 2542 83 75 fam:
2204 2542 91 75 thing

1267 2588 110 75 (hould
1393 2588 74 75 take
1485 2588 88 75 place
1599 2588 76 75 with
1695 2588 112 75 regard
1823 2588 35 75 to
1884 2588 53 75 the
1955 2588 183 75 motioicous
2155 2588 138 75 flowers.

1268 2634 65 75 But
1351 2634 64 75 this
1442 2634 26 75 is
1487 2634 56 75 not
1570 2634 69 75 the.
1652 2634 134 75 analogy
1802 2634 164 75 prefented
1995 2634 36 75 to
2057 2634 36 75 us
2110 2634 42 75 by
2169 2634 124 75 nature.

1267 2681 53 75 On
1338 2681 54 75 the
1412 2681 163 75 contrary,
1601 2681 56 75 the
1674 2681 98 75 males
1789 2681 61 75 and
1868 2681 130 75 females
2014 2681 119 75 feldom
2156 2681 88 75 grow
2262 2681 33 75 in

1266 2728 55 75 the
1350 2728 265 75 neighbourhood
1642 2728 40 75 of
1709 2728 77 75 each
1811 2728 105 75 other.
1973 2728 149 75 Nothing
2148 2728 27 75 is
2204 2728 90 75 more

1267 2774 145 75 common
1430 2774 76 75 than
1523 2774 36 75 to
1575 2774 84 75 meet
1682 2774 76 75 with
1777 2774 86 75 large
1880 2774 77 75 beds
1977 2774 40 75 of
2038 2774 97 75 males
2152 2774 143 75 growing

1266 2822 31 75 in
1315 2822 60 75 one
1391 2822 101 75 place,
1518 2822 62 75 and
1597 2822 85 75 large
1699 2822 76 75 beds
1793 2822 39 75 of
1844 2822 129 75 females
1990 2822 31 75 at
2039 2822 54 75 the
2110 2822 136 75 diftance
2258 2822 42 75 of

1267 2867 84 75 fome
1367 2867 90 75 miles
1474 2867 83 75 from
1575 2867 101 75 them,
1701 2867 144 75 pointing
1861 2867 70 75 out,
1957 2867 33 75 as
2002 2867 25 75 it
2043 2867 95 75 were,
2164 2867 71 75 that
2253 2867 43 75 no

1265 2914 158 75 neceflary
1440 2914 195 75 connedion,
1660 2914 43 75 no
1718 2914 120 75 mutual
1856 2914 158 75 affedion,
2040 2914 40 75 no
2097 2914 123 75 natural
2237 2914 57 75 de-

1266 2960 158 75 pendence
1440 2960 143 75 fubfifted
1599 2960 144 75 between
1761 2960 86 75 thefe
1863 2960 98 75 males
1979 2960 61 75 and
2057 2960 150 75 females;
2234 2960 59 75 but

1266 3007 107 75 rather
1391 3007 70 75 that
1487 3007 111 75 nature
1618 3007 163 75 intended,
1807 3007 51 75 for
1875 3007 84 75 fome
1979 3007 133 75 purpofe
2129 3007 36 75 or
2185 3007 108 75 other,

1265 3054 69 75 that
1353 3054 76 75 they
1439 3054 110 75 fhould
1563 3054 43 75 be
1620 3054 76 75 kept
1714 3054 31 75 at
1763 3054 18 75 a
1793 3054 146 75 diftance.

1312 3100 150 75 Further,
1488 3100 55 75 the
1562 3100 177 75 fexualifts,
1770 3100 32 75 in
1829 3100 131 75 fupport
1987 3100 40 75 of
2050 3100 84 75 their
2159 3100 130 75 theory,

2238 3142 52 75 are
