2397 3387
520 151 232 75 BAG

1070 151 157 75 (512

147 214 333 75 BAGCASERA!,=
493 214 55 75 the
570 214 116 75 capital
708 214 67 75 city
791 214 39 75 of
850 214 264 75 Critn-Tartary,
1139 214 36 75 fi-

191 262 108 75 tuated
317 262 98 75 about
433 262 44 75 So
494 262 89 75 miles
601 262 74 75 weft
692 262 39 75 of
751 262 54 75 the
830 262 103 75 ftraits
950 262 40 75 of
1007 262 112 75 Kaffa,
1145 262 32 75 in

198 309 63 75 7,$°
281 309 42 75 E.
342 309 88 75 long,
457 309 63 75 and
537 309 42 75 45
579 291 24 49 0
629 309 48 75 15'
696 309 47 75 N.
762 309 58 75 lat.

147 356 215 75 BACCEM,
388 356 38 75 or
442 356 191 75 Baciaim,
659 356 18 75 a
692 356 239 75 feaporttown
949 356 39 75 of
1000 356 144 75 Cambay
1147 356 49 75 a,"

194 402 30 75 in
242 402 55 75 the
314 402 119 75 Hither
450 402 169 75 Peninfula
636 402 39 75 of
694 402 103 75 India.
847 402 33 75 It
904 402 131 75 belongs
1062 402 34 75 to
1122 402 55 75 the

193 448 208 75 Portuguefe,
427 448 62 75 and
504 448 26 75 is
547 448 135 75 fuuated
703 448 34 75 in
764 448 42 75 73
806 430 17 49 0
845 448 45 75 E.
911 448 91 75 long,
1029 448 62 75 and
1118 448 58 75 19°

197 496 54 75 20'
268 496 48 75 N.
333 496 61 75 lat.

146 542 223 75 BACCHtE,
396 542 31 75 in
441 542 171 75 antiquity,
639 542 169 75 prieftefles
820 542 40 75 of
872 542 54 75 the
939 542 63 75 god
1016 542 160 75 Bacchus.

190 588 99 75 They
312 588 84 75 were
420 588 138 75 likewife
583 588 101 75 called
710 588 168 75 tjuenades,
912 588 44 75 on
980 588 135 75 account
1143 588 40 75 of

191 636 57 75 the
263 636 116 75 frantic
391 636 193 75 ceremonies
601 636 75 75 ufed
693 636 32 75 in
738 636 85 75 their
834 636 92 75 feafts
939 636 9 75 ;
976 636 32 75 as
1027 636 65 75 alfo
1108 636 68 75 thy-

192 681 88 75 ades,
298 681 105 75 which
419 681 135 75 fignifies
571 681 175 75 impetuous
758 681 38 75 or
810 681 151 75 furious.
1009 681 99 75 They
1124 681 52 75 ce-

191 728 144 75 lebrated
357 728 55 75 the
435 728 104 75 orgies
562 728 40 75 of
621 728 85 75 their
731 728 65 75 god
820 728 137 75 covered
985 728 79 75 with
1095 728 82 75 fkins

192 775 40 75 of
250 775 98 75 tigers
377 775 63 75 and
466 775 162 75 panthers,
663 775 62 75 and
752 775 136 75 running
917 775 42 75 all
987 775 54 75 the
1070 775 105 75 night,

191 822 85 75 fome
293 822 78 75 with
388 822 85 75 their
489 822 69 75 hair
569 822 100 75 loofe,
687 822 77 75 with
778 822 129 75 torches
920 822 32 75 in
964 822 85 75 their
1061 822 115 75 hands,

192 869 110 75 others
327 869 149 75 crowned
499 869 80 75 with
601 869 72 75 vine
698 869 62 75 and
784 869 55 75 ivy
854 869 118 75 leaves,
997 869 147 75 carrying
1160 869 19 75 a

193 915 125 75 thyrfus
342 915 37 75 or
403 915 71 75 rod,
499 915 117 75 turned
632 915 97 75 about
747 915 78 75 with
841 915 65 75 ivy,
932 915 32 75 in
977 915 83 75 their
1075 915 100 75 hand.

192 961 111 75 Along
320 961 77 75 with
415 961 89 75 them
522 961 85 75 went
623 961 267 75 cymbal-players
908 961 60 75 and
986 961 192 75 drummers,

193 1008 96 75 while
304 1008 78 75 they
398 1008 201 75 themfelves,
623 1008 108 75 feized
756 1008 80 75 with
861 1008 200 75 enthufiaftn,
1085 1008 95 75 made

194 1055 133 75 hideous
344 1055 236 75 lamentations.

148 1100 368 75 BACCHANALIA,
543 1100 92 75 feafts
649 1100 179 75 celebrated
846 1100 31 75 in
894 1100 126 75 honour
1037 1100 40 75 of
1095 1100 81 75 Bac-

195 1147 78 75 chus
289 1147 44 75 by
357 1147 55 75 the
437 1147 125 75 ancient
586 1147 129 75 Greeks
733 1147 62 75 and
818 1147 167 75 Romans;
1012 1147 40 75 of
1072 1147 105 75 which

196 1196 55 75 the
284 1196 66 75 two
376 1196 80 75 moft
490 1196 198 75 remarkable
711 1196 84 75 were
827 1196 103 75 called
962 1196 55 75 the
1042 1196 137 75 greater

194 1241 63 75 and
278 1241 100 75 leffer.
426 1241 78 75 The
530 1241 109 75 latter,
665 1241 103 75 called
795 1241 113 75 leneea,
933 1241 86 75 from
1045 1241 19 75 a
1088 1241 90 75 word

194 1287 168 75 fjgnifying
387 1287 18 75 a
429 1287 204 75 nuine-prefs,
671 1287 83 75 were
778 1287 18 75 a
824 1287 199 75 preparation
1047 1287 51 75 for
1123 1287 56 75 the

194 1334 52 75 for
262 1334 55 75 the
334 1334 134 75 former,
493 1334 62 75 and
567 1334 83 75 were
666 1334 76 75 held
758 1334 31 75 in
802 1334 55 75 the
874 1334 80 75 open
973 1334 90 75 fields
1081 1334 97 75 about

194 1380 129 75 autumn
337 1380 11 75 ;
374 1380 57 75 but
448 1380 56 75 the
528 1380 138 75 greater,
691 1380 103 75 called
818 1380 167 75 DionyJja,
1011 1380 82 75 from
1118 1380 61 75 one

194 1428 40 75 of
253 1428 54 75 the
324 1428 107 75 names
448 1428 40 75 of
500 1428 159 75 Bacchus,
685 1428 84 75 were
782 1428 179 75 celebrated
977 1428 31 75 in
1026 1428 55 75 the
1098 1428 80 75 city,

168 1474 6 75 •
194 1474 98 75 about
309 1474 55 75 the
382 1474 212 75 fpring-time.
636 1474 89 75 Both
742 1474 88 75 thefe
846 1474 94 75 feafts
953 1474 84 75 were
1055 1474 124 75 accom-

196 1520 113 75 panied
332 1520 78 75 with
435 1520 119 75 games,
579 1520 181 75 fpedlacles,
793 1520 63 75 and
879 1520 169 75 theatrical
1071 1520 109 75 repre-

197 1566 193 75 ientations;
416 1566 63 75 and
494 1566 25 75 it
536 1566 65 75 was
618 1566 34 75 at
668 1566 63 75 this
749 1566 77 75 time
844 1566 57 75 the
917 1566 91 75 poets
1025 1566 154 75 contend-

198 1616 41 75 ed
256 1616 52 75 for
319 1616 55 75 the
391 1616 89 75 prize
497 1616 39 75 of
548 1616 128 75 poetry.
714 1616 114 75 Thofe
843 1616 74 75 who
934 1616 83 75 were
1033 1616 147 75 initiated

196 1661 68 75 into
289 1661 55 75 the
369 1661 193 75 celebration
587 1661 40 75 of
645 1661 56 75 the
724 1661 106 75 feafts,
855 1661 214 75 reprefented,
1093 1661 87 75 fome

199 1707 139 75 Silenus,
364 1707 108 75 others
490 1707 80 75 Pan,
595 1707 110 75 others
721 1707 122 75 fatyrs;
869 1707 63 75 and
955 1707 32 75 in
1010 1707 65 75 this
1092 1707 88 75 man-

198 1754 56 75 ner
280 1754 160 75 appeared
463 1754 32 75 in
525 1754 106 75 public
655 1754 93 75 night
771 1754 63 75 and
860 1754 75 75 day,
972 1754 208 75 counterfeit-

202 1801 56 75 ing
286 1801 227 75 drunkennefs,
544 1801 136 75 dancing
704 1801 181 75 obfcenely,
916 1801 200 75 committing
1140 1801 43 75 all

198 1848 95 75 kinds
317 1848 39 75 of
373 1848 235 75 licentioufnefs
631 1848 64 75 and
716 1848 216 75 debauchery,
957 1848 62 75 and
1045 1848 136 75 running

199 1894 77 75 over
293 1894 54 75 the
364 1894 178 75 mountains
560 1894 62 75 and
645 1894 125 75 forefts,
796 1894 79 75 with
898 1894 142 75 horrible
1063 1894 118 75 fhrieks

199 1941 63 75 and
280 1941 170 75 bowlings,
477 1941 111 75 crying
610 1941 68 75 out,
706 1941 34 75 lo
758 1941 138 75 Bacche.
945 1941 88 75 Livy
1048 1941 133 75 informs

197 1989 51 75 us,
273 1989 72 75 that
360 1989 115 75 during
491 1989 55 75 the
563 1989 235 75 Bacchanalian
816 1989 92 75 feafts
920 1989 33 75 at
970 1989 119 75 Rome,
1106 1989 75 75 fuch

199 2033 151 75 {hocking
366 2033 158 75 diforders
542 2033 83 75 were
648 2033 153 75 praftifed
824 2033 101 75 under
950 2033 54 75 the
1029 2033 95 75 cover
1149 2033 40 75 of

199 2081 56 75 the
267 2081 105 75 night,
398 2081 62 75 and
478 2081 89 75 thofe
580 2081 74 75 who
667 2081 83 75 were
766 2081 147 75 initiated
929 2081 84 75 were
1028 2081 109 75 bound
1149 2081 35 75 to

201 2126 127 75 conceal
346 2126 88 75 them
451 2126 78 75 with
548 2126 37 75 an
603 2126 88 75 oath,
718 2126 153 75 attended
895 2126 78 75 with
998 2126 111 75 horrid
1125 2126 58 75 im-

200 2171 191 75 precations,
410 2171 70 75 that
488 2171 55 75 the
552 2171 104 75 fenate
665 2171 178 75 fuppreffed
852 2171 87 75 them
948 2171 64 75 firft
1024 2171 32 75 in
1065 2171 119 75 Rome,

202 2220 61 75 and
280 2220 188 75 afterwards
484 2220 202 75 throughout
702 2220 42 75 all
756 2220 99 75 Italy.

157 2264 311 75 BACCHARAC,
494 2264 37 75 or
547 2264 228 75 Bacherac.
826 2264 61 75 See
902 2264 228 75 BACHERAC.

157 2310 290 75 BACCHARIS,
472 2310 33 75 in
529 2310 133 75 botany,
696 2310 18 75 a
742 2310 98 75 genus
868 2310 39 75 of
926 2310 56 75 the
1008 2310 179 75 fyngenefia

204 2356 180 75 polygamia
400 2356 155 75 fuperflua
578 2356 91 75 clafs.
717 2356 77 75 The
820 2356 175 75 receptacle
1017 2356 27 75 is
1070 2356 116 75 naked,

204 2407 63 75 and
283 2407 55 75 the
354 2407 118 75 pappus
489 2407 110 75 briftly
610 2407 10 75 ;
647 2407 55 75 the
715 2407 85 75 calix
811 2407 26 75 is
854 2407 188 75 imbricated
1054 2407 62 75 and
1132 2407 54 75 cy-

204 2448 167 75 lindrical;
397 2448 55 75 the
477 2448 259 75 hermaphrodite
760 2448 143 75 flofcules
926 2448 53 75 are
992 2448 197 75 jntermixed

206 2500 79 75 with
303 2500 55 75 the
375 2500 115 75 female
502 2500 89 75 ones.
639 2500 78 75 The
733 2500 118 75 fpecies
874 2500 53 75 are
944 2500 104 75 feven,
1074 2500 41 75 all
1132 2500 56 75 na-

206 2547 81 75 tives
305 2547 39 75 of
365 2547 98 75 warm
480 2547 156 75 climates.

161 2591 258 75 BACCHIUS,
444 2591 31 75 in
493 2591 124 75 ancient
633 2591 127 75 poetry,
786 2591 18 75 a
819 2591 79 75 kind
914 2591 40 75 of
973 2591 70 75 foot
1060 2591 129 75 compo-

209 2641 54 75 fed
275 2641 39 75 of
326 2641 18 75 a
359 2641 86 75 ftiort
460 2641 144 75 fyllable,
631 2641 62 75 and
709 2641 65 75 two
791 2641 76 75 long
879 2641 89 75 ones,
986 2641 33 75 as
1032 2641 55 75 the
1100 2641 91 75 word

212 2684 154 75 [Avan].
416 2684 32 75 It
474 2684 90 75 takes
587 2684 41 75 its
652 2684 91 75 name
768 2684 85 75 from
876 2684 55 75 the
948 2684 64 75 god
1029 2684 160 75 Bacchus,

207 2732 132 75 becaufe
352 2732 24 75 it
392 2732 185 75 frequently
594 2732 131 75 entered
740 2732 68 75 into
820 2732 55 75 the
892 2732 113 75 hymns
1023 2732 169 75 compofed

210 2781 32 75 in
257 2781 51 75 his
325 2781 137 75 honour.
510 2781 77 75 The
612 2781 142 75 Romans
780 2781 102 75 called
906 2781 26 75 it
956 2781 138 75 Irkewife
1111 2781 80 75 a:no-

211 2826 99 75 trius,
335 2826 173 75 tripodius,
524 2826 149 75 faltans.

167 2871 258 75 BACHARIS,
450 2871 33 75 in
499 2871 131 75 botany.
681 2871 61 75 See
757 2871 241 75 Baccharis.

168 2919 278 75 BACHELOR.
496 2919 62 75 See
574 2919 258 75 Batchelor.
872 2919 10 75 ,

167 2964 276 75 BACHERAC,
469 2964 19 75 a
502 2964 87 75 town
607 2964 39 75 of
657 2964 54 75 the
729 2964 181 75 Palatinate
931 2964 40 75 of
994 2964 56 75 the
1074 2964 132 75 Rhine,-

215 3011 133 75 fituated
360 3011 41 75 on
414 3011 55 75 the
481 3011 129 75 weftern
626 3011 91 75 fhore
733 3011 40 75 of
783 3011 71 75 that
866 3011 96 75 river,
979 3011 32 75 in
1027 3011 16 75 7
1043 2993 20 49 0
1076 3011 118 75 E.lon.

1290 150 18 75 )

1626 150 240 75 BAD

1274 218 62 75 and
1355 218 42 75 jo
1397 200 17 49 p
1433 218 47 75 N.
1498 218 58 75 lat.
1606 218 32 75 It
1661 218 25 75 is
1704 218 198 75 remarkable
1918 218 54 75 for
1988 218 162 75 excellent
2166 218 93 75 wine*

1274 265 84 75 from
1375 265 115 75 thence
1508 265 102 75 called
1631 265 181 75 Bacherac.

1229 311 233 75 BACHIAN,
1487 311 61 75 one
1566 311 41 75 of
1619 311 54 75 the
1690 311 154 75 Molucca
1861 311 126 75 iflands,
2013 311 131 75 fituated
2164 311 100 75 under

1276 356 54 75 the
1359 356 148 75 equator,
1538 356 32 75 in
1601 356 81 75 125°
1706 356 44 75 E.
1776 356 88 75 long.
1922 356 33 75 It
1984 356 131 75 belongs
2145 356 34 75 to
2208 356 55 75 the

1277 403 127 75 Dutch.

1227 449 180 75 BACHU,
1433 449 19 75 a
1467 449 141 75 fea-port
1624 449 88 75 town
1740 449 40 75 of
1803 449 55 75 the
1873 449 150 75 province
2040 449 39 75 of
2095 449 166 75 Chirwan,

1275 496 36 75 or
1330 496 149 75 Shirvan,
1505 496 31 75 in
1553 496 119 75 Perfia.
1722 496 32 75 It
1770 496 26 75 is
1820 496 132 75 fituated
1979 496 42 75 on
2049 496 55 75 the
2133 496 131 75 weftern

1275 543 90 75 ftiore
1389 543 41 75 of
1453 543 55 75 the
1533 543 137 75 Cafpian
1694 543 65 75 fea,
1789 543 33 75 in
1848 543 62 75 49°
1936 543 44 75 E.
1997 543 90 75 long,
2113 543 64 75 and
2201 543 63 75 40°

1273 589 47 75 N.
1338 589 57 75 lat.

1227 635 142 75 BACK,
1395 635 31 75 in
1448 635 163 75 anatomy.
1663 635 62 75 See
1742 635 220 75 Back-Wm.

1227 682 121 75 Back,
1374 682 32 75 in
1423 682 56 75 the
1495 682 143 75 menage.
1687 682 57 75 To
1768 682 81 75 back
1873 682 19 75 a
1916 682 106 75 horfe,
2047 682 38 75 or
2106 682 112 75 mount
2243 682 20 75 a

1274 728 91 75 horfe
1382 728 20 75 a
1423 728 66 75 dos,
1515 728 31 75 in
1564 728 137 75 French,
1727 728 27 75 is
1775 728 35 75 to
1826 728 112 75 mount
1950 728 68 75 him
2034 728 227 75 bare-backed,

1275 774 36 75 or
1330 774 137 75 without
1483 774 19 75 a
1517 774 121 75 faddle.

1227 821 203 75 BacVL-bone
1430 853 11 49 9
1466 821 37 75 or
1521 821 129 75 Spine.
1701 821 66 75 See
1780 821 210 75 Anatomy,
2016 821 33 75 p.
2072 821 79 75 166,
2181 821 80 75 167.

1227 866 285 75 ftkcn-gammon,
1538 866 38 75 an
1593 866 168 75 ingenious
1777 866 92 75 game
1888 866 117 75 played
2017 866 79 75 with
2113 866 70 75 dice
2200 866 64 75 and

1274 913 114 75 tables,
1413 913 35 75 to
1464 913 42 75 be
1533 913 130 75 learned
1686 913 76 75 only
1788 913 42 75 by
1855 913 200 75 obfervation
2079 913 64 75 and
2170 913 91 75 prac-

1276 960 75 75 tice.

1228 1005 8 75 '
1236 1005 98 75 Back,
1351 1005 167 75 painting.
1568 1005 61 75 See
1646 1005 212 75 Painting.

1229 1052 212 75 V>AcvL-Jiajf,
1465 1052 32 75 in
1516 1052 53 75 the
1586 1052 234 75 fea-language.
1871 1052 61 75 See
1957 1052 278 75 Navigation.

1229 1099 222 75 BACYL-Jlays.
1501 1099 61 75 See
1584 1099 145 75 Stays.

1228 1145 212 75 B&cvi-tack,
1458 1145 31 75 in
1508 1145 94 75 Scots
1622 1145 79 75 law:
1740 1145 113 75 When
1881 1145 19 75 a
1925 1145 183 75 wadfetter,
2141 1145 121 75 inftead

1274 1191 40 75 of
1329 1191 158 75 polfeffing
1504 1191 55 75 the
1575 1191 240 75 wadfet-lands,
1832 1191 109 75 grants
1959 1191 19 75 a
1992 1191 74 75 tack
2083 1191 132 75 thereof
2225 1191 36 75 to

1274 1238 55 75 the
1346 1238 142 75 reverfor
1504 1238 52 75 for
1575 1238 151 75 payment
1745 1238 40 75 of
1804 1238 19 75 a
1839 1238 119 75 certain
1975 1238 66 75 fum
2058 1238 33 75 in
2108 1238 91 75 name
2226 1238 42 75 of

1275 1283 182 75 tack-duty,
1476 1283 71 75 that
1558 1283 74 75 tack
1648 1283 27 75 is
1691 1283 102 75 called
1806 1283 17 75 a
1835 1283 179 75 back-tack.
2058 1283 61 75 See
2133 1283 126 75 Scots

1276 1330 104 75 Law,
1406 1330 52 75 tit.
1485 1330 208 75 Redeemable
1712 1330 116 75 rights.

1229 1376 241 75 Back-w<5/t«,
1495 1376 32 75 in
1544 1376 159 75 falconry.
1752 1376 61 75 See
1833 1376 238 75 Filanders.

1229 1423 210 75 BACULE,
1456 1423 33 75 in
1506 1423 218 75 fortification,
1742 1423 18 75 a
1777 1423 77 75 kind
1871 1423 39 75 of
1923 1423 178 75 portcullis,
2119 1423 37 75 or
2173 1423 86 75 gate,

1276 1469 91 75 made
1389 1469 64 75 like
1473 1469 19 75 a
1509 1469 121 75 pit-fall
1647 1469 78 75 with
1745 1469 17 75 a
1779 1469 231 75 counterpoife,
2036 1469 61 75 and
2116 1469 145 75 fupport-

1276 1517 41 75 ed
1333 1517 43 75 by
1392 1517 67 75 two
1475 1517 90 75 great
1581 1517 114 75 (takes.
1737 1517 32 75 It
1787 1517 27 75 is
1832 1517 122 75 ufually
1970 1517 93 75 made
2082 1517 108 75 before
2207 1517 56 75 the

1278 1561 268 75 corpade-guard,
1572 1561 57 75 not
1645 1561 50 75 far
1719 1561 85 75 from
1829 1561 55 75 the
1901 1561 73 75 gate
1991 1561 39 75 of
2045 1561 19 75 a
2086 1561 102 75 place.

1230 1606 388 75 BACULOMETRY,
1644 1606 55 75 the
1716 1606 49 75 art
1782 1606 41 75 of
1833 1606 179 75 meafuring
2038 1606 160 75 acceffible
2225 1606 38 75 or

1277 1655 191 75 inacceflible
1484 1655 139 75 heights,
1648 1655 44 75 by
1709 1655 55 75 the
1779 1655 74 75 help
1866 1655 40 75 of
1917 1655 60 75 one
1990 1655 37 75 or
2039 1655 89 75 more
2144 1655 116 75 baculi,

1277 1700 110 75 ftaves,
1405 1700 37 75 or
1458 1700 88 75 rods.
1596 1700 62 75 See
1676 1700 240 75 Geometry.

1231 1747 225 75 BACULUS
1474 1747 232 75 dtvinatorius.
1758 1747 61 75 See
1842 1747 186 75 Virgula
2047 1747 166 75 Divina.

1230 1794 239 75 BADAJOX,
1496 1794 17 75 a
1534 1794 87 75 large
1637 1794 142 75 fortified
1798 1794 88 75 town
1903 1794 39 75 of
1955 1794 130 75 Spanifti
2103 1794 160 75 Eftrema-

1278 1840 91 75 dura,
1394 1840 135 75 lituated
1551 1840 40 75 on
1620 1840 55 75 the
1698 1840 84 75 river
1806 1840 183 75 Guadiana,
2016 1840 32 75 in
2073 1840 18 75 7
2091 1822 20 49 0
2129 1840 47 75 20
2200 1840 61 75 W.

1279 1886 87 75 long,
1393 1886 61 75 and
1474 1886 60 75 38°
1553 1886 56 75 45'
1626 1886 47 75 N.
1693 1886 58 75 lat.

1231 1938 251 75 BADALONj
1508 1938 18 75 a
1547 1938 87 75 town
1662 1938 40 75 of
1722 1938 182 75 Catalonia,
1928 1938 32 75 in
1991 1938 111 75 Spain,
2128 1938 136 75 fituated

1278 1977 40 75 on
1339 1977 55 75 the
1412 1977 270 75 Mediterranean,
1709 1977 98 75 about
1824 1977 55 75 ten
1896 1977 90 75 miles
2010 1977 62 75 eaft
2090 1977 40 75 of
2141 1977 120 75 Barce-

1279 2023 85 75 lona,
1390 2023 32 75 in
1435 2023 38 75 2°
1496 2023 12 75 1
1520 2023 28 75 5^
1564 2023 44 75 E.
1626 2023 88 75 long,
1740 2023 62 75 and
1820 2023 40 75 41
1860 2005 21 49 0
1904 2023 52 75 15'
1972 2023 48 75 N.
2037 2023 57 75 lat.

1233 2071 181 75 BADEN,
1439 2071 56 75 the
1508 2071 90 75 name
1615 2071 40 75 of
1673 2071 118 75 feyeral
1805 2071 103 75 towns
1920 2071 8 75 :
1969 2071 30 75 1.
2025 2071 53 75 Of
2092 2071 61 75 one
2165 2071 98 75 about

1284 2118 43 75 20
1347 2118 90 75 miles
1455 2118 94 75 north
1567 2118 40 75 of
1626 2118 202 75 Strafbourg,
1854 2118 113 75 capital
1992 2118 40 75 of
2051 2118 55 75 the
2121 2118 142 75 margra-

1280 2163 85 75 viate
1381 2163 41 75 of
1440 2163 55 75 the
1519 2163 83 75 fame
1626 2163 104 75 name,
1755 2163 63 75 and
1841 2163 197 75 remarkable
2062 2163 52 75 for
2138 2163 41 75 its
2204 2163 61 75 hot

1282 2209 107 75 baths.
1439 2209 32 75 2.
1497 2209 54 75 Of
1570 2209 135 75 another
1720 2209 87 75 town
1824 2209 40 75 of
1883 2209 140 75 Swabia,
2048 2209 30 75 in
2097 2209 55 75 the
2175 2209 87 75 Brif-

1283 2256 92 75 gow;
1401 2256 108 75 where
1534 2256 52 75 are
1610 2256 139 75 likewife
1774 2256 118 75 feveral
1916 2256 58 75 hot
1998 2256 107 75 baths.
2157 2256 31 75 3.
2216 2256 52 75 Of

1284 2302 58 75 one
1358 2302 32 75 in
1409 2302 224 75 Switzerland,
1659 2302 101 75 about
1777 2302 41 75 14
1834 2302 91 75 miles
1942 2302 188 75 north-weft
2146 2302 41 75 of
2199 2302 65 75 Zu-

1284 2347 80 75 rich.
1415 2347 34 75 4.
1474 2347 53 75 Of
1546 2347 60 75 one
1623 2347 32 75 in
1679 2347 54 75 the
1758 2347 94 75 circle
1877 2347 40 75 of
1935 2347 142 75 Auftria,
2103 2347 98 75 about
2222 2347 39 75 15

1285 2394 88 75 miles
1390 2394 92 75 fouth
1500 2394 40 75 of
1559 2394 137 75 Vienna.

2183 2394 5 75 •

1238 2441 283 75 BADENOCH,
1554 2441 39 75 an
1618 2441 109 75 inland
1751 2441 134 75 coprttry
1897 2441 40 75 of
1966 2441 245 75 Invernefsrtiire
2233 2441 34 75 in

1287 2485 166 75 Scotland,
1478 2485 90 75 lying
1578 2485 148 75 between
1739 2485 251 75 Aberdeenfliire
2003 2485 61 75 and
2081 2485 184 75 Lochaber.

1239 2531 413 75 BADENWEILLER,
1678 2531 18 75 a
1712 2531 86 75 town
1813 2531 39 75 of
1863 2531 178 75 Germany,
2067 2531 31 75 in
2112 2531 54 75 the
2178 2531 88 75 Brif-

1287 2579 83 75 gow,
1397 2579 74 75 near
1487 2579 55 75 the
1559 2579 120 75 Rhine.

1241 2625 215 75 BADGER,
1482 2625 32 75 in
1531 2625 153 75 zoology,
1710 2625 55 75 the
1790 2625 131 75 Englifli
1942 2625 90 75 name
2056 2625 39 75 of
2116 2625 18 75 a
2150 2625 119 75 fpecies

1290 2670 38 75 of
1347 2670 117 75 Urftis.
1514 2670 227 75 SeeUasus.

1242 2718 176 75 Badger,
1436 2718 31 75 in
1485 2718 55 75 old
1551 2718 191 75 law-books,
1761 2718 59 75 ohfe
1837 2718 70 75 that
1923 2718 65 75 was
2004 2718 137 75 licenfed
2153 2718 35 75 to
2204 2718 66 75 buy

1290 2764 76 75 corn
1390 2764 33 75 in
1450 2764 61 75 one
1537 2764 102 75 place,
1663 2764 63 75 and
1751 2764 92 75 carry
1867 2764 25 75 it
1920 2764 35 75 to
1980 2764 133 75 anOtfier
2136 2764 35 75 to
2198 2764 70 75 fell,

1291 2809 136 75 without
1443 2809 167 75 incurring"
1620 2809 53 75 the
1687 2809 196 75 puniftiment
1883 2791 4 49 1
1904 2809 39 75 of
1963 2809 38 75 an
2018 2809 169 75 engrofler.

1245 2858 233 75 BADIANE,
1504 2858 36 75 or
1566 2858 193 75 Bandian,
1785 2858 56 75 the
1864 2858 70 75 feed
1964 2858 40 75 of
2028 2858 16 75 a
2070 2858 66 75 tree
2164 2858 107 75 which

1293 2904 104 75 grows
1414 2904 30 75 in
1459 2904 118 75 China,
1594 2904 60 75 and
1668 2904 103 75 fmells
1789 2904 64 75 like
1867 2904 182 75 anife-feed.
2097 2904 77 75 The
2191 2904 79 75 Chi-

1293 2950 84 75 nefe,
1403 2950 60 75 and
1480 2950 55 75 the
1552 2950 113 75 Dutch
1683 2950 29 75 in
1732 2950 156 75 imitation
1908 2950 39 75 of
1966 2950 101 75 them,
2091 2950 181 75 fometimes

1296 2997 118 75 ufethe
1433 2997 132 75 badiane
1581 2997 35 75 to
1632 2997 71 75 give
1720 2997 85 75 their
1814 2997 53 75 tea
1884 2997 38 75 an
1940 2997 153 75 aromatic
2108 2997 90 75 tafte.
2112 3033 157 75 BADIS,
