2483 3387
175 126 84 75 500

721 126 495 75 ASTRO

221 197 75 75 The
311 197 248 75 Tide-Dial,
578 197 148 75 PlateL.
744 197 54 75 fig.
814 197 32 75 i.
889 197 77 75 The
986 197 121 75 outfide
1120 197 87 75 parts

176 241 40 75 of
224 241 62 75 this
298 241 144 75 machine
454 241 109 75 confift
580 241 47 75 of,
657 241 31 75 i.
709 241 51 75 An
781 241 191 75 eight-fided
990 241 81 75 box,
1093 241 40 75 on
1155 241 54 75 the

177 290 56 75 top
246 290 41 75 of
293 290 140 75 whichat
445 290 55 75 the
512 290 127 75 corners
651 290 27 75 is
690 290 102 75 flrewn
805 290 56 75 the
872 290 111 75 phafes
995 290 40 75 of
1049 290 54 75 the
1115 290 96 75 moon

176 339 33 75 at
221 339 54 75 die
288 339 134 75 octants,
440 339 160 75 quarters,
619 339 62 75 and
698 339 73 75 full.
803 339 130 75 Within
946 339 86 75 thefe
1044 339 27 75 is
1085 339 18 75 a
1114 339 97 75 circle

176 384 40 75 of
228 384 69 75 29!
309 384 94 75 equal
421 384 99 75 parts,
539 384 103 75 which
660 384 53 75 are
731 384 54 75 the
798 384 22 75 d
840 384 37 75 y£
888 384 40 75 of
939 384 56 75 the
1012 384 123 75 moon’s
1152 384 58 75 age

176 428 178 75 accounted
371 428 84 75 from
471 428 56 75 the
543 428 55 75 fun
615 428 34 75 at
665 428 70 75 new
751 428 109 75 moon,
886 428 103 75 round
1005 428 36 75 to
1065 428 56 75 the
1152 428 55 75 fun

177 476 103 75 again.
330 476 131 75 Within
484 476 63 75 this
571 476 96 75 circle
692 476 25 75 is
743 476 60 75 one
828 476 40 75 of
891 476 45 75 24
952 476 99 75 hours
1076 476 133 75 divided

176 523 68 75 into
261 523 88 75 their
366 523 170 75 refpeQive
552 523 110 75 halves
679 523 63 75 and
758 523 160 75 quarters.
971 523 32 75 2.
1031 523 33 75 A
1081 523 129 75 moving

175 569 153 75 elliptical
345 569 98 75 plate,
470 569 129 75 painted
626 569 87 75 blue,
738 569 35 75 to
799 569 159 75 reprefent
986 569 56 75 the
1065 569 94 75 rifing
1175 569 40 75 of

177 616 55 75 the
250 616 82 75 tides
351 616 100 75 under
467 616 63 75 and
547 616 141 75 oppofite
704 616 35 75 to
755 616 56 75 the
827 616 96 75 moon
941 616 11 75 ;
979 616 63 75 and
1069 616 56 75 has
1153 616 56 75 the

175 663 120 75 words,
328 663 75 75 high
430 663 120 75 <vja:er,
577 663 67 75 tide
662 663 142 75 falling,
831 663 64 75 low
919 663 121 75 water,
1066 663 69 75 tide
1159 663 49 75 ri-

161 710 91 75 fing,
278 710 133 75 marked
427 710 83 75 upon
528 710 38 75 it.
615 710 57 75 To
689 710 61 75 one
769 710 63 75 end
844 710 39 75 of
895 710 64 75 this
972 710 86 75 plate
1074 710 27 75 is
1118 710 89 75 fixed

173 757 56 75 the
257 757 96 75 moon
377 757 48 75 M
445 757 43 75 by
504 757 56 75 the
587 757 77 75 wire
686 757 49 75 IV,
762 757 62 75 and
843 757 77 75 goes
941 757 95 75 along
1059 757 95 75 with-
1166 757 40 75 in

176 803 33 75 3.
235 803 115 75 Above
365 803 64 75 this
446 803 153 75 elliptical
616 803 87 75 plate
729 803 28 75 is
786 803 18 75 a
829 803 103 75 round
955 803 73 75 one,
1053 803 78 75 with
1151 803 56 75 the

174 850 105 75 points
296 850 40 75 of
347 850 55 75 the
419 850 141 75 compafs
583 850 85 75 upon
684 850 39 75 it,
748 850 64 75 and
827 850 65 75 alfo
907 850 56 75 the
980 850 107 75 names
1115 850 40 75 of
1174 850 33 75 a-

175 896 81 75 bove
274 896 68 75 200
359 896 105 75 places
481 896 31 75 in
530 896 54 75 the
596 896 88 75 large
700 896 145 75 machine
865 896 73 75 (but
955 896 76 75 only
1050 896 41 75 32
1110 896 31 75 in
1154 896 55 75 the

174 944 112 75 figure,
311 944 36 75 to
364 944 95 75 avoid
475 944 178 75 confufion)
672 944 46 75 fet
734 944 78 75 over
828 944 89 75 thofe
934 944 105 75 points
1056 944 32 75 in
1103 944 107 75 which

173 990 56 75 the
258 990 95 75 moon
369 990 92 75 bears
478 990 93 75 when
588 990 52 75 fhe
664 990 94 75 raifes
774 990 56 75 the
847 990 82 75 tides
946 990 35 75 to
998 990 56 75 the
1074 990 135 75 greateft

177 1036 129 75 heights
331 1036 31 75 at
379 1036 87 75 thefe
483 1036 104 75 places
612 1036 96 75 twice
735 1036 33 75 in
793 1036 96 75 every
906 1036 91 75 lunar
1021 1036 83 75 day:
1131 1036 79 75 And

175 1084 35 75 to
227 1084 56 75 the
299 1084 97 75 north
417 1084 62 75 and
496 1084 92 75 fouth
603 1084 105 75 points
726 1084 39 75 of
785 1084 65 75 this
867 1084 85 75 plate
968 1084 54 75 are
1038 1084 88 75 fixed
1143 1084 66 75 two

173 1129 137 75 indexes
331 1129 22 75 /
364 1129 62 75 and
457 1129 45 75 K,
527 1129 106 75 which
651 1129 83 75 Ihew
754 1129 55 75 the
825 1129 94 75 times
939 1129 39 75 of
998 1129 77 75 high
1093 1129 113 75 water,

173 1176 32 75 in
222 1176 55 75 the
303 1176 82 75 hour
417 1176 108 75 circle,
551 1176 33 75 at
608 1176 43 75 all
679 1176 86 75 thefe
795 1176 118 75 places.
963 1176 33 75 4.
1023 1176 113 75 Below
1152 1176 56 75 the

172 1222 150 75 elliptical
339 1222 86 75 plate
442 1222 53 75 are
523 1222 73 75 four
624 1222 90 75 fmall
736 1222 113 75 plates,
875 1222 66 75 two
958 1222 40 75 of
1010 1222 104 75 which
1132 1222 73 75 pro-

169 1266 18 75 j'
187 1266 47 75 edt
250 1266 58 75 out
323 1266 86 75 from
424 1266 104 75 below
540 1266 40 75 its
598 1266 78 75 ends
694 1266 32 75 at
743 1266 71 75 new
831 1266 63 75 and
910 1266 60 75 full
987 1266 95 75 moon
1101 1266 10 75 ;
1143 1266 63 75 and

173 1317 46 75 fo,
254 1317 43 75 by
322 1317 206 75 lengthening
557 1317 55 75 the
638 1317 120 75 ellipfe,
792 1317 82 75 fhew
903 1317 56 75 the
986 1317 220 75 fpring-tides,

171 1363 108 75 which
295 1363 53 75 are
368 1363 76 75 then
461 1363 102 75 raifed
579 1363 34 75 to
629 1363 56 75 the
702 1363 134 75 greateft
852 1363 128 75 heights
1004 1363 41 75 by
1064 1363 55 75 the
1136 1363 68 75 uni-

173 1410 55 75 ted
244 1410 184 75 attraflions
445 1410 40 75 of
496 1410 55 75 the
567 1410 55 75 fun
639 1410 63 75 and
723 1410 111 75 moon.
880 1410 78 75 The
974 1410 93 75 other
1082 1410 67 75 two
1172 1410 40 75 of

174 1457 87 75 thefe
277 1457 89 75 fmall
386 1457 99 75 plates
504 1457 115 75 appear
635 1457 32 75 at
681 1457 66 75 low
763 1457 100 75 water
880 1457 93 75 when
989 1457 55 75 the
1061 1457 95 75 moon
1179 1457 27 75 is

172 1502 31 75 in
221 1502 56 75 her
294 1502 222 75 quadratures,
542 1502 36 75 or
606 1502 32 75 at
667 1502 54 75 the
749 1502 79 75 fides
846 1502 40 75 of
898 1502 54 75 the
969 1502 120 75 elliptic
1105 1502 98 75 plate,

172 1550 36 75 to
235 1550 82 75 fhew
344 1550 56 75 the
428 1550 200 75 neap-tides;
654 1550 57 75 the
738 1550 55 75 fun
818 1550 61 75 and
896 1550 94 75 moon
1009 1550 76 75 then
1103 1550 103 75 afting

173 1595 175 75 crofs-wife
364 1595 34 75 to
416 1595 78 75 each
512 1595 104 75 other.
665 1595 112 75 When
795 1595 62 75 any
872 1595 67 75 two
958 1595 41 75 of
1010 1595 88 75 thefe
1114 1595 92 75 fmall

175 1642 100 75 plates
302 1642 128 75 appear,
456 1642 56 75 the
540 1642 94 75 other
661 1642 66 75 two
754 1642 53 75 are
834 1642 78 75 hid;
939 1642 62 75 and
1029 1642 93 75 when
1150 1642 55 75 the

174 1688 95 75 moon
285 1688 26 75 is
328 1688 31 75 in
385 1688 58 75 her
463 1688 133 75 o&ants,
623 1688 77 75 they
728 1688 42 75 all
799 1688 177 75 difappear,
1001 1688 85 75 their
1110 1688 95 75 being

174 1734 123 75 neither
314 1734 104 75 fpring
446 1734 59 75 nor
532 1734 179 75 neap-tides
741 1734 33 75 at
803 1734 88 75 thofe
919 1734 106 75 times.
1072 1734 133 75 Within

162 1783 66 75 "the
245 1783 67 75 box
336 1783 53 75 are
406 1783 17 75 a
441 1783 63 75 few
530 1783 119 75 wheels
674 1783 51 75 for
750 1783 197 75 performing
963 1783 88 75 thefe
1067 1783 138 75 motions

172 1829 43 75 by
231 1829 55 75 the
308 1829 118 75 handle
442 1829 37 75 or
495 1829 105 75 winch
619 1829 47 75 H.

219 1874 95 75 Turn
330 1874 55 75 the
401 1874 116 75 handle
541 1874 81 75 until
640 1874 56 75 the
713 1874 95 75 moon
829 1874 47 75 M
890 1874 104 75 comes
1013 1874 35 75 to
1073 1874 60 75 any
1157 1874 46 75 gi-

172 1922 62 75 ven
249 1922 63 75 day
329 1922 39 75 of
379 1922 58 75 her
459 1922 58 75 age
533 1922 31 75 in
582 1922 54 75 the
659 1922 96 75 circle
776 1922 40 75 of
828 1922 70 75 294-
913 1922 99 75 equal,
1024 1922 99 75 parts,
1142 1922 63 75 and

174 1968 54 75 the
252 1968 124 75 moon’s
397 1968 75 75 wire
489 1968 42 75 IV
550 1968 66 75 will
644 1968 54 75 cut
721 1968 56 75 the
793 1968 77 75 time
887 1968 39 75 of
946 1968 58 75 her
1027 1968 127 75 coming
1170 1968 35 75 to

174 2014 55 75 the
249 2014 153 75 meridian
426 2014 40 75 on
494 2014 71 75 that
587 2014 75 75 day,
687 2014 30 75 in
742 2014 56 75 the
823 2014 81 75 hour
920 2014 116 75 circle;
1063 2014 54 75 the
1134 2014 70 75 XII

173 2060 100 75 under
290 2060 55 75 the
366 2060 55 75 fun
437 2060 94 75 being
549 2060 157 75 mid-day,
731 2060 64 75 and
810 2060 57 75 the
879 2060 139 75 oppofite
1034 2060 71 75 XII
1123 2060 80 75 mid-

175 2106 90 75 night
279 2106 10 75 :
315 2106 99 75 Then
430 2106 131 75 looking
587 2106 52 75 for
666 2106 56 75 the
747 2106 90 75 name
863 2106 41 75 of
919 2106 61 75 any
1000 2106 92 75 given
1116 2106 89 75 place

173 2153 41 75 on
239 2153 55 75 the
322 2153 104 75 round
449 2153 85 75 plate
555 2153 122 75 (which
693 2153 108 75 makes
832 2153 71 75 29-4
929 2153 156 75 rotations
1102 2153 103 75 whilft

174 2200 55 75 the
245 2200 96 75 moon
358 2200 48 75 M
419 2200 108 75 makes
551 2200 76 75 only
643 2200 61 75 one
721 2200 179 75 revolution
916 2200 85 75 from
1019 2200 55 75 the
1096 2200 56 75 fun
1169 2200 35 75 to

593 2301 189 75 AST

175 2393 394 75 ASTROP-WELLS,
605 2393 31 75 in
668 2393 334 75 Northamptonfhire,
1038 2393 85 75 were
1154 2393 51 75 re-

223 2440 209 75 commended
448 2440 43 75 by
514 2440 55 75 the
596 2440 176 75 phyficians
788 2440 112 75 Willis
917 2440 63 75 and
996 2440 131 75 Clever,
1152 2440 52 75 for

222 2489 55 75 the
293 2489 74 75 cure
391 2489 39 75 of
449 2489 55 75 the
525 2489 126 75 fcurvy,
676 2489 130 75 afthma,
832 2489 65 75 6^.

172 2533 331 75 ASTROSCOPE,
520 2533 37 75 an
575 2533 184 75 inftrument
777 2533 167 75 compofed
961 2533 40 75 of
1012 2533 67 75 two
1096 2533 105 75 canes,

223 2582 116 75 having
363 2582 55 75 the
442 2582 232 75 conftellations
691 2582 180 75 delineated
890 2582 40 75 on
952 2582 83 75 their
1051 2582 152 75 furfaces,

223 2628 147 75 whereby
388 2628 55 75 the
463 2628 74 75 ftars
554 2628 72 75 may
641 2628 41 75 be
698 2628 93 75 eafily
806 2628 129 75 known.

176 2677 219 75 ASTRUM,
431 2677 77 75 with
531 2677 159 75 chemifts,
715 2677 133 75 fignifies
871 2677 71 75 that
968 2677 104 75 virtue
1099 2677 104 75 which

222 2721 128 75 accrues
375 2721 34 75 to
433 2721 107 75 things
565 2721 82 75 from
664 2721 83 75 their
765 2721 218 75 preparation;
1010 2721 62 75 and
1089 2721 115 75 among

221 2768 124 75 ancient
360 2768 186 75 phyficians,
571 2768 119 75 certain
709 2768 170 75 medicines
905 2768 33 75 in
961 2768 56 75 the
1046 2768 101 75 figure
1168 2768 41 75 of

221 2815 102 75 round
338 2815 94 75 cakes
448 2815 165 75 impreffed
620 2815 90 75 “with
727 2815 154 75 afterifks.

177 2862 177 75 ASTUR,
393 2862 30 75 in
451 2862 219 75 ornithology,
704 2862 19 75 a
749 2862 160 75 fynonime
932 2862 41 75 of
995 2862 18 75 a
1036 2862 117 75 fpecies
1169 2862 42 75 of

222 2908 94 75 falco.
368 2908 61 75 See
446 2908 143 75 Falco.

177 2955 227 75 ASTURIA,
429 2955 19 75 a
462 2955 157 75 maritime
634 2955 150 75 province
800 2955 40 75 of
861 2955 109 75 Spain,
995 2955 89 75 lying
1108 2955 95 75 along

1295 127 43 75 N
1417 127 40 75 O
1537 127 48 75 M
1663 127 54 75 Y.

1258 194 56 75 the
1330 194 56 75 fun
1403 194 108 75 again)
1538 194 75 75 turn
1640 194 57 75 the
1723 194 118 75 handle
1859 194 52 75 till
1934 194 71 75 that
2021 194 89 75 place
2134 194 105 75 comes
2255 194 39 75 to.

1256 240 55 75 the
1339 240 92 75 word
1456 240 74 75 high
1556 240 110 75 water
1681 240 100 75 under
1804 240 55 75 the
1883 240 108 75 moon,
2026 240 62 75 and
2114 240 54 75 the
2191 240 100 75 index

1261 286 104 75 which
1384 286 73 75 falls
1474 286 115 75 among
1606 286 54 75 the
1677 286 155 75 forenoon
1849 286 98 75 hours
1964 286 66 75 will
2045 286 82 75 Ihew
2143 286 56 75 the
2215 286 78 75 time

1260 333 41 75 of
1312 333 79 75 high
1407 333 99 75 water
1523 333 33 75 at
1573 333 69 75 that
1659 333 88 75 place
1763 333 31 75 in
1812 333 55 75 the
1892 333 154 75 forenoon
2066 333 40 75 of
2124 333 54 75 the
2198 333 94 75 given

1258 381 63 75 day
1336 381 9 75 :
1372 381 77 75 then
1474 381 74 75 turn
1564 381 56 75 the
1636 381 86 75 plate
1737 381 73 75 half
1822 381 114 75 round,
1965 381 51 75 till
2033 381 56 75 the
2101 381 83 75 fame
2202 381 89 75 place

1257 426 106 75 comes
1386 426 35 75 to
1439 426 54 75 the
1510 426 140 75 oppofite
1678 426 193 75 high-water
1894 426 102 75 mark,
2022 426 63 75 and
2112 426 55 75 the
2190 426 99 75 index

1259 472 65 75 will
1340 472 83 75 Ihew
1438 472 56 75 the
1510 472 77 75 time
1603 472 40 75 of
1655 472 77 75 high
1748 472 100 75 water
1863 472 31 75 in
1911 472 56 75 the
1983 472 167 75 afternoon
2168 472 32 75 at
2219 472 72 75 that

1258 519 101 75 place.
1407 519 79 75 And
1508 519 86 75 thus,
1621 519 33 75 as
1672 519 42 75 all
1732 519 55 75 the
1814 519 149 75 different
1980 519 104 75 places
2114 519 90 75 co».»e
2220 519 70 75 fuc-

1259 565 141 75 ceflively
1426 565 101 75 under
1554 565 63 75 and
1641 565 140 75 oppofite
1808 565 35 75 to
1870 565 56 75 the
1948 565 110 75 moon,
2084 565 55 75 the
2155 565 134 75 indexes

1261 611 80 75 fliew
1359 611 56 75 the
1431 611 93 75 times
1541 611 40 75 of
1592 611 78 75 high
1687 611 99 75 water
1813 611 33 75 at
1872 611 88 75 them
1984 611 32 75 in
2042 611 79 75 both
2145 611 87 75 parts
2256 611 41 75 of

1257 659 56 75 the
1334 659 83 75 day:
1455 659 90 75 And,
1570 659 93 75 when
1685 659 56 75 the
1757 659 83 75 fame
1857 659 105 75 places
1979 659 89 75 come
2086 659 35 75 to
2137 659 55 75 the
2208 659 81 75 low-

1257 704 100 75 water
1380 704 121 75 marks,
1526 704 56 75 the
1606 704 133 75 indexes
1764 704 82 75 (hew
1863 704 55 75 the
1934 704 93 75 times
2044 704 40 75 of
2095 704 64 75 low
2174 704 114 75 water.

1258 750 66 75 For
1339 750 98 75 about
1453 750 91 75 three
1568 750 78 75 days
1662 750 110 75 before
1800 750 63 75 and
1884 750 93 75 after,
1984 750 55 75 the
2058 750 93 75 times
2168 750 40 75 of
2219 750 71 75 new

1260 797 60 75 and
1338 797 62 75 full
1419 797 108 75 moon,
1551 797 57 75 the
1630 797 67 75 two
1718 797 91 75 fmall
1826 797 100 75 plates
1954 797 90 75 come
2073 797 58 75 out
2158 797 19 75 a
2203 797 87 75 little

1258 844 70 75 way
1344 844 86 75 from
1454 844 107 75 below
1588 844 55 75 the
1666 844 195 75 high-water
1882 844 105 75 marks
2004 844 42 75 on
2062 844 56 75 the
2134 844 153 75 elliptical

1258 891 97 75 plate,
1380 891 35 75 to
1431 891 83 75 (hew
1540 891 71 75 that
1626 891 55 75 the
1698 891 81 75 tides
1798 891 57 75 rife
1877 891 61 75 ftill
1955 891 114 75 higher
2086 891 97 75 about
2201 891 88 75 thefe

1258 937 116 75 times:
1402 937 76 75 And
1503 937 100 75 abcut
1626 937 55 75 the
1705 937 159 75 quarters,
1891 937 53 75 the
1972 937 94 75 other
2093 937 66 75 two
2187 937 102 75 plates

1258 984 90 75 come
1364 984 57 75 out
1437 984 19 75 a
1474 984 83 75 ’ittle
1580 984 84 75 from
1689 984 102 75 under
1818 984 56 75 the
1896 984 180 75 low-water
2103 984 107 75 marks
2237 984 50 75 to-

1259 1030 103 75 wards
1379 1030 55 75 the
1450 1030 68 75 lun,
1551 1030 63 75 and
1642 1030 42 75 on
1712 1030 56 75 the
1796 1030 139 75 oppofite
1963 1030 75 75 fide,
2062 1030 139 75 (hewing
2217 1030 71 75 that

1257 1077 55 75 the
1329 1077 81 75 tides
1427 1077 40 75 of
1481 1077 87 75 flood
1585 1077 58 75 rife
1663 1077 56 75 not
1736 1077 76 75 then
1832 1077 34 75 fo
1882 1077 90 75 high,
1990 1077 58 75 nor
2069 1077 43 75 do
2132 1077 55 75 the
2204 1077 82 75 tides

1257 1123 39 75 of
1311 1123 61 75 ebb
1388 1123 58 75 fall
1462 1123 34 75 fo
1519 1123 77 75 low,
1621 1123 35 75 as
1679 1123 32 75 at
1733 1123 94 75 other
1842 1123 107 75 times.

1303 1170 52 75 By
1370 1170 123 75 pulling
1508 1170 57 75 the
1580 1170 118 75 handle
1725 1170 18 75 a
1759 1170 83 75 little
1859 1170 71 75 way
1952 1170 158 75 outward,
2135 1170 27 75 it
2178 1170 26 75 is
2222 1170 63 75 dif-

1256 1216 140 75 engaged
1410 1216 82 75 from
1512 1216 56 75 the
1584 1216 222 75 wheel-work,
1831 1216 63 75 and
1910 1216 77 75 then
2003 1216 55 75 the
2075 1216 99 75 upper
2201 1216 86 75 plate

1255 1262 72 75 may
1345 1262 38 75 be
1406 1262 115 75 turned
1548 1262 104 75 round
1668 1262 131 75 quickly
1815 1262 43 75 by
1874 1262 99 75 hand,
2001 1262 34 75 fo
2061 1262 46 75 as.
2118 1262 54 75 the
2189 1262 96 75 moon

1255 1309 73 75 may
1344 1309 40 75 be
1403 1309 141 75 brought
1564 1309 36 75 to
1617 1309 61 75 any
1694 1309 94 75 given
1806 1309 63 75 day
1885 1309 40 75 of
1936 1309 57 75 her
2010 1309 58 75 age
2088 1309 32 75 in
2145 1309 98 75 about
2266 1309 19 75 a

1255 1355 130 75 quarter
1401 1355 40 75 of
1452 1355 18 75 a
1486 1355 119 75 minute
1618 1355 9 75 ;
1656 1355 63 75 and
1747 1355 42 75 by
1816 1355 129 75 puffing
1967 1355 32 75 in
2025 1355 54 75 the
2103 1355 130 75 handle,
2257 1355 28 75 it

1255 1402 88 75 takes
1360 1402 79 75 hold
1455 1402 40 75 of
1506 1402 54 75 the
1584 1402 211 75 wheel-work
1811 1402 104 75 again.

1301 1449 54 75 On
1367 1449 75 75 AB,
1458 1449 72 75 (fig.
1544 1449 18 75 2
1583 1449 12 75 )
1610 1449 55 75 the
1677 1449 70 75 axis
1761 1449 39 75 of
1808 1449 53 75 the
1873 1449 118 75 handle
2003 1449 50 75 H,
2070 1449 27 75 is
2110 1449 38 75 an
2161 1449 123 75 endlefs

1253 1496 97 75 fcrew
1366 1496 38 75 C,
1430 1496 105 75 which
1552 1496 90 75 turns
1659 1496 55 75 the
1731 1496 101 75 wheel
1849 1496 95 75 FED
1962 1496 41 75 of
2015 1496 43 75 24
2076 1496 87 75 teeth
2181 1496 103 75 round

1253 1542 31 75 in
1305 1542 8 75 .
1326 1542 20 75 4
1371 1542 194 75 revolutions
1591 1542 37 75 of
1641 1542 56 75 the
1713 1542 136 75 handle:
1875 1542 86 75 This
1989 1542 102 75 wheel
2120 1542 90 75 turns
2228 1542 55 75 an-

1253 1588 94 75 other
1363 1588 98 75 ONG
1488 1588 41 75 of
1551 1588 43 75 48
1620 1588 101 75 teeth,
1747 1588 64 75 and
1826 1588 40 75 on
1884 1588 40 75 its
1943 1588 69 75 axis
2041 1588 26 75 is
2091 1588 56 75 the
2174 1588 109 75 pinion

1253 1635 78 75 P§>_
1346 1635 40 75 of
1407 1635 75 75 four
1508 1635 117 75 leaves,
1663 1635 105 75 which
1800 1635 88 75 turns
1917 1635 55 75 the
2001 1635 100 75 wheel
2131 1635 89 75 LKI
2247 1635 41 75 of

1256 1682 42 75 59
1327 1682 89 75 teeth
1449 1682 102 75 round
1582 1682 37 75 in
1649 1682 67 75 294
1741 1682 143 75 turnings
1912 1682 38 75 or
1978 1682 156 75 rotations
2162 1682 41 75 of
2225 1682 58 75 the

1253 1728 101 75 wheel
1371 1728 109 75 FED,
1505 1728 37 75 or
1558 1728 32 75 in
1610 1728 64 75 708
1688 1728 195 75 revolutions
1900 1728 40 75 of
1950 1728 56 75 the
2029 1728 128 75 handle,
2176 1728 107 75 which

1252 1774 26 75 is
1296 1774 56 75 the
1371 1774 131 75 number
1525 1774 42 75 of
1584 1774 98 75 hours
1699 1774 32 75 in
1748 1774 19 75 a
1783 1774 161 75 fynodical
1962 1774 177 75 revolution
2167 1774 40 75 of
2227 1774 56 75 the

1253 1820 107 75 moon.
1409 1820 76 75 The
1502 1820 104 75 round
1626 1820 96 75 plate,
1748 1820 78 75 with
1847 1820 55 75 the
1919 1820 105 75 names
2045 1820 41 75 of
2097 1820 104 75 places
2225 1820 56 75 up-

1253 1866 40 75 on
1312 1866 37 75 it,
1368 1866 27 75 is
1412 1866 87 75 fixed
1514 1866 51 75 "on
1589 1866 55 75 the
1661 1866 69 75 axis
1754 1866 39 75 of
1805 1866 55 75 the
1884 1866 102 75 wheel
2003 1866 116 75 FED;
2146 1866 59 75 and
2224 1866 55 75 the

1254 1914 150 75 elliptical
1423 1914 37 75 or
1477 1914 169 75 tide-plate
1662 1914 79 75 with
1758 1914 55 75 the
1828 1914 95 75 moon
1940 1914 89 75 fixed
2052 1914 34 75 to
2103 1914 37 75 it,
2157 1914 27 75 is
2196 1914 86 75 upon

1252 1960 55 75 the
1331 1960 70 75 axis
1418 1960 41 75 of
1470 1960 55 75 the
1551 1960 103 75 wheel
1684 1960 102 75 LKI;
1817 1960 239 75 confequently,
2083 1960 55 75 the
2160 1960 123 75 former

1252 2007 107 75 makes
1381 2007 70 75 294
1469 2007 195 75 revolutions
1680 2007 32 75 in
1730 2007 55 75 the
1802 2007 76 75 time
1895 2007 70 75 that
1983 2007 54 75 the
2059 2007 98 75 latter
2172 2007 109 75 makes

1252 2053 73 75 one.
1372 2053 77 75 The
1472 2053 104 75 whole
1592 2053 102 75 wheel
1711 2053 108 75 FED,
1844 2053 78 75 with
1950 2053 56 75 the
2033 2053 121 75 endlefs
2182 2053 100 75 fcrew

1251 2099 37 75 C,
1314 2099 62 75 and
1392 2099 114 75 dotted
1526 2099 70 75 part
1619 2099 43 75 of
1670 2099 56 75 the
1742 2099 70 75 axis
1828 2099 40 75 of
1879 2099 55 75 the
1950 2099 117 75 handle
2085 2099 77 75 AB,
2190 2099 92 75 toge-

1251 2145 73 75 ther
1340 2145 78 75 with
1434 2145 56 75 the
1505 2145 113 75 dotted
1632 2145 72 75 part
1723 2145 41 75 of
1774 2145 56 75 the
1847 2145 103 75 wheel
1963 2145 110 75 ONG,
2098 2145 42 75 lie
2155 2145 57 75 hid
2224 2145 56 75 be-

1249 2193 64 75 low
1330 2193 56 75 the
1400 2193 89 75 large
1500 2193 102 75 wheel
1620 2193 95 75 LKI.

1670 2297 34 75 A
1754 2297 21 75 S
1825 2297 31 75 Y

1298 2391 54 75 the
1368 2391 63 75 bay
1443 2391 39 75 of
1493 2391 127 75 Bifcay,
1645 2391 78 75 with
1741 2391 142 75 Gallicia
1898 2391 41 75 on
1956 2391 55 75 the
2022 2391 87 75 weft,
2135 2391 59 75 and
2208 2391 71 75 Bif-

1298 2438 59 75 cay
1373 2438 40 75 on
1431 2438 55 75 the
1504 2438 74 75 eaft.
1643 2438 31 75 It
1691 2438 87 75 gives
1795 2438 55 75 the
1870 2438 77 75 .title
1973 2438 41 75 of
2035 2438 108 75 prince
2166 2438 36 75 to
2225 2438 55 75 the

1296 2483 97 75 elded
1408 2483 54 75 fon
1479 2483 40 75 of
1530 2483 55 75 the
1604 2483 76 75 king
1697 2483 39 75 of
1749 2483 110 75 Spain.

1249 2530 269 75 ASTYNOMI,
1543 2530 33 75 in
1595 2530 141 75 Grecian
1759 2530 173 75 antiquity,
1957 2530 194 75 magiftrates
2173 2530 33 75 in
2229 2530 49 75 A-

1294 2577 105 75 thens,
1425 2577 245 75 correfponding
1692 2577 35 75 to
1754 2577 55 75 the
1833 2577 109 75 tediles
1970 2577 41 75 of
2033 2577 54 75 the
2109 2577 165 75 Romans;

1299 2622 76 75 they
1392 2622 82 75 were
1491 2622 54 75 ten
1560 2622 33 75 in
1610 2622 143 75 number.
1806 2622 61 75 See
1882 2622 154 75 Aldile.

1248 2669 215 75 ASYLUM,
1490 2669 18 75 a
1523 2669 175 75 fan&uary,
1724 2669 37 75 or
1777 2669 89 75 place
1893 2669 40 75 of
1944 2669 122 75 refuge,
2092 2669 106 75 where
2215 2669 61 75 cri-

1297 2715 112 75 minals
1431 2715 114 75 ffelter
1569 2715 193 75 themfelves
1789 2715 84 75 from
1889 2715 55 75 the
1967 2715 100 75 hands
2094 2715 40 75 of
2151 2715 127 75 juftice.

1296 2762 76 75 The
1389 2762 84 75 afyla
1490 2762 40 75 of
1551 2762 98 75 altars
1674 2762 62 75 and
1762 2762 133 75 temples
1923 2762 83 75 were
2033 2762 77 75 very
2127 2762 149 75 ancient;

1298 2809 59 75 and
1370 2809 138 75 likewife
1520 2809 90 75 thofe
1626 2809 39 75 of
1676 2809 118 75 tombs,
1819 2809 126 75 ftatues,
1972 2809 61 75 and
2052 2809 91 75 other
2164 2809 112 75 monu-

1294 2855 104 75 ments
1422 2855 40 75 of
1483 2855 213 75 confiderable
1722 2855 207 75 perfonages:
1956 2855 107 75 Thus,
2088 2855 55 75 the
2159 2855 118 75 temple

1294 2903 40 75 of
1346 2903 107 75 Diana
1476 2903 32 75 at
1532 2903 146 75 Ephefus
1703 2903 64 75 was
1794 2903 19 75 a
1838 2903 112 75 refuge
1973 2903 52 75 for
2052 2903 143 75 debtors,
2220 2903 58 75 the

1295 2949 89 75 tomb
1410 2949 40 75 of
1471 2949 146 75 Thefeus
1645 2949 52 75 for
1723 2949 110 75 (laves.
1888 2949 77 75 The
1986 2949 87 75 Jews
2101 2949 65 75 had
2192 2949 84 75 their
