2397 3387
567 139 228 75 BEN

1155 139 19 75 (
1232 139 84 75 540
1375 139 19 75 )

1759 139 233 75 BEN

226 208 299 75 BENBERICK,
544 208 19 75 a
578 208 141 75 fea-port
736 208 101 75 town,
855 208 135 75 fxtuated
1006 208 43 75 on
1065 208 56 75 the
1135 208 129 75 Perfian

274 255 80 75 gulf.

227 303 258 75 BENDIDIA,
502 303 20 75 a
538 303 137 75 feftival,
693 303 56 75 not
764 303 110 75 unlike
895 303 56 75 the
961 303 225 75 Bacchanalia,
1212 303 53 75 ce-

274 350 147 75 lebrated
440 350 42 75 by
499 350 56 75 the
572 350 181 75 Athenians
770 350 32 75 in
820 350 125 75 honour
962 350 39 75 of
1013 350 120 75 Diana.

230 396 237 75 BENDING,
492 396 33 75 in
542 396 19 75 a
577 396 128 75 general
722 396 99 75 fenfe,
846 396 58 75 the
919 396 152 75 reducing
1095 396 19 75 a
1131 396 136 75 ftraight

276 443 85 75 body
378 443 69 75 into
469 443 18 75 a
505 443 109 75 curve,
639 443 37 75 or
693 443 109 75 giving
817 443 26 75 it
868 443 20 75 a
913 443 142 75 crooked
1071 443 98 75 form.

322 490 77 75 The
421 490 140 75 bending
577 490 41 75 of
639 490 264 75 timber-boards,
929 490 65 75 ebf.
1019 490 28 75 is
1064 490 135 75 effected
1221 490 45 75 by

275 537 107 75 means
402 537 41 75 of
464 537 88 75 heat,
576 537 153 75 whereby
758 537 85 75 their
865 537 97 75 fibres
989 537 54 75 are
1070 537 34 75 fo
1133 537 134 75 relaxed

276 583 71 75 that
369 583 64 75 you
450 583 72 75 may
539 583 85 75 bend
641 583 88 75 them
747 583 67 75 into
832 583 60 75 any
916 583 112 75 figure.

230 631 197 75 Bending,
451 631 32 75 in
509 631 56 75 the
589 631 236 75 fea-language,
850 631 56 75 the
928 631 92 75 tying
1036 631 66 75 two
1119 631 93 75 ropes
1229 631 38 75 or

277 678 105 75 cables
399 678 170 75 together:
595 678 95 75 Thus
715 678 78 75 they
809 678 66 75 fay,
902 678 81 75 bend
998 678 52 75 the
1069 678 100 75 cable,
1195 678 71 75 that

277 724 39 75 is,
342 724 92 75 make
451 724 25 75 it
494 724 57 75 fall:
568 724 35 75 to
619 724 56 75 the
692 724 71 75 ring
790 724 40 75 of
849 724 55 75 the
923 724 140 75 anchor;
1106 724 84 75 bend
1213 724 54 75 the

269 771 83 75 fail,
379 771 92 75 make
487 771 26 75 it
537 771 57 75 fall
611 771 35 75 to
662 771 57 75 the
736 771 92 75 yard.

230 818 273 75 BENDITTO,
529 818 18 75 a
562 818 87 75 town
666 818 40 75 of
717 818 56 75 the
790 818 159 75 Mantuan
967 818 31 75 in
1016 818 99 75 Italy,
1132 818 135 75 fituated

277 864 76 75 near
376 864 56 75 the
458 864 93 75 fouth
579 864 89 75 fltore
693 864 40 75 of
756 864 56 75 the
840 864 85 75 river
949 864 61 75 Po,
1036 864 98 75 about
1150 864 116 75 twelve

276 911 91 75 miles
383 911 173 75 fouth-eaft
577 911 41 75 of
637 911 149 75 Mantua,
812 911 31 75 in
877 911 37 75 11
914 893 21 49 0
954 911 54 75 20'
1025 911 44 75 E.
1087 911 90 75 long,
1203 911 63 75 and

279 958 40 75 45
319 940 25 49 0
364 958 35 75 N
431 958 58 75 lat.

229 1004 250 75 BENDLET,
504 1004 33 75 in
553 1004 164 75 heraldry,
742 1004 56 75 the
823 1004 84 75 fame
923 1004 79 75 with
1020 1004 131 75 cottice.
1202 1004 63 75 See

278 1050 195 75 Cottice.

229 1097 175 75 BENDS,
429 1097 31 75 in
478 1097 18 75 a
516 1097 79 75 (hip,
620 1097 56 75 the
693 1097 82 75 fame
792 1097 79 75 with
887 1097 88 75 what
991 1097 27 75 is
1036 1097 103 75 called
1159 1097 103 75 wails,

277 1144 36 75 or
342 1144 94 75 \yales
450 1144 10 75 ;
494 1144 55 75 the
577 1144 137 75 outmoft
742 1144 132 75 timbers
893 1144 40 75 of
957 1144 18 75 a
1002 1144 93 75 flip’s
1120 1144 75 75 fide,
1221 1144 42 75 on

276 1190 105 75 which
399 1190 71 75 men
499 1190 46 75 fet
562 1190 84 75 their
663 1190 65 75 feet
755 1190 33 75 in
805 1190 152 75 climbing
980 1190 56 75 up.
1093 1190 99 75 They
1209 1190 53 75 are

276 1236 161 75 reckoned
453 1236 85 75 from
554 1236 56 75 the
627 1236 112 75 water,
764 1236 63 75 and
843 1236 53 75 are
913 1236 103 75 called
1040 1236 55 75 the
1112 1236 76 75 firll,
1214 1236 46 75 fe-

276 1283 94 75 cond,
397 1283 37 75 or
451 1283 88 75 third
550 1283 95 75 bend.
695 1283 100 75 They
811 1283 53 75 are
880 1283 56 75 the
955 1283 91 75 chief
1070 1283 140 75 ftrength
1227 1283 41 75 of

277 1329 18 75 a
311 1329 95 75 fliip’s
421 1329 93 75 fides,
539 1329 62 75 and
624 1329 81 75 have
728 1329 56 75 the
801 1329 120 75 beams,
945 1329 110 75 knees,
1084 1329 63 75 and
1175 1329 86 75 foot-

276 1376 102 75 hooks
396 1376 111 75 bolted
523 1376 36 75 to
575 1376 101 75 them.

228 1423 180 75 BENDY,
426 1423 32 75 in
476 1423 162 75 heraldry,
660 1423 27 75 is
704 1423 56 75 the
776 1423 76 75 field
862 1423 131 75 divided
1010 1423 68 75 into
1096 1423 84 75 four,
1198 1423 61 75 fix,

275 1470 38 75 or
330 1470 87 75 mote
433 1470 98 75 parts,
556 1470 195 75 diagonally,
777 1470 62 75 and
862 1470 135 75 varying
1024 1470 33 75 in
1074 1470 97 75 metal
1199 1470 63 75 and

276 1516 124 75 colour.

323 1563 76 75 The
415 1563 129 75 general
560 1563 118 75 cuftom
695 1563 40 75 of
754 1563 152 75 England
922 1563 27 75 is
967 1563 35 75 to
1018 1563 91 75 make
1127 1563 39 75 an
1182 1563 79 75 even

275 1610 146 75 number,
436 1610 56 75 but
500 1610 32 75 in
545 1610 95 75 other
651 1610 160 75 countries
824 1610 78 75 they
919 1610 114 75 regard
1049 1610 26 75 it
1086 1610 70 75 not,
1173 1610 87 75 whe-

275 1656 72 75 ther
364 1656 78 75 even
459 1656 38 75 or
513 1656 78 75 odd.
642 1656 62 75 See
720 1656 93 75 Plate
829 1656 63 75 LI.
907 1656 55 75 fig.
986 1656 52 75 12.

228 1703 139 75 Counter
383 1703 135 75 Bendy
544 1703 25 75 is
586 1703 77 75 ufed
679 1703 43 75 by
734 1703 54 75 the
805 1703 139 75 French,
971 1703 35 75 to
1026 1703 129 75 exprefs
1173 1703 87 75 what

275 1750 46 75 we
338 1750 174 75 ordinarily
529 1750 61 75 call
607 1750 105 75 bendy
725 1750 39 75 of
772 1750 48 75 fix
836 1750 55 75 per
908 1750 84 75 bend
1008 1750 128 75 finifter,
1162 1750 97 75 coun-

276 1796 206 75 terchanged.

229 1843 107 75 Barry
353 1843 127 75 Bendy.
530 1843 61 75 See
609 1843 151 75 Barry.

228 1890 84 75 /G/y
329 1890 149 75 Bendy.
528 1890 61 75 See
601 1890 121 75 Paly.

228 1937 142 75 BENE,
396 1937 37 75 or
447 1937 58 75 De
526 1937 93 75 bene
641 1937 107 75 esse.
791 1937 62 75 See
870 1937 59 75 De
950 1937 93 75 bene
1066 1937 95 75 esse.

231 1983 277 75 BENCAPED,
534 1983 115 75 among
666 1983 122 75 failors.
828 1983 32 75 A
874 1983 65 75 (hip
956 1983 25 75 is
998 1983 66 75 faid
1081 1983 34 75 to
1132 1983 127 75 beben-

274 2029 101 75 caped
396 2029 94 75 when
506 2029 56 75 the
578 2029 100 75 water
706 2029 78 75 does
809 2029 58 75 not
883 2029 75 75 flow
985 2029 78 75 high
1079 2029 126 75 enough
1224 2029 36 75 to

273 2075 95 75 bring
394 2075 58 75 her
475 2075 52 75 off
546 2075 55 75 the
628 2075 137 75 ground,
790 2075 58 75 out
870 2075 37 75 of
930 2075 55 75 the
1001 2075 97 75 dock,
1124 2075 37 75 or
1184 2075 77 75 over

275 2122 54 75 the
355 2122 68 75 bar.

228 2168 317 75 BENEDICITE,
559 2168 115 75 among
686 2168 215 75 ecclefiaftical
911 2168 136 75 writers,
1066 2168 38 75 an
1122 2168 139 75 appella-

276 2215 68 75 tion
361 2215 93 75 given
466 2215 34 75 to
514 2215 55 75 the
586 2215 76 75 fong
675 2215 40 75 of
726 2215 56 75 the
797 2215 92 75 three
905 2215 143 75 children
1065 2215 32 75 in
1115 2215 54 75 the
1182 2215 81 75 fiery

276 2262 142 75 furnace,
444 2262 42 75 on
517 2262 136 75 account
676 2262 40 75 of
738 2262 41 75 its
796 2262 172 75 beginning
991 2262 80 75 with
1099 2262 56 75 the
1171 2262 91 75 word

276 2309 186 75 benedicite.

230 2356 347 75 BENEDICTINS,
595 2356 31 75 in
639 2356 269 75 church-hiftory,
927 2356 39 75 an
979 2356 96 75 order
1087 2356 40 75 of
1134 2356 125 75 monks,

278 2402 74 75 who
368 2402 120 75 profefs
506 2402 34 75 to
556 2402 112 75 follow
680 2402 55 75 the
751 2402 84 75 rules
850 2402 38 75 of
902 2402 52 75 St.
971 2402 167 75 Benedift.

325 2449 76 75 The
417 2449 206 75 benedi&ins,
648 2449 95 75 being
766 2449 90 75 thofe
873 2449 77 75 only
972 2449 71 75 that
1060 2449 52 75 are
1130 2449 129 75 proper-

277 2495 35 75 ly
329 2495 102 75 called
447 2495 126 75 monks,
599 2495 85 75 wear
701 2495 18 75 a
731 2495 87 75 loofe
832 2495 96 75 black
945 2495 105 75 gown,
1077 2495 77 75 with
1172 2495 88 75 large

277 2543 84 75 wide
376 2543 129 75 fleeves,
531 2543 61 75 and
605 2543 18 75 a
638 2543 153 75 capuche,
817 2543 37 75 or
870 2543 95 75 cowl,
990 2543 42 75 on
1049 2543 84 75 their
1148 2543 112 75 heads,

274 2589 120 75 ending
410 2589 32 75 in
455 2589 18 75 a
489 2589 89 75 point
594 2589 131 75 behind.
773 2589 39 75 In
824 2589 55 75 the
896 2589 99 75 canon
1013 2589 74 75 law,
1112 2589 78 75 they
1206 2589 54 75 are

277 2636 100 75 ftyled
393 2636 94 75 black
503 2636 106 75 friers,
635 2636 84 75 from
736 2636 54 75 the
807 2636 112 75 colour
936 2636 40 75 of
986 2636 85 75 their
1086 2636 103 75 habit.

326 2684 76 75 The
418 2684 85 75 rules
519 2684 40 75 of
571 2684 49 75 St.
635 2684 166 75 Benedift,
826 2684 33 75 as
876 2684 154 75 obferved
1044 2684 44 75 by
1104 2684 155 75 theEng-

278 2730 57 75 Ii(h
352 2730 113 75 monks
493 2730 111 75 before
627 2730 56 75 the
704 2730 183 75 diflblution
911 2730 40 75 of
973 2730 56 75 the
1045 2730 214 75 monafterieS,

277 2776 84 75 were
377 2776 35 75 as
428 2776 149 75 follows:
603 2776 100 75 They
719 2776 84 75 were
819 2776 129 75 obliged
964 2776 36 75 to
1016 2776 142 75 perform
1174 2776 85 75 their

279 2823 168 75 devotions
462 2823 92 75 feven
570 2823 94 75 times
679 2823 33 75 in
728 2823 121 75 twenty
867 2823 73 75 four
951 2823 111 75 hours,
1081 2823 56 75 the
1153 2823 106 75 whole

279 2870 95 75 circle
386 2870 40 75 of
447 2870 106 75 which
569 2870 168 75 devotions
763 2870 65 75 had
841 2870 19 75 a
876 2870 118 75 refped
1010 2870 36 75 to
1073 2870 55 75 the
1144 2870 115 75 paflion

277 2917 62 75 and
354 2917 97 75 death
463 2917 41 75 of
515 2917 127 75 Chrift:
668 2917 99 75 They
782 2917 84 75 were
883 2917 129 75 obliged
1029 2917 118 75 always
1163 2917 36 75 to
1216 2917 42 75 go

278 2963 65 75 two
360 2963 62 75 and
444 2963 67 75 two
534 2963 168 75 together:
729 2963 109 75 Every
857 2963 62 75 day
939 2963 32 75 in
987 2963 68 75 lent
1076 2963 79 75 they
1176 2963 82 75 were

277 3011 128 75 obliged
428 3011 36 75 to
486 3011 59 75 faft
557 3011 53 75 till
633 3011 47 75 fix
696 3011 32 75 in
746 3011 55 75 the
830 3011 145 75 evening,
1000 3011 63 75 and
1090 3011 115 75 abated
1221 3011 40 75 of

1359 208 84 75 their
1461 208 88 75 ufual
1570 208 78 75 time
1664 208 41 75 of
1717 208 136 75 deeping
1870 208 62 75 and
1948 208 129 75 eating;
2102 208 60 75 but
2176 208 77 75 they
2264 208 86 75 were

1361 255 56 75 not
1434 255 137 75 allowed
1588 255 33 75 to
1640 255 130 75 praftife
1788 255 61 75 any
1863 255 169 75 voluntary
2049 255 151 75 aufterity
2213 255 137 75 without

1361 302 89 75 leave
1462 302 41 75 of
1514 302 85 75 their
1615 302 163 75 fuperior:
1804 302 100 75 They
1916 302 96 75 never
2029 302 171 75 converfed
2216 302 33 75 in
2265 302 85 75 their

1362 349 158 75 refe&ory
1543 349 31 75 at
1592 349 112 75 meals,
1729 349 59 75 but
1810 349 85 75 were
1911 349 130 75 obliged
2063 349 34 75 to
2114 349 111 75 attend
2244 349 33 75 to
2294 349 57 75 the

1362 395 130 75 reading
1516 395 41 75 of
1575 395 57 75 the
1648 395 169 75 fcriptures
1831 395 8 75 :
1873 395 99 75 They
1986 395 40 75 all
2045 395 77 75 flept
2144 395 33 75 in
2195 395 54 75 the
2266 395 85 75 fame

1361 441 192 75 dormitory,
1578 441 59 75 but
1664 441 57 75 not
1737 441 66 75 two
1830 441 33 75 in
1880 441 19 75 a
1923 441 62 75 bed
1999 441 10 75 ;
2036 441 79 75 they
2137 441 54 75 lay
2207 441 32 75 in
2253 441 97 75 -their

1362 489 124 75 cloaths
1500 489 8 75 :
1549 489 64 75 For
1640 489 90 75 fmall
1757 489 98 75 faults
1872 489 79 75 they
1973 489 84 75 were
2081 489 71 75 (hut
2179 489 57 75 out
2263 489 87 75 from

1362 536 97 75 meals
1471 536 10 75 ;
1508 536 51 75 for
1576 536 139 75 greater,
1741 536 78 75 they
1830 536 83 75 were
1925 536 157 75 debarred
2099 536 150 75 religious
2261 536 88 75 com-

1363 582 118 75 merce,
1507 582 62 75 and
1593 582 160 75 excluded
1770 582 83 75 from
1879 582 54 75 the
1951 582 133 75 chapel;
2111 582 60 75 and
2190 582 32 75 as
2249 582 34 75 to
2300 582 58 75 in--

1363 630 169 75 corrigible
1549 630 174 75 offenders,
1742 630 77 75 they
1831 630 85 75 were
1932 630 161 75 excluded
2109 630 84 75 from
2210 630 56 75 the
2279 630 70 75 mo-

1362 676 160 75 nafieries.
1570 676 111 75 Every
1698 676 98 75 monk
1812 676 64 75 had
1900 676 67 75 two
1983 676 103 75 coats,
2112 676 66 75 two
2195 676 110 75 cowls,
2330 676 20 75 a

1361 722 202 75 table-book,
1589 722 19 75 a
1631 722 101 75 knife,
1765 722 18 75 a
1799 722 125 75 needle,
1960 722 62 75 and
2047 722 18 75 a
2089 722 256 75 handkerchief;

1362 769 61 75 and
1441 769 54 75 the
1512 769 158 75 furniture
1682 769 40 75 of
1733 769 86 75 their
1835 769 61 75 bed
1912 769 64 75 was
1994 769 18 75 a
2024 769 78 75 mat,
2127 769 19 75 a
2162 769 142 75 blanket,
2330 769 19 75 a

1362 816 71 75 rug,
1458 816 63 75 and
1537 816 17 75 a
1570 816 124 75 pillow.

1314 862 355 75 BENEDICTION,
1695 862 37 75 or
1749 862 216 75 Blessing.
2005 862 77 75 The
2099 862 170 75 Hebrews,
2288 862 57 75 un-

1361 910 56 75 der
1431 910 63 75 this
1511 910 104 75 name,
1632 910 191 75 underfland
1839 910 55 75 the
1906 910 124 75 prefent
2048 910 123 75 ulually
2182 910 67 75 fent
2261 910 85 75 from

1361 956 61 75 one
1439 956 105 75 friend
1556 956 36 75 to
1608 956 146 75 another,
1774 956 33 75 as
1824 956 65 75 alfo
1902 956 55 75 the
1974 956 126 75 blefling
2116 956 168 75 conferred
2302 956 44 75 by

1361 1002 55 75 the
1425 1002 188 75 patriarchs,
1627 1002 42 75 on
1677 1002 85 75 their
1776 1002 205 75 death-beds,
1994 1002 85 75 upon
2089 1002 77 75 then
2186 1002 157 75 children.

1407 1049 76 75 The
1500 1049 153 75 privilege
1669 1049 45 75 of
1720 1049 199 75 benediction
1939 1049 65 75 was
2021 1049 61 75 one
2099 1049 39 75 of
2149 1049 89 75 thoie
2255 1049 90 75 early

1358 1096 154 75 inftances
1535 1096 41 75 of
1597 1096 125 75 honour
1739 1096 63 75 and
1823 1096 119 75 refpeCt
1957 1096 74 75 paid
2049 1096 33 75 to
2099 1096 124 75 biftiops
2240 1096 32 75 in
2290 1096 55 75 the

1358 1143 161 75 primitive
1536 1143 133 75 church.
1717 1143 77 75 The
1811 1143 121 75 cuftom
1944 1143 40 75 of
1996 1143 127 75 bowing
2139 1143 55 75 the
2210 1143 81 75 head
2308 1143 36 75 to

1358 1192 99 75 them,
1475 1192 63 75 and
1552 1192 158 75 receiving
1722 1192 83 75 their
1817 1192 156 75 bleflings,
1991 1192 65 75 was
2074 1192 131 75 become
2217 1192 127 75 univer-

1357 1235 56 75 fal.
1440 1235 37 75 In
1490 1235 55 75 the
1564 1235 129 75 weftern
1707 1235 154 75 churches
1874 1235 92 75 there
1979 1235 63 75 was
2060 1235 159 75 anciently
2236 1235 18 75 a
2265 1235 80 75 kind

1357 1282 41 75 of
1425 1282 199 75 benediction
1651 1282 108 75 which
1788 1282 153 75 followed
1973 1282 53 75 the
2055 1282 122 75 Lord’s
2205 1282 136 75 prayer;

1357 1329 62 75 and
1435 1329 84 75 aftef
1543 1329 54 75 the
1622 1329 215 75 communion,
1862 1329 55 75 the
1941 1329 114 75 people
2078 1329 84 75 were
2185 1329 157 75 difmiffed

1359 1375 76 75 with
1453 1375 20 75 a
1484 1375 211 75 benediction.

1309 1423 331 75 BENEDICTUS,
1665 1423 115 75 among
1797 1423 189 75 phyficians,
2012 1423 38 75 an
2063 1423 121 75 epithet
2201 1423 92 75 given
2307 1423 34 75 to

1357 1468 118 75 feveral
1492 1468 184 75 medicines,
1701 1468 42 75 on
1768 1468 135 75 account
1922 1468 40 75 of
1985 1468 84 75 their
2091 1468 130 75 lenitive
2237 1468 105 75 quali-

1356 1514 59 75 ties
1429 1514 10 75 ;
1467 1514 74 75 thus
1560 1514 46 75 we
1627 1514 84 75 meet
1729 1514 77 75 with
1823 1514 87 75 aqua
1935 1514 175 75 benedicla,
2144 1514 197 75 benediciutn

1357 1562 197 75 laxativum,
1580 1562 113 75 vinum
1710 1562 208 75 benediflum,
1942 1562 62 75 &c.
2016 1562 15 75 *

1310 1609 222 75 BENEDIT
1547 1591 20 49 r
1567 1609 33 75 O
1620 1609 140 75 Sacco.
1811 1609 61 75 Seq
1890 1609 143 75 Sacco.

1310 1654 305 75 BENEFICE,,in
1628 1654 39 75 an
1680 1654 213 75 ecclefiaftical
1906 1654 97 75 fenfe,
2021 1654 19 75 a
2051 1654 120 75 church
2184 1654 156 75 endowed

1358 1701 77 75 with
1452 1701 18 75 a
1487 1701 134 75 revenue
1638 1701 50 75 for
1706 1701 56 75 the
1778 1701 219 75 performance
2013 1701 39 75 of
2063 1701 106 75 divine
2192 1701 118 75 fervice
2325 1701 11 75 ;

1356 1748 36 75 or
1409 1748 56 75 the
1492 1748 136 75 revenue
1644 1748 91 75 itfelf
1757 1748 135 75 afligned
1908 1748 34 75 to
1968 1748 38 75 an
2024 1748 215 75 ecclefiaftical
2267 1748 73 75 per-

1356 1795 67 75 fon,
1449 1795 43 75 by
1515 1795 72 75 way
1610 1795 39 75 of
1667 1795 134 75 ftipend,
1826 1795 51 75 for
1898 1795 56 75 the
1981 1795 118 75 fervice
2121 1795 42 75 he
2185 1795 27 75 is
2238 1795 36 75 to
2297 1795 44 75 do

1355 1841 70 75 that
1442 1841 134 75 church.

1404 1888 54 75 All
1471 1888 361 75 Church-preferments,
1846 1888 116 75 except
1974 1888 250 75 bi(hoprics,,are
2237 1888 104 75 called

1355 1934 175 75 benefices;
1572 1934 63 75 and
1660 1934 41 75 all
1728 1934 154 75 benefices
1906 1934 65 75 are,
2010 1934 42 75 by
2081 1934 55 75 the
2171 1934 168 75 canonifts,

1354 1980 180 75 fometimes
1551 1980 102 75 ftyled
1667 1980 168 75 dignities:
1863 1980 67 75 But
1945 1980 50 75 we
2011 1980 73 75 now
2093 1980 178 75 ordinarily
2289 1980 50 75 di-
2351 1980 5 75 .

1355 2027 144 75 ftinguifti
1512 2027 143 75 between
1673 2027 139 75 benefice
1825 2027 60 75 and
1898 2027 136 75 dignity,
2053 2027 149 75 applying
2214 2027 127 75 dignity

1355 2074 35 75 to
1413 2074 185 75 bifljoprics,
1630 2074 158 75 deanries,
1821 2074 272 75 archdeaconries,
2119 2074 63 75 and
2205 2074 135 75 preben-

1356 2121 104 75 daries
1472 2121 10 75 ;
1520 2121 64 75 and
1607 2121 139 75 benefice
1770 2121 35 75 to
1833 2121 198 75 parfonages,
2067 2121 174 75 vicarages,
2277 2121 63 75 and

1359 2167 180 75 donatives.

1405 2214 162 75 Benefices
1592 2214 53 75 are
1673 2214 130 75 divided
1827 2214 43 75 by
1893 2214 55 75 the
1965 2214 153 75 canonifts
2146 2214 69 75 into
2231 2214 108 75 fimple

1358 2260 61 75 and
1434 2260 198 75 facerdotal:
1660 2260 37 75 In
1715 2260 55 75 the
1794 2260 64 75 firft
1881 2260 91 75 there
1989 2260 26 75 is
2033 2260 41 75 no
2090 2260 176 75 obligation
2283 2260 57 75 but

1357 2307 35 75 to
1420 2307 77 75 read
1520 2307 142 75 prayers,
1693 2307 76 75 fing,
1796 2307 63 75 &c.
1894 2307 76 75 fuch
1992 2307 54 75 are
2062 2307 176 75 canonries,
2264 2307 75 75 cha-

1358 2353 180 75 plainfhips,
1548 2353 171 75 chantries,
1731 2353 79 75 Ctc.:
1837 2353 76 75 The
1925 2353 116 75 fecond
2049 2353 53 75 are
2112 2353 140 75 charged
2259 2353 77 75 with

1357 2401 55 75 the
1440 2401 75 75 cure
1538 2401 40 75 of
1599 2401 96 75 fouls,
1728 2401 37 75 or
1787 2401 55 75 the
1865 2401 152 75 direftion
2046 2401 63 75 and
2133 2401 155 75 guidance
2304 2401 41 75 of

1357 2447 217 75 confciences;
1601 2447 76 75 fuch
1693 2447 54 75 are
1759 2447 175 75 vicarages,
1959 2447 161 75 reftories,
2146 2447 64 75 fcc.

1404 2494 75 75 The
1496 2494 181 75 Romanifts
1705 2494 93 75 again
1819 2494 181 75 diftinguifti
2020 2494 156 75 benefices
2202 2494 69 75 into
2287 2494 50 75 re-

1356 2540 91 75 gular
1464 2540 62 75 and
1545 2540 134 75 fecular.

1404 2586 143 75 Regular
1555 2586 38 75 or
1609 2586 110 75 titular
1735 2586 155 75 benefices
1907 2586 53 75 are
1976 2586 90 75 thofe
2082 2586 76 75 held
2173 2586 43 75 by
2228 2586 18 75 a
2263 2586 74 75 reli-

1356 2632 103 75 gious,
1484 2632 38 75 or
1538 2632 18 75 a
1568 2632 138 75 regular,
1730 2632 75 75 who
1821 2632 57 75 has
1903 2632 92 75 made
2012 2632 165 75 profeflion
2201 2632 39 75 of
2252 2632 86 75 feme

1357 2680 150 75 religious
1532 2680 116 75 order;
1685 2680 76 75 fuch
1785 2680 53 75 are
1865 2680 130 75 abbeys,
2020 2680 147 75 priories,
2200 2680 138 75 conven-

1357 2726 96 75 tuals,
1481 2726 84 75 &c.;
1592 2726 37 75 or
1645 2726 120 75 rather,
1778 2726 19 75 a
1811 2726 127 75 regular
1953 2726 140 75 benefice
2102 2726 26 75 is
2144 2726 71 75 that
2230 2726 107 75 which

1357 2773 113 75 cannot
1487 2773 41 75 be
1544 2773 167 75 conferred
1730 2773 41 75 on
1794 2773 61 75 any
1878 2773 57 75 but
1952 2773 18 75 a
1987 2773 163 75 religious,
2175 2773 104 75 either
2294 2773 44 75 by

1355 2821 42 75 its
1414 2821 201 75 foundation,
1640 2821 43 75 by
1700 2821 54 75 the
1770 2821 175 75 inftitution
1969 2821 40 75 of
2019 2821 85 75 fome
2120 2821 153 75 fuperior,
2300 2821 37 75 or

1355 2868 44 75 by
1412 2868 208 75 prefcription
1632 2868 9 75 :
1677 2868 65 75 For
1759 2868 219 75 prefcription,
2004 2868 89 75 forty
2115 2868 91 75 years
2224 2868 130 75 poflef-.

1354 2914 64 75 fion
1436 2914 41 75 by
1491 2914 18 75 a
1525 2914 149 75 religious
1691 2914 107 75 makes
1816 2914 55 75 the
1887 2914 139 75 benefice
2044 2914 138 75 regular.

1404 2960 131 75 Secular
1551 2960 155 75 benefices
1723 2960 54 75 are
1793 2960 77 75 only
1881 2960 74 75 fuch
1973 2960 33 75 as
2023 2960 53 75 are
2094 2960 34 75 to
2140 2960 39 75 be
2195 2960 92 75 given
2300 2960 35 75 to

1354 3007 120 75 fecular
1490 3007 122 75 priefts,
1637 3007 26 75 i.
1680 3007 28 75 e.
1734 3007 35 75 to
1785 3007 76 75 fuch
1878 3007 33 75 as
1927 3007 63 75 live
2005 3007 34 75 in
2054 3007 55 75 the
2132 3007 115 75 world,
2273 3007 63 75 and
2281 3048 53 75 are
