2428 3377
2076 205 100 75 Part
2204 205 70 75 VI.

166 200 80 75 278

722 200 1005 75 ANATOMY.

208 270 78 75 The
302 270 143 75 tubercle
460 270 106 75 which
578 270 59 75 lies
649 270 32 75 in
706 270 57 75 the
780 270 109 75 center
904 270 40 75 of
954 270 56 75 the
1027 270 120 75 areola,
1167 270 27 75 is

166 316 124 75 termed
301 316 130 75 papilla,
456 316 38 75 or
510 316 55 75 the
581 316 120 75 nipple.
748 316 40 75 In
810 316 124 75 women
950 316 80 75 with
1042 316 101 75 child,
1160 316 38 75 or

165 361 74 75 who
255 361 72 75 give
338 361 90 75 fuck,
451 361 27 75 it
494 361 26 75 is
536 361 107 75 pretty
655 361 101 75 large,
780 361 63 75 and
859 361 162 75 generally
1036 361 113 75 longer
1161 361 38 75 or

168 408 113 75 higher
305 408 78 75 than
400 408 26 75 it
437 408 27 75 is
477 408 90 75 thick
583 408 38 75 or
636 408 114 75 broad.

212 455 78 75 The
305 455 131 75 texture
447 455 41 75 of
495 455 54 75 the
560 455 107 75 nipple
683 455 27 75 is
727 455 133 75 fpungy,
885 455 119 75 elaftic,
1030 455 62 75 and
1103 455 97 75 liable

167 502 36 75 to
219 502 106 75 divers
343 502 137 75 changes
491 502 40 75 of
539 502 199 75 confidence,
763 502 95 75 being
874 502 179 75 fometimes
1070 502 130 75 harder,

167 548 181 75 fometimes
364 548 89 75 more
469 548 125 75 flaccid.
644 548 30 75 It
692 548 98 75 feems
807 548 35 75 to
860 548 38 75 be
918 548 93 75 made
1023 548 42 75 up
1085 548 117 75 chiefly

170 594 40 75 of
227 594 212 75 ligamentary
456 594 155 75 fafciculi,
636 594 55 75 the
709 594 199 75 extremities
925 594 39 75 of
983 594 107 75 which
1117 594 86 75 form

169 641 55 75 the
236 641 79 75 balls
328 641 62 75 and
402 641 82 75 apex
500 641 41 75 of
551 641 55 75 the
619 641 119 75 nipple.

217 687 152 75 Between
386 687 87 75 thefe
489 687 121 75 fpungy
626 687 63 75 and
716 687 106 75 elaftic
839 687 141 75 fafciculi
997 687 43 75 lie
1056 687 92 75 feven
1165 687 39 75 or

174 732 87 75 eight
271 732 172 75 particular
454 732 108 75 tubes,
579 732 33 75 at
629 732 89 75 fmall
734 732 151 75 diftances
902 732 87 75 from
1005 732 77 75 each
1100 732 106 75 other,

172 780 63 75 and
262 780 43 75 ail
321 780 33 75 in
370 780 56 75 the
453 780 84 75 fame
564 780 169 75 direction.
779 780 111 75 Thefe
904 780 92 75 tubes
1012 780 65 75 end
1093 780 32 75 at
1147 780 57 75 the

172 826 79 75 bafis
269 826 40 75 of
327 826 56 75 the
402 826 115 75 papilla
541 826 31 75 in
590 826 55 75 the
660 826 156 75 irregular
829 826 96 75 circle
941 826 39 75 of
993 826 211 75 communica-

173 872 67 75 tion
258 872 40 75 of
309 872 56 75 the
381 872 184 75 lactiferous
577 872 103 75 dudts,
699 872 61 75 and
771 872 33 75 at
822 872 55 75 the
894 872 96 75 apex,
1008 872 32 75 in
1052 872 56 75 the
1124 872 83 75 fame

173 918 136 75 number
325 918 41 75 of
385 918 111 75 almoft
511 918 239 75 imperceptible
766 918 91 75 holes
873 918 37 75 or
926 918 140 75 orifices-.

218 966 79 75 The
313 966 52 75 ufe
382 966 41 75 of
433 966 55 75 the
505 966 143 75 mammae
661 966 31 75 in
710 966 55 75 the
782 966 214 75 nourilhment
1012 966 39 75 of
1063 966 143 75 children

171 1012 30 75 is
217 1012 118 75 known
351 1012 35 75 to
399 1012 42 75 all
457 1012 55 75 the
528 1012 124 75 world:
679 1012 67 75 But
762 1012 26 75 it
804 1012 26 75 is
848 1012 56 75 not
920 1012 156 75 certainly
1090 1012 118 75 known

173 1058 88 75 what
277 1058 56 75 the
349 1058 123 75 papillae
490 1058 62 75 and
569 1058 113 75 areolae
697 1058 33 75 in
747 1058 98 75 males
858 1058 56 75 can
927 1058 40 75 be
983 1058 224 75 defignedfor.

175 1104 89 75 Milk
280 1104 58 75 has
363 1104 78 75 been
466 1104 153 75 obferved
646 1104 33 75 in
701 1104 102 75 them,
836 1104 34 75 in
894 1104 143 75 children
1064 1104 39 75 of
1130 1104 80 75 both

177 1152 105 75 fexes.

288 1254 237 75 PLEURA
550 1254 77 75 and
652 1254 452 75 MEDIASTINUM.

224 1334 87 75 The
328 1334 110 75 pleura
453 1334 27 75 is
498 1334 18 75 a
531 1334 182 75 membrane
729 1334 106 75 which
852 1334 134 75 adheres
1005 1334 76 75 very
1093 1334 119 75 clofely

180 1381 35 75 to
230 1381 56 75 the
303 1381 89 75 inner
408 1381 171 75 furfaceof
590 1381 55 75 the
663 1381 77 75 ribs,
765 1381 149 75 fternum,
940 1381 61 75 and
1017 1381 130 75 mufculi
1164 1381 47 75 in-

180 1427 210 75 ter-coftales,
416 1427 215 75 fub-coftales,
658 1427 63 75 and
738 1427 264 75 fterno-coftales,
1027 1427 63 75 and
1106 1427 35 75 to
1157 1427 56 75 the

178 1474 127 75 convex
316 1474 64 75 fide
392 1474 40 75 of
440 1474 53 75 the
506 1474 201 75 diaphragm.
734 1474 31 75 It
775 1474 29 75 is
813 1474 39 75 of
857 1474 18 75 a
886 1474 78 75 very
980 1474 71 75 firm
1067 1474 145 75 texture,

181 1520 61 75 and
260 1520 184 75 plentifully
461 1520 104 75 ftored
592 1520 79 75 with
700 1520 225 75 blood-vefiels
942 1520 64 75 and
1031 1520 128 75 nerves,
1181 1520 34 75 in

180 1568 43 75 all
238 1568 105 75 which
360 1568 26 75 it
402 1568 170 75 refembles
588 1568 56 75 the
661 1568 221 75 peritonaeum.

229 1614 76 75 The
323 1614 132 75 cellular
479 1614 127 75 portion
631 1614 77 75 goes
732 1614 90 75 quite
839 1614 104 75 round
967 1614 56 75 the
1039 1614 90 75 inner
1148 1614 67 75 fur-

178 1660 75 75 face
270 1660 40 75 of
319 1660 55 75 the
392 1660 132 75 thorax,
549 1660 57 75 but
618 1660 55 75 the
686 1660 220 75 membranous
923 1660 128 75 portion
1067 1660 28 75 is
1110 1660 104 75 difpo-

180 1706 58 75 fed
254 1706 34 75 in
315 1706 18 75 a
348 1706 154 75 different
516 1706 144 75 manner.
707 1706 92 75 Each
816 1706 62 75 fide
896 1706 40 75 of
947 1706 55 75 the
1018 1706 120 75 thorax
1158 1706 58 75 has

183 1752 44 75 its
243 1752 172 75 particular
432 1752 122 75 pleura,
580 1752 130 75 intirely
726 1752 122 75 diftimft
859 1752 83 75 from
958 1752 56 75 the
1029 1752 107 75 other,
1154 1752 62 75 and

183 1799 131 75 making
333 1799 34 75 as
384 1799 26 75 it
430 1799 84 75 were
537 1799 66 75 two
620 1799 90 75 great
726 1799 163 75 bladders,
912 1799 134 75 fituated
1072 1799 147 75 laterally

185 1845 79 75 with
282 1845 118 75 refpeCt
424 1845 35 75 to
486 1845 79 75 each
593 1845 95 75 other
709 1845 32 75 in
770 1845 56 75 the
853 1845 90 75 great
971 1845 106 75 cavity
1100 1845 40 75 of
1162 1845 56 75 the

186 1891 117 75 bread,
329 1891 31 75 in
385 1891 76 75 fuch
486 1891 18 75 a
515 1891 132 75 manner
672 1891 33 75 as
722 1891 35 75 to
773 1891 84 75 form
875 1891 18 75 a
909 1891 118 75 double
1043 1891 122 75 feptum
1181 1891 38 75 or

184 1938 154 75 partition
357 1938 136 75 running
516 1938 145 75 between
677 1938 55 75 the
748 1938 153 75 vertebrae
918 1938 62 75 and
996 1938 55 75 the
1068 1938 153 75 fternum,

185 1983 88 75 iheir
289 1983 94 75 other
398 1983 79 75 fides
493 1983 153 75 adhering
663 1983 35 75 to
714 1983 55 75 the
786 1983 65 75 ribs
868 1983 61 75 and
948 1983 199 75 diaphragm.

234 2029 87 75 This
330 2029 170 75 particular
516 2029 198 75 duplicature
731 2029 40 75 of
783 2029 54 75 the
847 2029 65 75 two
922 2029 116 75 pleurae
1055 2029 28 75 is
1095 2029 124 75 termed

187 2076 231 75 mediaftinum.
467 2076 77 75 The
561 2076 66 75 two
654 2076 122 75 laminae
793 2076 41 75 of
853 2076 106 75 which
979 2076 27 75 it
1023 2076 26 75 is
1066 2076 93 75 made
1175 2076 43 75 up

189 2123 54 75 are
260 2123 117 75 clofely
387 2123 112 75 united
510 2123 148 75 together
670 2123 73 75 near
757 2123 55 75 the
821 2123 136 75 fternum
970 2123 63 75 and
1043 2123 174 75 vertebrae;

188 2169 59 75 but
263 2169 33 75 in
311 2169 55 75 the
377 2169 132 75 middle,
526 2169 62 75 and
604 2169 125 75 toward
746 2169 55 75 the
812 2169 99 75 lower
928 2169 71 75 part
1015 2169 41 75 of
1065 2169 57 75 the
1134 2169 86 75 fore-

188 2216 80 75 fde,
285 2216 84 75 .they
392 2216 53 75 are
472 2216 164 75 feparated
658 2216 44 75 by
717 2216 56 75 the
797 2216 210 75 pericardium
1031 2216 62 75 and
1116 2216 104 75 heart.

189 2263 35 75 A
240 2263 84 75 little
347 2263 89 75 more
446 2263 170 75 backward
633 2263 78 75 they
728 2263 54 75 are
796 2263 114 75 parted
920 2263 33 75 in
970 2263 18 75 a
1000 2263 128 75 tubular
1136 2263 85 75 form

189 2308 46 75 by
250 2308 56 75 the
322 2308 200 75 cefophagus,
547 2308 36 75 to
610 2308 105 75 which
738 2308 77 75 they
840 2308 87 75 ferve
945 2308 33 75 as
1006 2308 19 75 a
1047 2308 172 75 covering;

193 2358 61 75 and
266 2358 31 75 in
314 2358 55 75 the
385 2358 82 75 moft
481 2358 152 75 pofterior
656 2358 85 75 part,
765 2358 19 75 a
810 2358 176 75 triangular
1001 2358 91 75 fpace
1119 2358 26 75 is
1162 2358 61 75 left

190 2401 145 75 between
359 2401 55 75 the
431 2401 157 75 vertebrae
607 2401 63 75 and
694 2401 56 75 the
778 2401 65 75 two
872 2401 117 75 pleurae
1014 2401 85 75 from
1122 2401 101 75 above

193 2447 197 75 downward,
415 2447 103 75 which
537 2447 26 75 is
580 2447 87 75 filled
680 2447 116 75 chiefly
807 2447 44 75 by
860 2447 54 75 the
932 2447 100 75 aorta.

239 2493 76 75 The
331 2493 216 75 mediaftinum
564 2493 80 75 does
666 2493 57 75 not
739 2493 182 75 commonly
937 2493 168 75 terminate
1129 2493 97 75 along

192 2541 58 75 the
267 2541 119 75 middle
398 2541 41 75 of
449 2541 55 75 the
520 2541 97 75 infide
634 2541 39 75 of
691 2541 57 75 the
765 2541 150 75 fternum,
939 2541 59 75 but
1019 2541 132 75 inclines
1173 2541 53 75 to-

196 2587 90 75 ward
300 2587 55 75 the
372 2587 60 75 left
449 2587 75 75 fide.

238 2633 77 75 The
332 2633 123 75 furface
471 2633 41 75 of
523 2633 55 75 the
590 2633 112 75 pleura
717 2633 118 75 turned
846 2633 41 75 to-
901 2633 55 75 the
975 2633 133 75 cavities
1118 2633 41 75 of
1169 2633 56 75 the

192 2678 115 75 bread,
331 2678 28 75 is
384 2678 198 75 continually
598 2678 173 75 moiftened
799 2678 43 75 by
859 2678 18 75 a
893 2678 175 75 lymphatic
1095 2678 130 75 ferofit-y

193 2725 106 75 which
316 2725 163 75 tranfudes
509 2725 142 75 through
673 2725 56 75 the
751 2725 93 75 pores
869 2725 39 75 of
925 2725 54 75 the
1003 2725 224 75 membranous

196 2771 147 75 portion.

242 2818 75 75 The
334 2818 110 75 pleura
459 2818 104 75 ferves
591 2818 31 75 in
641 2818 126 75 general
792 2818 54 75 for
867 2818 39 75 an
922 2818 90 75 inner
1028 2818 199 75 integument

193 2864 36 75 to
257 2864 54 75 the
335 2864 108 75 cavity
460 2864 41 75 of
516 2864 55 75 the
587 2864 131 75 thorax.
765 2864 79 75 The
859 2864 219 75 mediaftinum
1094 2864 70 75 cuts
1180 2864 52 75 off

194 2911 44 75 all
259 2911 267 75 communication
548 2911 144 75 between
706 2911 55 75 the
771 2911 68 75 two
849 2911 144 75 cavities,
1018 2911 63 75 and
1097 2911 132 75 hinders

195 2957 60 75 ne
278 2957 77 75 lung
379 2957 82 75 from
478 2957 132 75 preffing
625 2957 42 75 on
683 2957 56 75 the
755 2957 94 75 other
865 2957 94 75 when
985 2957 46 75 we
1047 2957 41 75 lie
1109 2957 42 75 on
1166 2957 62 75 one

195 3002 76 75 fide.
319 3002 32 75 It
366 3002 139 75 likewife
529 3002 101 75 forms
649 3002 195 75 receptacles
865 3002 52 75 for
940 3002 56 75 the
1011 3002 105 75 heart,
1141 3002 86 75 peri-

195 3049 158 75 cardium,
374 3049 211 75 cefophagus,
606 3049 64 75 <&.
670 3049 8 75 .

1615 307 298 75 THYMUS.

1295 358 86 75 The
1400 358 131 75 thymus
1558 358 28 75 is
1604 358 38 75 an
1668 358 119 75 oblong
1811 358 167 75 glandular
1992 358 100 75 body,
2118 358 104 75 round
2240 358 42 75 on

1249 405 56 75 the
1329 405 100 75 upper
1454 405 84 75 part,
1573 405 62 75 and
1659 405 129 75 divided
1814 405 104 75 below
1943 405 68 75 into
2036 405 66 75 two
2126 405 38 75 or
2192 405 92 75 three

1249 451 102 75 lobes,
1377 451 40 75 of
1435 451 107 75 which
1566 451 71 75 that
1653 451 124 75 toward
1792 451 56 75 the
1860 451 61 75 left
1936 451 86 75 hand
2033 451 27 75 is
2076 451 56 75 the
2148 451 134 75 longeft.

1250 497 39 75 In
1305 497 56 75 the
1377 497 99 75 foetus
1492 497 25 75 it
1534 497 27 75 is
1579 497 40 75 of
1633 497 18 75 a
1667 497 108 75 pretty
1790 497 88 75 large
1894 497 77 75 fize,
1995 497 61 75 lefs
2075 497 33 75 in
2124 497 159 75 children,

1253 544 63 75 and
1332 544 79 75 very
1419 544 84 75 little
1515 544 32 75 in
1561 544 80 75 aged
1657 544 140 75 perfons.

1297 590 77 75 The
1391 590 133 75 greateft
1546 590 73 75 part
1634 590 38 75 of
1685 590 56 75 the
1765 590 129 75 thymus
1910 590 58 75 lies
1984 590 144 75 between
2152 590 56 75 the
2224 590 61 75 du-

1254 636 154 75 plicature
1425 636 40 75 of
1475 636 56 75 the
1551 636 141 75 fuperior
1708 636 63 75 and
1795 636 139 75 anterior
1950 636 127 75 portion
2093 636 41 75 of
2145 636 55 75 the
2217 636 67 75 me-

1252 683 180 75 diaftinum,
1450 683 61 75 and
1520 683 57 75 the
1588 683 91 75 great
1687 683 109 75 veffels
1808 683 40 75 of
1855 683 55 75 the
1926 683 115 75 heart;
2054 683 84 75 from
2155 683 131 75 whence

1253 730 25 75 it
1296 730 129 75 reaches
1438 730 19 75 a
1466 730 86 75 little
1568 730 114 75 higher
1698 730 78 75 than
1786 730 55 75 the
1858 730 72 75 tops
1947 730 41 75 of
2006 730 56 75 the
2073 730 66 75 two
2155 730 132 75 pleuras,

1254 777 33 75 fo
1305 777 69 75 that
1386 777 86 75 fome
1484 777 71 75 part
1571 777 41 75 of
1630 777 27 75 it
1672 777 26 75 is
1716 777 56 75 out
1788 777 39 75 of
1837 777 57 75 the
1910 777 108 75 cavity
2033 777 41 75 of
2084 777 56 75 the
2153 777 131 75 thorax.

1300 823 47 75 Its
1364 823 171 75 particular
1546 823 123 75 inward
1678 823 150 75 ftrudlure
1840 823 62 75 and
1920 823 171 75 fecretions
2112 823 54 75 are
2182 823 56 75 not
2250 823 38 75 as

1254 869 55 75 yet
1320 869 189 75 fufliciently
1517 869 117 75 known
1641 869 34 75 to
1688 869 178 75 determine
1874 869 41 75 its
1925 869 81 75 ufes,
2019 869 107 75 which
2137 869 151 75 however

1253 916 83 75 feem
1348 916 34 75 to
1400 916 38 75 be
1449 916 150 75 defigned
1614 916 88 75 more
1719 916 53 75 for
1795 916 56 75 the
1867 916 99 75 foetus
1984 916 77 75 than
2081 916 52 75 for
2144 916 120 75 adults.

1697 1023 144 75 COR.

1303 1100 84 75 The
1408 1100 91 75 heart
1515 1100 27 75 is
1556 1100 18 75 a
1589 1100 255 75 mufcularbody
1861 1100 135 75 fituated
2012 1100 32 75 in
2061 1100 55 75 the
2132 1100 107 75 cavity
2254 1100 42 75 of

1260 1147 56 75 the
1332 1147 122 75 thorax
1475 1147 42 75 on
1535 1147 56 75 the
1619 1147 141 75 anterior
1783 1147 73 75 part
1879 1147 40 75 of
1937 1147 56 75 the
2009 1147 200 75 diaphragm,
2235 1147 56 75 be-

1258 1192 104 75 tween
1373 1192 56 75 the
1446 1192 65 75 two
1527 1192 123 75 laminae
1663 1192 40 75 of
1715 1192 54 75 the
1786 1192 231 75 mediaftinum.
2066 1192 31 75 It
2115 1192 25 75 is
2152 1192 33 75 in
2204 1192 89 75 fome

1261 1240 140 75 meafure
1418 1240 41 75 of
1477 1240 20 75 a
1513 1240 121 75 conical
1651 1240 112 75 figure,
1788 1240 112 75 flatted
1929 1240 42 75 on
2000 1240 54 75 the
2071 1240 91 75 fides,
2188 1240 104 75 round

1260 1284 31 75 at
1308 1284 68 75 top,
1402 1284 62 75 and
1479 1284 73 75 oval
1569 1284 32 75 at
1619 1284 55 75 the
1687 1284 90 75 bafis.
1826 1284 232 75 Accordingly,
2084 1284 49 75 we
2149 1284 142 75 confidet

1258 1331 33 75 in
1308 1331 54 75 the
1380 1331 92 75 heart
1488 1331 55 75 the
1559 1331 93 75 bafis,
1678 1331 95 75 apex,
1799 1331 66 75 two
1882 1331 110 75 edges,
2018 1331 60 75 and
2104 1331 66 75 two
2197 1331 92 75 fides*

1260 1379 60 75 one
1343 1379 40 75 of
1402 1379 104 75 which
1525 1379 26 75 is
1568 1379 161 75 generally
1757 1379 68 75 flat,
1850 1379 69 75 the,
1930 1379 93 75 other
2047 1379 87 75 more
2152 1379 137 75 convex,

1306 1425 128 75 Befides
1458 1425 55 75 the
1537 1425 156 75 mufcular
1708 1425 101 75 body,
1834 1425 107 75 which
1957 1425 116 75 chiefly
2089 1425 99 75 forms
2205 1425 87 75 what

1262 1471 48 75 we
1318 1471 61 75 call
1387 1471 55 75 the
1451 1471 106 75 heart,
1568 1471 41 75 its
1619 1471 78 75 bafis
1705 1471 26 75 is
1744 1471 222 75 accompanied
1975 1471 44 75 by
2027 1471 67 75 two
2104 1471 187 75 appendices

1259 1518 105 75 called
1374 1518 160 75 auriculae,
1560 1518 63 75 and
1639 1518 42 75 by
1698 1518 88 75 large
1802 1518 225 75 blood-vcfiels
2040 1518 10 75 ;
2077 1518 44 75 all
2134 1518 85 75 theft
2236 1518 55 75 are

1260 1566 151 75 incluied
1422 1566 42 75 .in
1481 1566 19 75 a
1515 1566 222 75 membranous
1762 1566 137 75 capfuia,
1924 1566 115 75 named
2062 1566 225 75 pericardium.

1310 1611 31 75 It
1368 1611 27 75 is
1411 1611 122 75 hollow
1548 1611 126 75 within,
1699 1611 63 75 and
1778 1611 129 75 divided
1934 1611 43 75 by
1994 1611 19 75 a
2040 1611 121 75 feptum
2185 1611 107 75 which

1264 1657 74 75 runs
1354 1657 144 75 between
1515 1657 55 75 the
1586 1657 97 75 edges
1708 1657 69 75 into
1793 1657 65 75 two
1874 1657 143 75 cavities,
2042 1657 102 75 called
2167 1657 126 75 ventri-

1264 1704 81 75 culi,
1369 1704 60 75 one
1447 1704 39 75 of
1504 1704 106 75 which
1627 1704 26 75 is
1671 1704 88 75 thick
1772 1704 62 75 and
1849 1704 95 75 folid,
1968 1704 55 75 the
2040 1704 93 75 other
2149 1704 68 75 thin
2231 1704 63 75 and

1264 1751 77 75 foft.
1387 1751 88 75 This
1483 1751 95 75 latter
1594 1751 29 75 is
1638 1751 164 75 generally
1818 1751 124 75 termed
1957 1751 56 75 the
2030 1751 85 75 right
2127 1751 167 75 ventricle,

1265 1798 287 75 theothertheleft
1563 1798 165 75 ventricle,
1739 1798 123 75 though
1872 1798 32 75 in
1917 1798 83 75 their
2007 1798 123 75 natural
2147 1798 149 75 fituation

1265 1844 55 75 the
1337 1844 86 75 right
1434 1844 154 75 ventricle
1607 1844 28 75 is
1648 1844 110 75 placed
1774 1844 88 75 more
1876 1844 173 75 anteriorly
2067 1844 76 75 than
2156 1844 55 75 the
2220 1844 76 75 left.

1313 1889 90 75 Each
1421 1889 153 75 ventricle
1590 1889 97 75 opens
1708 1889 32 75 at
1765 1889 54 75 the
1836 1889 79 75 bafis
1935 1889 44 75 by
1995 1889 66 75 two
2073 1889 136 75 orifices,
2234 1889 61 75 one

1265 1935 39 75 of
1316 1935 104 75 which
1437 1935 137 75 anfwers
1585 1935 36 75 to
1637 1935 54 75 the
1708 1935 145 75 auricles,
1880 1935 56 75 the
1954 1935 94 75 other
2065 1935 34 75 to
2115 1935 55 75 the
2183 1935 112 75 mouth

1266 1982 40 75 of
1324 1982 19 75 a
1358 1982 86 75 large
1461 1982 107 75 artery
1580 1982 10 75 ;
1617 1982 61 75 and
1695 1982 205 75 accordingly
1916 1982 59 75 one
1992 1982 40 75 of
2053 1982 89 75 them
2166 1982 73 75 may
2256 1982 39 75 be

1266 2028 124 75 termed
1406 2028 56 75 the
1478 2028 156 75 auricular
1651 2028 122 75 orifice,
1796 2028 55 75 the
1876 2028 94 75 other
1997 2028 55 75 the
2075 2028 129 75 arterial
2232 2028 64 75 ori-

1266 2075 71 75 fice.
1384 2075 77 75 The
1487 2075 87 75 right
1596 2075 155 75 ventricle
1776 2075 98 75 opens
1897 2075 69 75 into
1989 2075 56 75 the
2061 2075 86 75 right
2164 2075 131 75 auricle,

1268 2121 61 75 and
1344 2121 67 75 into
1420 2121 56 75 the
1491 2121 98 75 trunk
1605 2121 40 75 of
1656 2121 54 75 the
1726 2121 190 75 pulmonary
1932 2121 128 75 artery;
2087 2121 56 75 the
2158 2121 73 75 left,
2248 2121 50 75 in-

1268 2168 35 75 to
1319 2168 55 75 the
1389 2168 61 75 left
1465 2168 132 75 auricle,
1622 2168 62 75 and
1699 2168 70 75 into
1785 2168 56 75 the
1856 2168 91 75 great
1963 2168 96 75 trunk
2070 2168 41 75 of
2121 2168 55 75 the
2194 2168 103 75 aorta.

1267 2214 48 75 At
1331 2214 54 75 the
1397 2214 96 75 edges
1509 2214 40 75 of
1560 2214 89 75 thefe
1662 2214 127 75 orifices
1802 2214 53 75 are
1883 2214 100 75 found
1999 2214 119 75 feveral
2133 2214 166 75 moveable

1267 2261 168 75 pellicula;,
1457 2261 103 75 called
1572 2261 106 75 valves
1690 2261 44 75 by
1743 2261 180 75 anatomills
1938 2261 11 75 ;
1965 2261 40 75 of
2016 2261 107 75 which
2141 2261 86 75 forae
2244 2261 54 75 are

1267 2308 113 75 turned
1392 2308 138 75 inward,
1552 2308 123 75 toward
1692 2308 55 75 the
1759 2308 106 75 cavity
1880 2308 41 75 of
1927 2308 55 75 the
1994 2308 182 75 ventricles,
2189 2308 107 75 called

1265 2355 207 75 triglochines
1485 2355 38 75 or
1538 2355 207 75 tricufpides;
1764 2355 109 75 others
1891 2355 53 75 are
1960 2355 116 75 turned
2084 2355 139 75 towards
2233 2355 57 75 the

1268 2401 89 75 great
1366 2401 121 75 veffds,
1495 2401 102 75 called
1607 2401 244 75 femilunaresor
1861 2401 211 75 figmoidales.
2083 2401 75 75 The
2167 2401 132 75 valvulae

1267 2449 188 75 tricufpides
1464 2449 39 75 of
1511 2449 53 75 the
1574 2449 60 75 left
1642 2449 153 75 ventricle
1807 2449 52 75 are
1866 2449 139 75 likewife
2013 2449 125 75 termed
2144 2449 154 75 mitrales.

1316 2495 76 75 The
1419 2495 90 75 inner
1525 2495 121 75 furface
1673 2495 40 75 of
1732 2495 55 75 the
1810 2495 170 75 ventricles
2005 2495 27 75 is
2055 2495 78 75 very
2161 2495 140 75 uneven,

1272 2540 95 75 many
1388 2540 178 75 eminences
1588 2540 63 75 and
1677 2540 130 75 cavities
1834 2540 95 75 being
1953 2540 184 75 obfervable
2161 2540 138 75 therein.

1270 2588 76 75 The
1372 2588 81 75 moft
1477 2588 213 75 confiderable
1717 2588 181 75 eminences
1926 2588 52 75 are
2005 2588 90 75 thick
2111 2588 97 75 fleftiy
2224 2588 74 75 pro-

1270 2634 143 75 ductions
1431 2634 104 75 called
1550 2634 170 75 columnac.
1767 2634 57 75 To
1852 2634 55 75 the
1934 2634 199 75 extremities
2161 2634 40 75 of
2212 2634 89 75 thefe

1271 2679 109 75 pillars
1390 2679 52 75 are
1451 2679 140 75 faftened
1607 2679 120 75 feveral
1738 2679 168 75 tendinous
1923 2679 108 75 cords,
2048 2679 55 75 the
2115 2679 93 75 other
2221 2679 79 75 ends

1269 2726 42 75 of
1322 2726 103 75 which
1453 2726 52 75 are
1514 2726 112 75 joined
1638 2726 35 75 to
1700 2726 55 75 the
1773 2726 135 75 valvulae
1939 2726 199 75 tricufpides.
2186 2726 115 75 There

1271 2772 52 75 are
1339 2772 138 75 likewife
1493 2772 95 75 other
1598 2772 89 75 fmall
1704 2772 85 75 Ihort
1802 2772 169 75 tendinous
1990 2772 92 75 ropes
2104 2772 94 75 along
2219 2772 79 75 both

1273 2821 96 75 edges
1386 2821 39 75 of
1432 2821 55 75 the
1503 2821 122 75 feptum
1637 2821 141 75 between
1790 2821 55 75 the
1857 2821 181 75 ventricles.
2085 2821 108 75 Thefe
2210 2821 93 75 fmall

1273 2866 93 75 cords
1383 2866 42 75 lie
1442 2866 32 75 in
1497 2866 38 75 an
1552 2866 165 75 obliquely
1732 2866 172 75 tranfverfe
1920 2866 160 75 fituation,
2104 2866 61 75 and
2182 2866 84 75 form
2282 2866 21 75 a

1274 2912 78 75 kind
1360 2912 40 75 of
1420 2912 161 75 net-work
1596 2912 33 75 at
1641 2912 148 75 different
1806 2912 168 75 diftances.

1320 2959 77 75 The
1422 2959 130 75 cavities
1576 2959 39 75 of
1640 2959 56 75 the
1721 2959 89 75 inner
1845 2959 123 75 furface
1992 2959 41 75 of
2051 2959 56 75 the
2130 2959 172 75 ventricles

1275 3005 54 75 are
1344 3005 90 75 fmall
1451 3005 80 75 deep
1554 3005 34 75 fo
1593 3005 42 75 flu
1639 3005 37 75 lag
1698 3005 38 75 or
1763 3005 119 75 lacuna;
1904 3005 112 75 placed
2038 3005 79 75 very
2133 3005 74 75 near
2222 3005 79 75 each

1275 3051 107 75 other,
1406 3051 81 75 with
1501 3051 91 75 fmall
1607 3051 179 75 prominent
1800 3051 178 75 mterftices
1991 3051 144 75 between
2150 3051 103 75 them.

2223 3093 77 75 The
