2498 3377
555 143 238 75 ANT

1118 143 120 75 (3:

183 216 255 75 ANTHORA,
464 216 32 75 in
512 216 134 75 botany,
671 216 55 75 the
742 216 107 75 trivial
866 216 90 75 name
973 216 40 75 of
1020 216 18 75 a
1049 216 118 75 fpecies
1180 216 40 75 of

230 262 173 75 aconitum.
454 262 63 75 See
534 262 235 75 Aconitum.

181 309 370 75 ANTHORISMUS,
577 309 32 75 in
629 309 150 75 rhetoric,
805 309 131 75 denotes
955 309 19 75 a
990 309 151 75 contrary
1156 309 56 75 de-

228 356 150 75 fcription
402 356 37 75 or
461 356 165 75 definition
651 356 41 75 of
705 356 19 75 a
748 356 92 75 thing
864 356 84 75 from
973 356 70 75 that
1060 356 94 75 given
1170 356 44 75 by

230 402 55 75 the
303 402 126 75 adverfe
447 402 105 75 party.

180 449 213 75 ANTHOS,
418 449 19 75 a
453 449 114 75 Greek
582 449 95 75 term,
695 449 149 75 properly
862 449 168 75 fignifying
1046 449 17 75 a
1087 449 123 75 flower,

228 495 56 75 but
300 495 74 75 ufed
390 495 44 75 by
452 495 86 75 fome
554 495 125 75 writers
696 495 35 75 to
749 495 117 75 denote
885 495 159 75 rofemary
1070 495 43 75 by
1140 495 71 75 way

226 541 41 75 of
279 541 174 75 eminence.

181 588 164 75 Anthos
364 588 27 75 is
410 588 180 75 fometimes
607 588 66 75 alfo
699 588 76 75 ufed
793 588 51 75 for
868 588 55 75 the
940 588 96 75 elixir
1060 588 40 75 of
1120 588 93 75 gold,

228 635 33 75 as
284 635 73 75 well
374 635 33 75 as
430 635 53 75 for
502 635 18 75 a
537 635 155 75 medicine
712 635 165 75 extracted
899 635 85 75 from
1001 635 102 75 pearls

182 681 161 75 Anthos
366 681 263 75 philofopborum,
662 681 134 75 denotes
823 681 19 75 a
869 681 120 75 certain
1016 681 133 75 method
1178 681 41 75 of

230 727 206 75 tranfniuting
454 727 111 75 metals
583 727 43 75 by
643 727 120 75 vitriol.

185 775 347 75 ANTHOSATUM
559 775 141 75 acetum,
745 775 56 75 the
828 775 129 75 vinegar
987 775 40 75 of
1055 775 161 75 rofemary

232 820 136 75 flowers.

186 867 424 75 ANTHOSPERMUM,
635 867 32 75 in
688 867 131 75 botany,
846 867 18 75 a
883 867 99 75 genus
1000 867 40 75 of
1050 867 55 75 the
1122 867 92 75 poly-

232 913 101 75 gamia
348 913 116 75 dioecia
487 913 91 75 clafs.
626 913 187 75 The^calix
829 913 41 75 of
880 913 55 75 the
952 913 262 75 hermaphrodite
1228 887 4 104 ■

231 959 108 75 flower
354 959 27 75 is
397 959 130 75 divided
555 959 68 75 into
651 959 73 75 four
752 959 85 75 parts
850 959 10 75 ;
893 959 27 75 it
936 959 59 75 has
1011 959 42 75 no
1069 959 122 75 corolla
1202 959 10 75 ;

232 1005 55 75 the
305 1005 130 75 ftamina
451 1005 53 75 are
519 1005 88 75 four,
632 1005 62 75 and
710 1005 56 75 the
782 1005 105 75 piftilli
899 1005 87 75 two;
1014 1005 56 75 the
1086 1005 131 75 germen

230 1050 27 75 is
273 1050 104 75 below
393 1050 56 75 the
465 1050 121 75 flower.
628 1050 112 75 There
759 1050 53 75 are
829 1050 65 75 two
911 1050 118 75 fpecies
1047 1050 40 75 of
1102 1050 113 75 antho-

232 1095 170 75 fpermum,
430 1095 68 75 viz.
520 1095 55 75 the
593 1095 216 75 sethiopicum,
847 1095 18 75 a
892 1095 105 75 native
1024 1095 39 75 of
1082 1095 129 75 Ethio-

232 1142 52 75 pia
295 1142 11 75 ;
339 1142 63 75 and
428 1142 55 75 the
506 1142 123 75 ciliare,
651 1142 20 75 a
686 1142 105 75 native
814 1142 41 75 of
867 1142 56 75 the
939 1142 90 75 Cape
1044 1142 40 75 of
1097 1142 118 75 Good-

232 1189 111 75 Hope.

186 1237 439 75 ANTHOXANTHUM,
649 1237 31 75 in
697 1237 131 75 botany,
855 1237 17 75 a
889 1237 98 75 genus
1005 1237 40 75 of
1056 1237 57 75 the
1123 1237 91 75 dian-

233 1283 69 75 dria
313 1283 130 75 digynia
458 1283 90 75 clafs.
587 1283 77 75 The
674 1283 85 75 calix
770 1283 27 75 is
810 1283 175 75 abivalved
997 1283 118 75 gluma,
1133 1283 84 75 with

234 1328 59 75 one
309 1328 130 75 flower;
466 1328 55 75 the
538 1328 121 75 corolla
675 1328 27 75 is
715 1328 168 75 bivalved,.
900 1328 123 75 obtufe,
1049 1328 61 75 and
1122 1328 95 75 with-

235 1373 57 75 out
309 1373 60 75 any
385 1373 83 75 awn.
513 1373 113 75 There
648 1373 53 75 are
725 1373 92 75 three
838 1373 118 75 fpecies
979 1373 40 75 of
1038 1373 179 75 antboxan-

236 1419 102 75 thum,
363 1419 67 75 viz.
456 1419 54 75 the
527 1419 180 75 odoratum,
733 1419 37 75 or
785 1419 221 75 fpring-grafs,
1031 1419 18 75 a
1060 1419 107 75 native
1183 1419 41 75 of

239 1466 146 75 Britain;
410 1466 55 75 the
482 1466 149 75 indicum,
657 1466 19 75 a
692 1466 105 75 native
814 1466 40 75 of
873 1466 114 75 India;
1013 1466 61 75 and
1091 1466 57 75 the
1162 1466 55 75 pa-

239 1512 108 75 nicula'
347 1512 75 75 tum,
447 1512 19 75 a
482 1512 104 75 native
603 1512 40 75 of
662 1512 55 75 the
739 1512 150 75 fouthern
909 1512 86 75 parts
1017 1512 39 75 of
1075 1512 143 75 Europe.

192 1560 293 75 ANTHRACIS,
526 1560 277 75 Anthracias,
845 1560 37 75 or
917 1560 301 75 Anthracitis,

238 1605 104 75 names
354 1605 243 75 promifcuoufly
605 1605 76 75 ufed
693 1605 44 75 by
750 1605 124 75 ancient
888 1605 176 75 naturalifts
1078 1605 50 75 for
1140 1605 80 75 very

238 1652 147 75 different
401 1652 108 75 foflils,
534 1652 67 75 viz.
629 1652 56 75 the
702 1652 191 75 carbuncle,,
909 1652 201 75 haematites,,
1122 1652 63 75 and
1201 1652 29 75 a-

238 1697 76 75 kind
330 1697 40 75 of
388 1697 122 75 afleria.
561 1697 62 75 See
640 1697 251 75 Carbuncle,
918 1697 64 75 drc.

191 1745 359 75 ANTHRACOSIS,
574 1745 32 75 in
623 1745 169 75 medicine,
817 1745 18 75 a
851 1745 155 75 corrofive
1022 1745 84 75 fcaly
1118 1745 99 75 ulcer,

240 1789 97 75 either
354 1789 32 75 in
404 1789 55 75 the
478 1789 78 75 bulb
566 1789 42 75 of
627 1789 62 75 the.
697 1789 58 75 eye
772 1789 37 75 or
825 1789 55 75 the
896 1789 153 75 eye-fids.

192 1838 171 75 ANTHR
368 1838 77 75 AX,
472 1838 18 75 a
506 1838 115 75 Greek
635 1838 94 75 term,
755 1838 139 75 literally
906 1838 168 75 fignifying
1090 1838 18 75 a
1124 1838 98 75 burn-

239 1881 52 75 ing
307 1881 82 75 coal,
414 1881 76 75 ufed
506 1881 42 75 by
564 1881 56 75 the
632 1881 140 75 ancients
785 1881 34 75 to
831 1881 117 75 denote
961 1881 17 75 a
990 1881 85 75 gem,
1101 1881 33 75 as
1147 1881 73 75 well

239 1928 33 75 as
294 1928 19 75 a
336 1928 131 75 difeafe,
491 1928 89 75 more
603 1928 161 75 generally
788 1928 116 75 known
926 1928 47 75 by
994 1928 54 75 the
1072 1928 91 75 name
1187 1928 41 75 of

239 1976 179 75 carbuncle.
469 1976 60 75 See
547 1976 252 75 Carbuncle.

193 2023 194 75 Anthrax
411 2023 27 75 is
463 2023 181 75 fometimes
674 2023 66 75 alfo
762 2023 76 75 ufed
860 2023 55 75 for
938 2023 213 75 litfianthrax,
1184 2023 39 75 or

240 2065 144 75 pit-coal.
434 2065 61 75 See
511 2065 310 75 Lithanthrax.

195 2113 323 75 ANTHRISCUS,
543 2113 30 75 in
598 2113 131 75 botany,
754 2113 55 75 the
832 2113 105 75 trivial
954 2113 89 75 name
1059 2113 40 75 of
1118 2113 19 75 a
1153 2113 68 75 fpe-

245 2155 62 75 cies
324 2155 40 75 of
383 2155 171 75 tordylium
617 2155 61 75 See
694 2155 258 75 Tordylium.

197 2208 66 75 AN
272 2208 442 75 EHROPOGLOTTUS,
746 2208 115 75 among
886 2208 182 75 zoologifts,
1102 2208 39 75 an
1166 2208 56 75 ap-

242 2249 149 75 pellation
405 2249 91 75 given
508 2249 34 75 to
558 2249 74 75 fuch
650 2249 130 75 animals
802 2249 34 75 as
852 2249 80 75 have
949 2249 134 75 tongues
1105 2249 116 75 refem-

242 2294 86 75 blmg
345 2294 68 75 that
431 2294 40 75 of
481 2294 162 75 mankind,
667 2294 208 75 particularly
885 2294 36 75 to
937 2294 55 75 the
1004 2294 109 75 parrot
1129 2294 90 75 kind.

196 2346 479 75 ANTHROPOGRAPHY,
699 2346 134 75 denotes
845 2346 55 75 the
912 2346 190 75 defeription
1115 2346 41 75 of
1166 2346 57 75 the

242 2387 113 75 human
383 2387 99 75 body,
515 2387 41 75 its
581 2387 115 75 parts,,
711 2387 167 75 flrudture,

1035 2387 62 75 See
1121 2387 102 75 Ana-

245 2434 126 75 tomy.

197 2486 459 75 ANTHROPOLATRE,
680 2486 33 75 in
730 2486 270 75 church-hiftory,
1029 2486 39 75 an
1084 2486 141 75 appella-

243 2526 65 75 tion
324 2526 91 75 given
432 2526 34 75 to
482 2526 56 75 the
554 2526 198 75 Neftorians,
777 2526 41 75 on
839 2526 134 75 account
987 2526 40 75 of
1038 2526 84 75 their
1138 2526 85 75 wor-

241 2573 139 75 fhippmg
407 2573 122 75 Chrift,
562 2573 280 75 notwithftanding
850 2573 6 75 -
870 2573 71 75 that
972 2573 79 75 they
1078 2573 145 75 believed

240 2618 65 75 him
323 2618 33 75 to
373 2618 38 75 be
425 2618 17 75 a
459 2618 84 75 mere
556 2618 83 75 man.

195 2670 470 75 ANTHROPOLATRIA,
691 2670 56 75 the
770 2670 119 75 paying
910 2670 106 75 divine
1032 2670 141 75 honours
1189 2670 37 75 to

240 2710 18 75 a
274 2710 84 75 man,
382 2710 153 75 fuppofed
559 2710 35 75 to
621 2710 40 75 be
684 2710 56 75 the
756 2710 80 75 moft
859 2710 125 75 ancient
1007 2710 79 75 kind
1102 2710 39 75 of
1152 2710 71 75 ido-

239 2757 96 75 latry.

193 2808 415 75 ANTHROPOLOGY,
634 2808 18 75 a
667 2808 156 75 difeourfe
839 2808 84 75 upon
940 2808 116 75 human
1075 2808 123 75 nature.

192 2853 341 75 Anthropology,
559 2853 116 75 among
689 2853 135 75 divines,
857 2853 133 75 denotes
1006 2853 71 75 that
1092 2853 132 75 manner

240 2893 39 75 of
290 2893 170 75 expreflion
487 2893 43 75 by
547 2893 106 75 which
680 2893 56 75 the
763 2893 138 75 infpired
927 2893 125 75 writers
1070 2893 153 75 attribute

240 2941 115 75 human
372 2941 87 75 parts
477 2941 62 75 and
554 2941 131 75 paflions
701 2941 36 75 to
753 2941 92 75 God.

193 2993 456 75 ANTHROP.OMANCY,
683 2993 20 75 a
725 2993 119 75 fpecies
872 2993 40 75 of
934 2993 187 75 divination,
1150 2993 72 75 per-

1257 137 20 75 7
1326 137 28 75 .)

1679 137 42 75 A
1778 137 42 75 N
1878 137 39 75 T

1305 211 123 75 formed
1446 211 45 75 by
1507 211 171 75 infpedting
1694 211 55 75 the
1766 211 122 75 intrails
1906 211 40 75 of
1965 211 18 75 a
1999 211 117 75 human
2132 211 147 75 creature'
2279 211 11 75 ,

1258 257 493 75 ANTHROPOMORPHA,
1777 257 18 75 a
1811 257 82 75 term
1905 257 156 75 formerly
2076 257 91 75 given
2184 257 34 75 to
2235 257 56 75 the

1305 305 161 75 primates,
1492 305 37 75 or
1542 305 71 75 that
1625 305 78 75 clafs
1717 305 40 75 of
1764 305 130 75 animals
1909 305 102 75 which
2025 305 81 75 have
2118 305 55 75 the
2185 305 106 75 great-

1304 352 43 75 eft
1364 352 211 75 refemblance
1592 352 34 75 to
1642 352 55 75 the
1722 352 118 75 human
1856 352 90 75 kind.
2013 352 61 75 See
2094 352 194 75 Natural

1305 398 197 75 History.

1256 444 516 75 ANTHROPOMORHISM,
1799 444 116 75 among
1926 444 215 75 ecclefiaftical
2154 444 149 75 writers,-

1303 491 135 75 denotes
1453 491 56 75 the
1525 491 114 75 herefy
1655 491 36 75 or
1703 491 90 75 error
1805 491 40 75 of
1860 491 55 75 the
1929 491 361 75 Aothropomorphites.

1305 538 62 75 See
1383 538 56 75 the
1456 538 79 75 next
1552 538 125 75 article.

1257 583 573 75 ANTHROPOMORPHITES,
1856 583 33 75 in
1905 583 273 75 church-hiftory,
2196 583 19 75 a
2230 583 63 75 feft

1304 630 40 75 of
1355 630 125 75 ancient
1496 630 149 75 heretics,
1673 630 85 75 who,
1777 630 109 75 takjng
1901 630 98 75 every
2015 630 92 75 thing
2123 630 119 75 fpoken
2257 630 42 75 of

1305 678 80 75 God
1408 678 33 75 in
1465 678 154 75 feripture
1643 678 32 75 in
1701 678 18 75 a
1742 678 107 75 literal
1871 678 97 75 fenfe,
1993 678 206 75 particularly
2221 678 72 75 that

1306 724 124 75 palfage
1447 724 40 75 of
1499 724 132 75 Genefis
1656 724 33 75 in
1705 724 104 75 which
1827 724 24 75 it
1869 724 26 75 is
1918 724 68 75 faid
2010 724 72 75 God
2105 724 93 75 made
2215 724 76 75 man

1305 771 90 75 after
1418 771 49 75 his
1491 771 73 75 own
1588 771 115 75 image,
1741 771 207 75 maintained.
1983 771 93 75 That
2097 771 81 75 God
2193 771 64 75 had
2273 771 20 75 a

1304 817 118 75 human
1434 817 92 75 lhape
1575 817 100 75 They
1687 817 52 75 are
1750 817 142 75 likewife
1904 817 105 75 called
2021 817 167 75 Audeans,
2207 817 86 75 from

1306 862 132 75 Audeus
1456 862 85 75 their
1556 862 121 75 leader.

1261 910 553 75 ANTHROPOMORPHOUS,
1852 910 38 75 an
1918 910 192 75 appellation
2140 910 93 75 given
2256 910 36 75 to

1306 955 161 75 whatever
1484 955 168 75 refembles
1669 955 55 75 the
1741 955 118 75 human
1877 955 97 75 form.

1260 1002 447 75 ANTHROPOPATHY,
1734 1002 18 75 a
1769 1002 100 75 figure
1886 1002 36 75 or
1939 1002 174 75 expreflion
2130 1002 44 75 by
2186 1002 107 75 which

1307 1050 85 75 fame
1415 1050 116 75 paflion
1555 1050 27 75 is
1605 1050 143 75 aferibed
1771 1050 36 75 to
1826 1050 92 75 God,
1943 1050 107 75 which
2070 1050 151 75 properly
2237 1050 56 75 be-

1306 1096 90 75 longs
1414 1096 77 75 only
1508 1096 34 75 to
1559 1096 86 75 man.

1261 1143 436 75 ANTHROPOSCOPY,
1722 1143 70 75 that
1809 1143 70 75 part
1891 1143 40 75 of
1942 1143 227 75 phyfiognomy
2185 1143 107 75 which

1304 1189 115 75 judges
1432 1189 40 75 of
1492 1189 18 75 a
1527 1189 99 75 man’s
1643 1189 173 75 character,
1933 1189 85 75 from
2036 1189 53 75 the
2106 1189 189 75 lineaments

1308 1236 39 75 of
1359 1236 49 75 his
1425 1236 99 75 body.

1260 1283 452 75 ANTHROPOPHAGY,
1738 1283 56 75 the
1818 1283 52 75 aA
1887 1283 41 75 of
1945 1283 108 75 eating
2072 1283 117 75 human
2206 1283 87 75 fleih.

1307 1330 84 75 This
1409 1330 110 75 horrid
1536 1330 135 75 praAice
1687 1330 27 75 is
1732 1330 65 75 faid
1813 1330 35 75 to
1864 1330 120 75 prevail
2005 1330 32 75 in
2055 1330 92 75 fome.
2155 1330 88 75 parts
2259 1330 42 75 of

1309 1376 114 75 Africa
1440 1376 69 75 and
1518 1376 174 75 America..
1729 1376 67 75 But
1812 1376 25 75 it
1854 1376 26 75 is
1898 1376 123 75 greatly
2038 1376 36 75 to
2089 1376 40 75 be
2152 1376 145 75 doubted

1309 1422 29 75 if
1350 1422 73 75 ever
1439 1422 76 75 fuch
1533 1422 18 75 a
1566 1422 120 75 cuftom
1701 1422 133 75 exifted.

1262 1470 430 75 ANTROPOTHYSIA,
1718 1470 54 75 the
1789 1470 151 75 inhuman
1956 1470 135 75 praAice
2108 1470 40 75 of
2159 1470 138 75 offering

1310 1515 117 75 human
1439 1515 168 75 facrifices.
1657 1515 60 75 See
1736 1515 227 75 Sacrifice.

1264 1563 230 75 ANTHUM,
1519 1563 31 75 in
1569 1563 130 75 botany.
1753 1563 61 75 See
1829 1563 264 75 Epithymum.

1263 1609 215 75 ANTHUS,
1502 1609 33 75 in
1562 1609 220 75 ornithology,
1808 1609 24 75 a
1854 1609 173 75 fynonyme
2051 1609 40 75 of
2114 1609 56 75 the
2186 1609 111 75 lofeia.

1313 1655 60 75 See
1390 1655 100 75 Lose
1498 1655 10 75 1
1515 1655 37 75 a.

1263 1702 68 75 AN
1346 1702 229 75 I'HYLLUS,
1601 1702 31 75 in
1648 1702 132 75 botany,
1806 1702 19 75 a
1853 1702 98 75 genus
1974 1702 40 75 of
2036 1702 56 75 the
2114 1702 185 75 diadelphia

1313 1748 170 75 decandria
1499 1748 92 75 clafs.
1639 1748 78 75 The
1733 1748 86 75 calix
1836 1748 26 75 is
1888 1748 186 75 ventricofe,
2100 1748 62 75 and
2179 1748 54 75 the
2249 1748 48 75 le-

1311 1795 115 75 gumen
1453 1795 26 75 is
1509 1795 161 75 roundifli.
1718 1795 111 75 There
1847 1795 53 75 are
1920 1795 43 75 10
1978 1795 116 75 fpecies
2112 1795 40 75 of
2169 1795 131 75 anthyl-

1310 1840 62 75 1ns,
1404 1840 70 75 viz.
1498 1840 57 75 the
1577 1840 208 75 tetraphylla,
1809 1840 162 75 montana,
2000 1840 172 75 cornicina,
2198 1840 99 75 lotoi-

1312 1887 68 75 des,
1406 1887 99 75 barba
1520 1887 99 75 jovis,
1644 1887 236 75 heterophylla,
1904 1887 182 75 cytifoides,
2111 1887 184 75 heimanise,

1313 1933 62 75 and
1391 1933 155 75 erinacea,
1571 1933 43 75 all
1630 1933 121 75 natives
1764 1933 39 75 of
1816 1933 110 75 Spain,
1952 1933 116 75 Italy,,
2076 1933 61 75 and
2153 1933 55 75 the
2224 1933 75 75 fou-

1312 1979 93 75 thern
1421 1979 88 75 parts
1525 1979 41 75 of
1587 1979 156 75 Europe;
1780 1979 61 75 and
1865 1979 55 75 the
1942 1979 192 75 vulneraria,
2159 1979 139 75 kidney-

1313 2026 107 75 vetch,
1445 2026 38 75 or
1499 2026 104 75 lady’s
1620 2026 112 75 finger,
1758 2026 18 75 a
1792 2026 104 75 native
1909 2026 40 75 of
1958 2026 140 75 Britain.

1266 2072 413 75 ANTHYPOPHORA,
1704 2072 30 75 in
1761 2072 152 75 rhetoric,
1945 2072 18 75 a
1985 2072 100 75 fig-are
2101 2072 40 75 of
2159 2072 112 75 fpeech
2283 2072 13 75 ;

1314 2118 93 75 being
1423 2118 55 75 the
1494 2118 220 75 counter-part
1731 2118 39 75 of
1782 2118 39 75 an
1836 2118 202 75 hypophora.
2089 2118 61 75 See
2166 2118 133 75 Hypo-

1318 2166 140 75 phora.

1266 2212 135 75 ANTI,
1427 2212 18 75 a
1461 2212 112 75 Greek
1590 2212 203 75 prepofition,
1817 2212 106 75 which
1941 2212 104 75 enters
2057 2212 69 75 into
2137 2212 57 75 the
2211 2212 88 75 com-

1314 2258 132 75 pofition
1470 2258 41 75 of
1532 2258 118 75 feveral
1679 2258 119 75 words,
1822 2258 81 75 both
1931 2258 110 75 Latin,
2073 2258 138 75 French,
2237 2258 63 75 and

1315 2304 144 75 Englilh,
1485 2304 32 75 in
1543 2304 165 75 different.
1719 2304 115 75 fenfes.
1895 2304 189 75 Sometimes
2112 2304 27 75 it
2164 2304 135 75 fignifies

1314 2351 119 75 before,
1458 2351 35 75 as
1508 2351 32 75 in
1557 2351 252 75 anti-chamber;
1836 2351 62 75 and
1914 2351 181 75 fometimes
2110 2351 131 75 oppofite
2262 2351 38 75 or

1315 2397 164 75 contrary,
1514 2397 35 75 as
1575 2397 32 75 in
1635 2397 56 75 the
1719 2397 107 75 names
1840 2397 43 75 of
1905 2397 87 75 thefe
2009 2397 183 75 medicines,
2217 2397 81 75 anti-

1316 2442 184 75 fcorbutics,
1526 2442 240 75 anti-venereal.

1269 2489 266 75 ANTIADES,
1559 2489 32 75 in
1608 2489 174 75 anatomy,,
1794 2489 19 75 a
1828 2489 91 75 name
1942 2489 181 75 fometimes
2147 2489 76 75 ufed
2246 2489 53 75 for

1317 2535 55 75 the
1389 2535 124 75 glands,
1532 2535 87 75 more
1631 2535 120 75 ufnally
1760 2535 344 75 .calledSee
2125 2535 33 75 p.
2178 2535 81 75 296.

1269 2585 461 75 ANTIDIAPHORISTS,
1761 2585 31 75 in
1818 2585 268 75 church-hiftory,
2120 2585 55 75 the
2199 2585 99 75 oppo-

1315 2627 63 75 fers
1395 2627 41 75 of
1447 2627 54 75 the
1518 2627 233 75 Adiaphorifts.
1801 2627 61 75 See
1878 2627 224 75 Adiaphori
2112 2627 80 75 sts.

1267 2676 380 75 ANTIBACGHIUS,
1671 2676 32 75 in
1720 2676 124 75 ancient
1861 2676 126 75 poetry,
2012 2676 19 75 a
2047 2676 71 75 foot
2135 2676 164 75 confifting

1316 2719 40 75 of
1366 2719 90 75 three
1470 2719 160 75 fyllables,
1656 2719 54 75 the
1727 2719 66 75 two
1820 2719 62 75 firft
1899 2719 89 75 long,
2014 2719 63 75 and
2093 2719 55 75 the
2162 2719 58 75 laft
2236 2719 62 75 one

1317 2765 109 75 (hort;
1441 2765 86 75 .fuch
1545 2765 25 75 is
1588 2765 55 75 the
1659 2765 91 75 word
1766 2765 139 75 ambTre.

1267 2813 225 75 ANTIBES,
1518 2813 19 75 a
1552 2813 139 75 fea-port
1707 2813 87 75 town
1814 2813 39 75 of
1864 2813 163 75 Provence
2046 2813 31 75 in
2097 2813 135 75 France,
2260 2813 38 75 fi-

1317 2858 109 75 tuated
1443 2858 40 75 on
1507 2858 54 75 the
1577 2858 273 75 Mediterranean,
1867 2858 40 75 .in
1924 2858 45 75 E.
1986 2858 90 75 long,
2093 2858 20 75 7
2113 2840 22 49 0
2135 2858 13 75 ,
2173 2858 48 75 N.
2238 2858 59 75 lat,

1317 2908 81 75 43°,
1424 2908 67 75 40'.

1267 2957 367 75 ANTICARDIUM,
1658 2957 33 75 in
1709 2957 171 75 antiquity,
1905 2957 56 75 the
1984 2957 84 75 fame
2083 2957 79 75 with
2177 2957 120 75 fcrobL

1316 3000 104 75 culum
1436 3000 119 75 cordis.

2160 3053 138 75 ANTI-
