2428 3377
182 133 103 75 Part
304 133 49 75 II.

753 133 361 75 ANA

182 198 180 75 fomething
384 198 66 75 like
474 198 55 75 the
555 198 272 75 facro-lumbaris,
853 198 57 75 but
933 198 90 75 more
1039 198 97 75 flefhy
1159 198 62 75 and

180 243 138 75 thicker,
344 243 134 75 fituated
501 243 144 75 between
670 243 56 75 the
750 243 101 75 fpinal
873 243 174 75 apophyfes
1076 243 63 75 and
1164 243 55 75 the

181 289 116 75 mufcle
317 289 65 75 jud
406 289 195 75 mentioned,
628 289 84 75 from
739 289 107 75 which
870 289 25 75 it
921 289 25 75 is
975 289 130 75 divided
1131 289 45 75 by
1201 289 19 75 a

178 336 104 75 fmall,
307 336 97 75 fatty,
429 336 39 75 or
483 336 133 75 cellular
627 336 64 75 line
703 336 10 75 ;
739 336 59 75 but
815 336 33 75 at
864 336 56 75 the
935 336 102 75 lower
1053 336 71 75 part
1141 336 79 75 they

180 384 54 75 are
252 384 204 75 confounded
472 384 161 75 together.
683 384 33 75 It
732 384 111 75 covers
859 384 56 75 the
931 384 233 75 femi-fpinalis,
1182 384 37 75 or

178 430 320 75 tranfverfo-fpinalis
515 430 96 75 dorfi,
636 430 64 75 and
716 430 56 75 the
784 430 219 75 femi-fpinalis
1020 430 195 75 lumborum.

179 476 55 75 Its'
244 476 99 75 upper
366 476 70 75 part
451 476 59 75 lies
527 476 144 75 between
688 476 55 75 the
759 476 257 75 facro-lumbaris
1038 476 62 75 and
1116 476 99 75 tranf-

180 523 127 75 verfalis
325 523 89 75 colli.

224 569 47 75 Its
288 569 133 75 inferior
445 569 166 75 infertions
629 569 53 75 are
706 569 108 75 partly
837 569 44 75 by
897 569 124 75 diftindt
1044 569 171 75 tendinous

178 616 156 75 portions,
361 616 64 75 and
440 616 45 75 by
501 616 19 75 a
544 616 101 75 broad
662 616 199 75 aponeurofis
879 616 146 75 common
1042 616 36 75 to
1095 616 24 75 it
1137 616 79 75 with

178 662 55 75 the
257 662 282 75 facro-lumbaris;
574 662 63 75 and
661 662 106 75 partly
783 662 43 75 by
854 662 19 75 a
899 662 88 75 large
1011 662 142 75 fafciculi
1181 662 40 75 of

177 709 96 75 flelhy
288 709 108 75 fibres,
421 709 119 75 which,
566 709 34 75 at
615 709 39 75 fir
656 709 23 75 it
696 709 95 75 fight,
815 709 84 75 feem
924 709 36 75 to
984 709 146 75 compofe
1154 709 61 75 one

176 756 140 75 uniform
331 756 93 75 mafs.
474 756 33 75 It
521 756 27 75 is
572 756 99 75 fixed,
697 756 44 75 by
757 756 56 75 the
836 756 89 75 long,
950 756 68 75 flat,
1043 756 170 75 tendinous

175 803 144 75 portions
332 803 40 75 of
382 803 152 75 different
551 803 164 75 breadths,
741 803 35 75 to
793 803 56 75 the
864 803 57 75 lafl
933 803 98 75 fpinal
1048 803 165 75 apophyfis

176 850 40 75 of
234 850 55 75 the
306 850 95 75 back,
426 850 35 75 to
474 850 42 75 all
532 850 91 75 thofe
639 850 40 75 of
697 850 55 75 the
769 850 96 75 loins,
891 850 62 75 and
969 850 35 75 to
1021 850 61 75 one
1094 850 37 75 or
1147 850 66 75 two

176 896 41 75 of
234 896 56 75 the
307 896 141 75 fuperior
463 896 103 75 fpines
583 896 40 75 of
642 896 56 75 the
710 896 36 75 os
762 896 135 75 factum.
945 896 111 75 Thefe
1068 896 144 75 portions

175 942 43 75 lie
235 942 33 75 at
279 942 151 75 different
441 942 153 75 diftances
611 942 85 75 from
712 942 78 75 each
807 942 108 75 other,
929 942 60 75 but
1004 942 54 75 are
1075 942 43 75 all
1135 942 77 75 con-

176 989 114 75 nedted
305 989 45 75 by
366 989 19 75 a
400 989 69 75 thin
487 989 198 75 aponeurofis
701 989 89 75 fixed
805 989 36 75 to
857 989 86 75 their
958 989 110 75 edges.

224 1035 97 75 From
337 1035 115 75 thence
474 1035 78 75 they
573 1035 59 75 run
659 1035 55 75 up.
728 1035 180 75 obliquely,
932 1035 169 75 diverging
1122 1035 86 75 from

176 1083 57 75 the
248 1083 176 75 apophyfes
437 1083 11 75 ;
475 1083 76 75 and,
568 1083 171 75 beginning
755 1083 34 75 to
807 1083 39 75 be
861 1083 99 75 flefhy
975 1083 33 75 at
1024 1083 86 75 their
1120 1083 91 75 inner

176 1130 37 75 or
229 1130 140 75 anterior
384 1130 91 75 fides,
501 1130 78 75 they
604 1130 167 75 terminate
788 1130 99 75 above
904 1130 32 75 in
953 1130 91 75 fmall
1060 1130 149 75 roundifh

175 1175 149 75 tendons,
350 1175 137 75 inferted
511 1175 34 75 in
568 1175 55 75 the
643 1175 202 75 extremities
870 1175 41 75 of
930 1175 55 75 the
1002 1175 92 75 feven
1110 1175 100 75 upper

176 1221 172 75 tranfverfe
366 1221 176 75 apophyfes
560 1221 40 75 of
611 1221 56 75 the
685 1221 94 75 back,
805 1221 63 75 and
886 1221 32 75 in
936 1221 55 75 the
1016 1221 193 75 neighbour-

174 1267 237 75 ing-ligaments
429 1267 40 75 of
481 1267 42 75 all
541 1267 56 75 the
614 1267 70 75 true
702 1267 78 75 ribs.

221 1314 77 75 The
315 1314 93 75 other
423 1314 133 75 inferior
571 1314 150 75 infertion
738 1314 124 75 wholly
877 1314 109 75 fiefiiy,
1011 1314 25 75 is
1054 1314 106 75 partly
1175 1314 34 75 in

175 1361 55 75 the
244 1361 93 75 inner
349 1361 38 75 or
403 1361 135 75 forefide
554 1361 38 75 of
604 1361 55 75 the
680 1361 199 75 aponeurofis
896 1361 40 75 of
947 1361 55 75 the
1018 1361 188 75 facro-lum-

173 1408 99 75 baris,
297 1408 63 75 and
382 1408 106 75 partly
504 1408 33 75 in
553 1408 56 75 the
638 1408 98 75 upper
752 1408 127 75 portion
896 1408 40 75 of
947 1408 55 75 the
1019 1408 35 75 os
1072 1408 134 75 facrum,

173 1454 97 75 being
285 1454 85 75 from
387 1454 115 75 thence
526 1454 174 75 continued
723 1454 35 75 to
784 1454 56 75 the
860 1454 91 75 great
971 1454 175 75 tuberofity
1172 1454 41 75 of

175 1500 56 75 the
249 1500 36 75 os
302 1500 115 75 illium.

221 1547 99 75 From
337 1547 114 75 thence
467 1547 64 75 this
549 1547 140 75 uniform
707 1547 80 75 m&fs
804 1547 41 75 of
856 1547 98 75 flefhy
969 1547 95 75 fibres
1078 1547 74 75 runs
1164 1547 43 75 up

173 1594 30 75 in
229 1594 18 75 a
263 1594 109 75 courfe
393 1594 111 75 almofl
519 1594 112 75 diredt,
657 1594 130 75 croffing
804 1594 56 75 the
877 1594 169 75 tendinous
1064 1594 143 75 portions

172 1639 106 75 which
295 1639 55 75 are
364 1639 91 75 more
472 1639 132 75 oblique
616 1639 9 75 ;
653 1639 63 75 and
735 1639 70 75 join
828 1639 55 75 the
905 1639 133 75 inferior
1053 1639 94 75 fibres
1171 1639 40 75 of

173 1686 56 75 the
242 1686 258 75 facro-lumbaris
518 1686 43 75 by
572 1686 87 75 large
675 1686 140 75 fafciculi
832 1686 137 75 inferted
984 1686 34 75 in
1034 1686 56 75 the
1107 1686 99 75 tranf-

172 1733 88 75 verfe
277 1733 60 75 and
355 1733 133 75 oblique
504 1733 176 75 apophyfes
696 1733 40 75 of
746 1733 56 75 the
820 1733 152 75 vertebra
983 1733 43 75 of
1036 1733 56 75 the
1107 1733 96 75 loins.

172 1779 76 75 The
264 1779 95 75 fibres
375 1779 41 75 of
433 1779 64 75 this
520 1779 128 75 portion
664 1779 42 75 go
726 1779 188 75 afterwards
931 1779 35 75 to
982 1779 57 75 the
1054 1779 78 75 ribs,
1150 1779 55 75 be-

173 1825 54 75 ing
243 1825 138 75 inferted
397 1825 43 75 by
467 1825 109 75 planes
604 1825 89 75 more
720 1825 38 75 or
775 1825 59 75 lefs
850 1825 109 75 fiefiiy,
984 1825 32 75 in
1034 1825 54 75 the
1105 1825 101 75 lower

172 1872 124 75 convex
312 1872 81 75 edge
409 1872 40 75 of
461 1872 41 75 all
520 1872 56 75 the
593 1872 77 75 falfe
699 1872 76 75 ribs,
801 1872 144 75 between
971 1872 55 75 the
1051 1872 153 75 condyles

173 1918 35 75 or
225 1918 198 75 tuberofities
439 1918 65 75 and
526 1918 55 75 the
598 1918 122 75 angles.

218 1967 48 75 At
282 1967 57 75 the
354 1967 82 75 fixth
453 1967 39 75 or
507 1967 131 75 feventh
654 1967 150 75 vertebra
828 1967 40 75 of
890 1967 55 75 the
968 1967 94 75 back,
1088 1967 62 75 one
1166 1967 38 75 or

170 2012 89 75 triore
275 2012 46 75 of
333 2012 55 75 the
405 2012 169 75 tendinous
602 2012 146 75 portions
765 2012 89 75 often
873 2012 231 75 communicate
1120 2012 81 75 with

170 2058 85 75 fome
271 2058 141 75 fafciculi
429 2058 40 75 of
489 2058 56 75 the
562 2058 244 75 femi-fpinalis,.
819 2058 37 75 or
880 2058 320 75 tranfverfo-fpinalis

172 2105 95 75 dorfi.

252 2210 326 75 SPINALIS
621 2210 212 75 DORSI
874 2210 244 75 MAJOR.

215 2291 102 75 This
338 2291 27 75 is
390 2291 20 75 a
432 2291 110 75 pretty
557 2291 77 75 long
650 2291 70 75 and^
737 2291 122 75 flender
880 2291 131 75 mufcle,
1036 2291 89 75 lying
1145 2291 58 75 up-

170 2337 40 75 on
226 2337 57 75 the
299 2337 112 75 lateral
432 2337 72 75 part
520 2337 42 75 of
571 2337 56 75 the
644 2337 200 75 extremities
872 2337 42 75 of
934 2337 56 75 the
1012 2337 100 75 fpinal
1128 2337 76 75 apo-

173 2384 101 75 phyfis
292 2384 41 75 of
346 2384 55 75 the
418 2384 93 75 back.

216 2429 31 75 It
264 2429 26 75 is
308 2429 169 75 compofed
494 2429 41 75 of
555 2429 120 75 feveral
692 2429 156 75 mufcular
875 2429 144 75 fafciculi
1044 2429 40 75 of
1108 2429 95 75 diffe-

168 2476 71 75 rent
255 2476 140 75 lengths,
423 2476 117 75 which,
566 2476 131 75 croffing
712 2476 79 75 each
808 2476 105 75 other,
940 2476 52 75 are
1009 2476 137 75 inferted
1158 2476 46 75 la-

168 2523 116 75 terally
300 2523 44 75 by
362 2523 91 75 fmall
472 2523 135 75 tendons
623 2523 30 75 in
673 2523 54 75 the
744 2523 98 75 fpinal
859 2523 176 75 apophyfes
1052 2523 85 75 from
1150 2523 55 75 the

168 2570 127 75 fecond,
327 2570 100 75 third,
461 2570 38 75 or
531 2570 109 75 fourth
670 2570 148 75 vertebra
846 2570 40 75 of
908 2570 56 75 the
995 2570 104 75 back;
1142 2570 64 75 and

167 2616 193 75 fometimes,
386 2616 125 75 though
527 2616 133 75 feldom,
685 2616 86 75 from
782 2616 55 75 the
854 2616 57 75 laid
928 2616 39 75 of
975 2616 55 75 the
1048 2616 94 75 neck,
1166 2616 39 75 or

167 2660 64 75 firft
247 2660 41 75 of
301 2660 57 75 the
377 2660 94 75 back,
498 2660 42 75 all
556 2660 55 75 the
629 2660 70 75 way
717 2660 34 75 to
767 2660 55 75 the
834 2660 63 75 firfl
914 2660 36 75 or
967 2660 116 75 fecond
1099 2660 105 75 verte-

168 2706 57 75 bra
237 2706 40 75 of
288 2706 59 75 the
355 2706 95 75 loins,
469 2706 77 75 with
560 2706 117 75 feveral
691 2706 156 75 irregular
859 2706 226 75 decufiations,
1096 2706 108 75 which

167 2753 80 75 vary
262 2753 33 75 in
312 2753 150 75 different
473 2753 155 75 fubjedts.

216 2859 327 75 SPINALES
579 2859 211 75 DORSI
823 2859 40 75 M
882 2859 273 75 INGRES.

214 2933 133 75 These
366 2933 133 75 mufcles
513 2933 53 75 are
583 2933 41 75 of
642 2933 68 75 two
727 2933 107 75 kinds.
885 2933 96 75 Some
998 2933 42 75 go
1056 2933 148 75 laterally

167 2980 84 75 from
278 2980 56 75 the
350 2980 175 75 extremity
541 2980 40 75 of
600 2980 59 75 cne
684 2980 99 75 fpinal
802 2980 166 75 apophyfis
994 2980 34 75 to
1047 2980 155 75 another;

1238 130 33 75 r
1388 130 41 75 O
1546 130 49 75 M
1711 130 52 75 Y.

2226 130 108 75 2!^

1273 192 93 75 being
1385 192 90 75 often
1493 192 110 75 mixed
1620 192 79 75 with
1716 192 56 75 the
1788 192 87 75 fhort
1891 192 142 75 fafciculi
2049 192 41 75 of
2106 192 57 75 the
2178 192 130 75 fpinalis

1270 238 114 75 major.
1432 238 78 75 The
1527 238 59 75 reft
1603 238 43 75 lie
1663 238 135 75 diredtly
1819 238 144 75 between
1980 238 56 75 the
2053 238 199 75 extremities
2270 238 43 75 of

1271 286 63 75 two
1354 286 233 75 neighbouring
1602 286 97 75 fpinal
1717 286 187 75 apophyfes,
1929 286 96 75 being
2039 286 166 75 feparated
2220 286 86 75 from

1269 332 85 75 their
1380 332 127 75 fellows
1534 332 41 75 on
1602 332 56 75 the
1681 332 94 75 other
1802 332 63 75 fide
1889 332 45 75 by
1948 332 56 75 the
2020 332 99 75 fpinal
2135 332 169 75 ligament.

1268 378 99 75 They
1389 378 53 75 are
1464 378 127 75 fmaller
1613 378 63 75 and
1704 378 127 75 thinner
1859 378 78 75 than
1962 378 90 75 thofe
2074 378 40 75 of
2135 378 56 75 the
2207 378 96 75 neck,

1267 425 62 75 and
1346 425 54 75 are
1416 425 152 75 properly
1583 425 126 75 enough
1727 425 125 75 termed
1868 425 257 75 inter-fpinales.

1265 529 500 75 TRANSVERSALES
1800 529 182 75 DORSI
2013 529 287 75 MINORES.

1314 605 112 75 Some
1441 605 171 75 particular
1628 605 135 75 mufcles
1779 605 40 75 of
1829 605 65 75 this
1912 605 79 75 kind
2008 605 53 75 are
2087 605 102 75 found
2212 605 89 75 fixed

1265 650 35 75 to
1316 650 56 75 the
1388 650 201 75 extremities
1604 650 41 75 of
1655 650 57 75 the
1734 650 92 75 three
1840 650 110 75 lowed:
1967 650 174 75 tranfverfe
2157 650 143 75 apophy-

1264 698 47 75 fes
1329 698 40 75 of
1381 698 55 75 the
1452 698 95 75 back.
1594 698 79 75 The
1688 698 61 75 reft
1766 698 54 75 are
1837 698 43 75 all
1896 698 33 75 in
1939 698 87 75 fome
2043 698 140 75 meafure
2197 698 103 75 conti-

1264 746 146 75 nuations
1427 746 41 75 of
1478 746 55 75 the
1549 746 213 75 tranfverfalis
1778 746 115 75 major.

1266 850 300 75 Semi-SpinalIs
1580 850 76 75 five
1679 850 459 75 Transverso-Spinalis
2159 850 138 75 Dorsi.

1309 932 101 75 This
1428 932 27 75 is
1472 932 19 75 a
1507 932 98 75 flefhy
1624 932 95 75 mafs,
1745 932 119 75 which,
1889 932 85 75 from
1988 932 42 75 all
2047 932 56 75 the
2119 932 98 75 fpinal
2235 932 63 75 and

1262 978 173 75 tranfverfe
1451 978 175 75 apophyfes
1643 978 42 75 of
1695 978 56 75 the
1768 978 82 75 back
1874 978 63 75 and
1961 978 96 75 loins,
2083 978 27 75 is
2134 978 165 75 extended

1260 1023 69 75 into
1344 1023 125 75 diftindt
1490 1023 141 75 fafcfculi
1648 1023 77 75 over
1741 1023 55 75 the
1812 1023 155 75 vertebra
1987 1023 202 75 themfelves.

1308 1069 32 75 It
1355 1069 31 75 is
1400 1069 92 75 made
1508 1069 57 75 up,
1579 1069 66 75 like
1661 1069 71 75 that
1744 1069 44 75 of
1799 1069 57 75 the
1870 1069 94 75 neck,
1982 1069 41 75 of
2033 1069 119 75 feveral
2165 1069 132 75 oblique

1261 1117 193 75 converging
1471 1117 158 75 vertebral
1646 1117 147 75 mufcles,
1817 1117 57 75 the
1890 1117 181 75 uppermoft
2087 1117 40 75 of
2130 1117 8 75 '
2138 1117 113 75 which
2268 1117 29 75 is

1260 1164 88 75 fixed
1378 1164 105 75 below
1515 1164 35 75 to
1579 1164 54 75 the
1661 1164 86 75 third
1776 1164 175 75 tranfverfe
1976 1164 170 75 apophyfis
2176 1164 41 75 of
2239 1164 59 75 the

1260 1211 94 75 back,
1388 1211 63 75 and
1479 1211 100 75 above
1606 1211 37 75 to
1670 1211 54 75 the
1753 1211 64 75 firft
1844 1211 99 75 fpinal
1975 1211 178 75 apophyfis.
2217 1211 80 75 The

1256 1258 110 75 loweft
1381 1258 27 75 is
1425 1258 87 75 fixed
1528 1258 105 75 below
1651 1258 36 75 to
1703 1258 55 75 the
1775 1258 85 75 third
1879 1258 173 75 tranfveife
2075 1258 167 75 apophyfis
2260 1258 41 75 of

1260 1304 55 75 the
1336 1304 97 75 loins,
1459 1304 63 75 and
1538 1304 101 75 above
1662 1304 36 75 to
1722 1304 54 75 the
1792 1304 57 75 laft
1865 1304 99 75 fpinal
1982 1304 164 75 apophyfis
2176 1304 40 75 of
2239 1304 56 75 the

1260 1351 94 75 back.

1305 1398 100 75 They
1429 1398 74 75 may
1519 1398 40 75 be
1575 1398 131 75 divided
1732 1398 70 75 into
1828 1398 160 75 external,
2014 1398 104 75 which
2149 1398 53 75 are
2230 1398 66 75 firft

1259 1447 214 75 difcovered;.
1493 1447 62 75 and
1582 1447 150 75 internal,
1758 1447 105 75 which
1885 1447 43 75 lie
1945 1447 218 75 immediately
2179 1447 42 75 on
2239 1447 70 75 the:

1258 1492 167 75 vertebra.
1473 1492 77 75 The
1567 1492 159 75 external,
1743 1492 86 75 from
1846 1492 56 75 the
1920 1492 63 75 firft
2010 1492 150 75 vertebra
2176 1492 35 75 to
2238 1492 59 75 the

1257 1537 142 75 feventh,
1425 1537 193 75 inclufively,
1647 1537 114 75 appear
1779 1537 34 75 to
1831 1537 39 75 be
1899 1537 114 75 longer
2030 1537 78 75 than
2123 1537 56 75 the
2195 1537 117 75 inter-,

1258 1587 65 75 nal,
1346 1587 107 75 which
1471 1587 53 75 are
1540 1587 136 75 covered
1694 1587 42 75 by
1753 1587 102 75 them.

1303 1701 347 75 Transverso-
1661 1701 240 75 Spinalis
1941 1701 302 75 Lumborum,

1526 1746 151 75 Sacer
1711 1746 307 75 Veteribus.

1302 1827 99 75 This
1415 1827 116 75 mufcle
1547 1827 26 75 is
1591 1827 168 75 compofed
1773 1827 40 75 of
1824 1827 119 75 feveral
1956 1827 131 75 oblique
2100 1827 194 75 converging

1255 1871 46 75 of'
1301 1871 300 75 tranlverfo-fpinal
1629 1871 145 75 mufcles,
1801 1871 31 75 in
1853 1871 55 75 the
1931 1871 84 75 fame
2043 1871 131 75 manner
2196 1871 33 75 as
2258 1871 35 75 in

1255 1920 55 75 the
1326 1920 82 75 back
1425 1920 62 75 and
1503 1920 102 75 neck;
1633 1920 63 75 and
1711 1920 32 75 if
1763 1920 57 75 lies
1848 1920 142 75 between
2020 1920 55 75 the
2103 1920 98 75 fpinal
2230 1920 65 75 and

1254 1968 128 75 oblique
1401 1968 174 75 apophyfes
1598 1968 39 75 of
1656 1968 54 75 tire
1727 1968 97 75 loins,
1856 1968 154 75 reaching
2034 1968 36 75 to
2098 1968 56 75 the
2182 1968 36 75 os
2243 1968 48 75 fa-

1255 2014 101 75 crum.

1300 2060 77 75 The
1393 2060 110 75 loweft
1518 2060 41 75 of
1581 2060 88 75 thefe
1697 2060 132 75 mufcles
1848 2060 52 75 are
1916 2060 89 75 fixed
2021 2060 35 75 to
2075 2060 54 75 die
2146 2060 146 75 fnperior
2305 2060 6 75 >

1254 2107 112 75 lateral
1384 2107 86 75 parts
1487 2107 41 75 of
1547 2107 54 75 the
1618 2107 36 75 os
1671 2107 135 75 facrum,
1833 2107 35 75 to
1886 2107 53 75 the
1959 2107 208 75 ligamentum
2184 2107 107 75 facro-

1255 2153 139 75 iliacum,
1420 2153 63 75 and
1498 2153 36 75 to
1558 2153 56 75 the
1631 2153 152 75 pofterior
1800 2153 141 75 fuperipr
1958 2153 85 75 fpine
2060 2153 41 75 of
2112 2153 56 75 the
2182 2153 38 75 Os
2237 2153 52 75 ili-

1254 2200 66 75 um.
1369 2200 79 75 The
1471 2200 60 75 reft
1548 2200 54 75 are
1618 2200 88 75 fixed
1728 2200 35 75 to
1787 2200 55 75 the
1870 2200 91 75 three
1985 2200 109 75 loweft
2116 2200 175 75 tranfverfe

1254 2246 190 75 apophyfes,
1469 2246 65 75 and
1546 2246 36 75 to
1606 2246 55 75 the
1678 2246 74 75 four
1767 2246 110 75 loweft
1893 2246 130 75 oblique
2049 2246 176 75 apophyfes
2253 2246 43 75 of

1251 2292 57 75 the
1319 2292 95 75 loins,
1439 2292 63 75 and
1518 2292 35 75 to
1572 2292 83 75 their
1671 2292 110 75 lateral
1797 2292 211 75 tuberofities.
2059 2292 97 75 From
2174 2292 116 75 thence

1252 2340 79 75 they
1347 2340 58 75 fun
1423 2340 42 75 up
1483 2340 34 75 to
1533 2340 42 75 all
1593 2340 53 75 the
1665 2340 97 75 fpinal
1779 2340 175 75 apophyfes
1967 2340 39 75 of
2019 2340 86 75 thele
2118 2340 50 75 vei
2176 2340 111 75 tebra,
2321 2322 4 49 :

1253 2387 55 75 the
1326 2387 158 75 external,
1509 2387 37 75 or
1563 2387 90 75 rhofe
1670 2387 70 75 that
1758 2387 115 75 appear
1885 2387 75 75 firft,
1979 2387 93 75 being
2081 2387 116 75 longer
2209 2387 78 75 than
2303 2387 7 75 '

1254 2432 55 75 the
1325 2432 149 75 internal,
1500 2432 104 75 which
1627 2432 42 75 lie
1692 2432 221 75 immediately
1928 2432 42 75 on
1986 2432 56 75 the
2057 2432 168 75 vertebra,
2252 2432 34 75 e-

1252 2479 148 75 fpecially
1419 2479 124 75 toward
1559 2479 54 75 the
1630 2479 99 75 lower
1745 2479 84 75 part.

1256 2582 229 75 Spinales
1511 2582 30 75 &
1564 2582 398 75 Transversales
1988 2582 317 75 Lumborum.',

1300 2662 136 75 There
1457 2662 52 75 are
1528 2662 84 75 fome
1634 2662 140 75 fafciculi
1791 2662 107 75 which
1913 2662 59 75 run
1989 2662 43 75 up
2049 2662 84 75 from
2154 2662 57 75 the
2233 2662 51 75 fn-

1254 2707 105 75 perior
1375 2707 78 75 falfe
1469 2707 99 75 fpines
1586 2707 40 75 of
1638 2707 55 75 the
1710 2707 34 75 os
1762 2707 134 75 facrum,
1922 2707 35 75 to
1982 2707 56 75 the
2060 2707 101 75 lower
2185 2707 101 75 fpinal

1255 2754 172 75 apophyfes
1444 2754 40 75 of
1495 2754 55 75 the
1570 2754 94 75 loins,
1689 2754 106 75 which
1813 2754 74 75 may
1906 2754 39 75 be
1962 2754 118 75 looked
2097 2754 84 75 upon
2199 2754 33 75 as
2249 2754 36 75 fo

1255 2801 93 75 many
1365 2801 133 75 fpinales
1515 2801 181 75 lumborum
1713 2801 149 75 majores.
1922 2801 111 75 There
2062 2801 53 75 are
2143 2801 142 75 likewife

1253 2848 85 75 fome
1358 2848 133 75 fpinales
1507 2848 137 75 minores
1668 2848 145 75 between
1841 2848 54 75 the
1923 2848 98 75 fpinal
2048 2848 175 75 apophyfes
2248 2848 45 75 of

1253 2896 56 75 the
1330 2896 94 75 loins,
1450 2896 61 75 and
1529 2896 220 75 tranfverfales
1767 2896 137 75 miriores
1929 2896 142 75 between
2098 2896 54 75 the
2181 2896 102 75 tranf-

1251 2941 86 75 verfe
1354 2941 187 75 apophyfes,
1563 2941 113 75 which
1690 2941 53 75 are
1766 2941 180 75 fometimes
1974 2941 41 75 of
2035 2941 18 75 a
2069 2941 214 75 confiderable

1249 2989 148 75 breadth.
1465 2989 7 75 -
1498 2989 8 75 '

2029 3044 251 75 Quadratus
