2428 3377
114 150 149 75 Parti.

656 150 42 75 A
815 150 43 75 N
976 150 40 75 A
1138 150 39 75 T

162 217 87 75 Fig.
277 217 34 75 2.
364 217 79 75 The
463 217 136 75 internal
615 217 81 75 view
714 217 39 75 of
764 217 55 75 the
833 217 55 75 Os
902 217 195 75 Frontis.

112 290 32 75 a,
169 290 78 75 The
267 290 142 75 fuperior
433 290 142 75 ferrated
591 290 92 75 edge,
712 290 103 75 which
832 290 91 75 aflifts
940 290 35 75 to
989 290 83 75 form
1089 290 56 75 the

161 336 129 75 coronal
318 336 120 75 future,
494 336 34 75 b,
560 336 77 75 The
666 336 143 75 external
840 336 132 75 angular
1003 336 140 75 procefs.

161 383 30 75 c,
216 383 77 75 The
308 383 138 75 internal
463 383 131 75 angular
618 383 138 75 procefs.
803 383 34 75 d,
862 383 77 75 The
962 383 83 75 nafal
1070 383 74 75 pro-

161 430 78 75 cefs.
289 430 29 75 e,
343 430 77 75 The
436 430 123 75 orbitar
573 430 139 75 procefs.
760 430 25 75 f,
809 430 77 75 The
910 430 121 75 frontal
1048 430 94 75 finus.

160 476 33 75 g,
217 476 78 75 The
311 476 126 75 fagittal
453 476 119 75 future,
597 476 106 75 which
723 476 49 75 (as
792 476 93 75 here)
910 476 27 75 is
962 476 180 75 fometimes

161 521 172 75 continued
348 521 37 75 to
401 521 57 75 the
475 521 87 75 nofe.

115 616 89 75 Fig.
224 616 32 75 3.
297 616 77 75 The
391 616 136 75 internal
544 616 62 75 fide
623 616 40 75 of
674 616 56 75 the
745 616 63 75 left
825 616 202 75 Parietal
1045 616 97 75 bone.

114 688 30 75 a,
169 688 49 75 Its
233 688 142 75 fuperior
387 688 93 75 edge,
497 688 119 75 which,
630 688 113 75 joined
754 688 78 75 with
849 688 55 75 the
921 688 105 75 other,
1042 688 101 75 forms

160 734 57 75 the
232 734 126 75 fagittal
375 734 119 75 future,
542 734 34 75 b,
601 734 77 75 The
697 734 139 75 anterior
855 734 93 75 edge,
974 734 104 75 which
1097 734 46 75 af-

165 780 64 75 fifts
246 780 33 75 in
302 780 69 75 the"’
385 780 172 75 formation
575 780 40 75 df
624 780 56 75 the
697 780 129 75 coronal
842 780 120 75 future,
1011 780 30 75 c,
1065 780 77 75 The

164 826 133 75 inferior
313 826 81 75 edge
406 826 53 75 for
473 826 56 75 the
541 826 169 75 fcjaamous
722 826 120 75 future,
891 826 35 75 d,
949 826 78 75 The
1043 826 101 75 pofte-

164 873 68 75 rior
259 873 79 75 edge
355 873 52 75 for
423 873 55 75 the
505 873 165 75 lambdoid
696 873 118 75 future,
864 873 30 75 e,
920 873 33 75 A
969 873 174 75 deprefilon

160 920 92 75 made
268 920 44 75 by
327 920 55 75 the
397 920 115 75 lateral
527 920 94 75 finu$.
671 920 26 75 f.
721 920 77 75 The
815 920 101 75 prints
934 920 40 75 of
988 920 56 75 the
1056 920 86 75 prin-

159 967 83 75 cipal
259 967 107 75 artery
382 967 40 75 of
439 967 56 75 the
511 967 80 75 dura
609 967 115 75 mater.

114 1061 90 75 Fig.
232 1061 33 75 4.
314 1061 77 75 The
413 1061 134 75 internal
565 1061 82 75 view
662 1061 41 75 of
722 1061 55 75 the
805 1061 221 75 Occipital
1044 1061 96 75 bone.

114 1129 20 75 a
150 1129 29 75 a,
204 1129 78 75 The
298 1129 67 75 two
389 1129 92 75 fides,
505 1129 106 75 which
637 1129 76 75 aflifi:
729 1129 35 75 to
787 1129 85 75 form
900 1129 55 75 the
977 1129 167 75 lambdoid

160 1175 119 75 future,
329 1175 32 75 b,
386 1175 78 75 The
480 1175 175 75 extremity
677 1175 40 75 of
737 1175 56 75 the
810 1175 177 75 cuneiform
1004 1175 137 75 procels,

160 1221 107 75 where
283 1221 26 75 it
321 1221 86 75 joins
425 1221 54 75 the
495 1221 154 75 fphenoid
664 1221 94 75 bone,
807 1221 18 75 c
837 1221 30 75 c.
892 1221 75 75 The
984 1221 65 75 two
1067 1221 75 75 con-

162 1267 113 75 dyloid
298 1267 166 75 proceifes,
489 1267 106 75 which
617 1267 166 75 articulate
806 1267 56 75 the
884 1267 178 75 hea^with
1088 1267 55 75 the

162 1315 100 75 fpine.
311 1315 21 75 d
349 1315 34 75 d,
408 1315 76 75 The
501 1315 99 75 prints
617 1315 92 75 made
730 1315 44 75 by
797 1315 55 75 the
875 1315 267 75 polterior'lobes

163 1361 39 75 of
214 1361 55 75 the
285 1361 102 75 brain,
437 1361 17 75 e
471 1361 30 75 e,
527 1361 76 75 The
627 1361 102 75 prints
756 1361 92 75 made
872 1361 43 75 by
931 1361 55 75 the
1002 1361 90 75 lobes
1108 1361 41 75 of

164 1406 54 75 the
241 1406 205 75 cerebellum,
499 1406 25 75 f,
549 1406 77 75 The
655 1406 171 75 cruciform
849 1406 103 75 ridge,
1009 1406 33 75 g,
1069 1406 75 75 The

163 1452 142 75 foramen
322 1452 161 75 magnum,
508 1452 140 75 through
674 1452 106 75 which
804 1452 57 75 the
884 1452 98 75 fpinal
1007 1452 137 75 marrow

165 1499 111 75 paffes.
325 1499 35 75 h,
386 1499 77 75 The
487 1499 143 75 foramen
648 1499 151 75 linguale,
824 1499 53 75 for
891 1499 56 75 the
971 1499 123 75 pafiage
1110 1499 41 75 of

163 1547 56 75 the
236 1547 91 75 ninth
344 1547 68 75 pair
433 1547 40 75 of
489 1547 125 75 nervjes.

118 1640 87 75 Fig.
226 1640 33 75 5.
293 1640 77 75 The
382 1640 136 75 internal
529 1640 63 75 fide
604 1640 40 75 of
651 1640 54 75 the
718 1640 85 75 right
815 1640 220 75 Temporal
1049 1640 95 75 bone.

118 1702 31 75 a.
173 1702 78 75 The
277 1702 101 75 upper
401 1702 81 75 edge
506 1702 106 75 which
636 1702 100 75 forms
761 1702 55 75 the
840 1702 168 75 fquamous
1024 1702 120 75 future,

165 1748 33 75 b,
212 1748 76 75 The
300 1748 72 75 pars
384 1748 230 75 mammillaris.
646 1748 30 75 c.
690 1748 75 75 The
777 1748 71 75 pars
859 1748 138 75 patrofa.
1022 1748 33 75 d,
1068 1748 77 75 The

166 1794 184 75 zygomatic
367 1794 137 75 procefs.
554 1794 29 75 e,
608 1794 80 75 The
701 1794 115 75 ftyloid
831 1794 138 75 procefs.
1018 1794 26 75 f,
1068 1794 79 75 The

165 1841 96 75 entry
277 1841 41 75 of
328 1841 56 75 the
400 1841 150 75 auditory
566 1841 107 75 nerve.

118 1935 87 75 Fig.
232 1935 34 75 6.
312 1935 78 75 The
416 1935 136 75 internal
576 1935 82 75 view
682 1935 39 75 of
744 1935 56 75 the
824 1935 199 75 Sphenoid
1049 1935 96 75 bone.

120 2004 18 75 a
156 2004 30 75 a,
210 2004 77 75 The
306 2004 156 75 temporal
479 2004 165 75 procelfes.
695 2004 21 75 b
734 2004 33 75 b,
792 2004 76 75 The
884 2004 173 75 pterygoid
1071 2004 75 75 pro-

165 2051 108 75 ceffes.
306 2051 18 75 c
335 2051 30 75 c,
382 2051 77 75 The
471 2051 124 75 fpinous
612 2051 167 75 procefles.
812 2051 23 75 d
850 2051 35 75 d,
901 2051 77 75 The
995 2051 153 75 pofterior

166 2098 118 75 clinoid
297 2098 166 75 procefles.
512 2098 16 75 e
546 2098 29 75 e.
599 2098 77 75 The
692 2098 139 75 anterior
848 2098 117 75 clinoid
977 2098 169 75 procefies.

165 2143 28 75 f,
209 2143 77 75 The
300 2143 74 75 fella
386 2143 132 75 turcica,
535 2143 52 75 for
599 2143 132 75 lodging
743 2143 54 75 the
810 2143 150 75 glandula
970 2143 177 75 pituitarra.

167 2189 33 75 g.
215 2189 77 75 The
308 2189 141 75 anteHor
458 2189 138 75 procefs,
614 2189 105 75 which
732 2189 85 75 joins
830 2189 55 75 the
897 2189 144 75 ethmoid
1051 2189 96 75 bone.

121 2282 86 75 Fig.
237 2282 32 75 7.
317 2282 77 75 The
419 2282 144 75 exterior
587 2282 83 75 view
694 2282 40 75 of
752 2282 55 75 the
832 2282 190 75 Ethmoid
1050 2282 96 75 bone.

122 2353 29 75 a.
175 2353 77 75 The
279 2353 73 75 pars
380 2353 105 75 plana,
527 2353 105 75 which
661 2353 100 75 forms
797 2353 71 75 part
896 2353 40 75 of
964 2353 56 75 the
1048 2353 98 75 orbit,

169 2399 33 75 b,
226 2399 77 75 The
319 2399 36 75 os
374 2399 199 75 fpongiofum
587 2399 153 75 fuperius.
791 2399 30 75 c,
846 2399 76 75 The
938 2399 84 75 nafal
1038 2399 110 75 lamel-

167 2445 45 75 la.
262 2445 34 75 d,
321 2445 77 75 The
413 2445 145 75 ethmoid
573 2445 90 75 cells,
712 2445 30 75 e,
768 2445 105 75 Crifta
888 2445 89 75 galli.

152 2539 89 75 Fig.
267 2539 35 75 8.
349 2539 78 75 The
454 2539 151 75 polterior
630 2539 81 75 view
737 2539 41 75 of
798 2539 56 75 the
877 2539 106 75 Ossa.
1002 2539 113 75 Nasi.

122 2603 31 75 a,
168 2603 107 75 Their
290 2603 143 75 fuperior
448 2603 92 75 fides.
573 2603 32 75 b,
623 2603 106 75 Their
740 2603 132 75 inferior
883 2603 92 75 fides.
1000 2603 30 75 c,
1043 2603 105 75 Their

169 2648 143 75 exterior
327 2648 93 75 fides.
469 2648 34 75 d.
527 2648 104 75 Their
644 2648 138 75 joining.

123 2740 88 75 Fig.
230 2740 34 75 9.
305 2740 76 75 The
398 2740 62 75 fide
477 2740 40 75 of
528 2740 54 75 the
599 2740 51 75 Os
668 2740 156 75 Unguis
842 2740 78 75 next
937 2740 34 75 to
988 2740 55 75 the
1059 2740 86 75 nofe.

123 2802 32 75 a,
179 2802 76 75 The
271 2802 121 75 orbitar
407 2802 84 75 part,
540 2802 33 75 b,
597 2802 78 75 The
690 2802 173 75 lachrymal
884 2802 84 75 part,
1016 2802 30 75 c,
1070 2802 76 75 The

170 2849 120 75 furrov/
308 2849 143 75 between
467 2849 87 75 thsfe
573 2849 67 75 two
650 2849 130 75 convex
802 2849 99 75 parts.

125 2942 86 75 Fig.
241 2942 53 75 10.
342 2942 76 75 The
435 2942 152 75 poltarror
603 2942 81 75 view
699 2942 41 75 of
754 2942 56 75 the
834 2942 87 75 right
937 2942 48 75 Os
1002 2942 143 75 Mala:.

125 3003 29 75 a.
179 3003 77 75 The
271 3003 141 75 fuper-ior
427 3003 121 75 orbitar
563 3003 137 75 procefs.
749 3003 34 75 b,
808 3003 76 75 The
907 3003 132 75 inferior
1061 3003 85 75 orbi-

172 3051 97 75 Vol.
287 3051 29 75 I.
341 3051 72 75 No.
427 3051 33 75 8.

1034 3051 16 75 2

1298 144 37 75 O
1454 144 49 75 M
1619 144 53 75 Y.

2150 144 76 75 189

1245 210 52 75 tar
1320 210 138 75 procefs.
1507 210 30 75 c.
1561 210 77 75 The
1662 210 100 75 malar
1787 210 139 75 procefs.
1974 210 44 75 d,-
2032 210 76 75 The
2126 210 99 75 zygo-

1245 256 95 75 matic
1356 256 138 75 procefs.
1543 256 30 75 e,
1598 256 78 75 The
1691 256 136 75 internal
1843 256 122 75 orbitar
1980 256 138 75 procefs.

1195 350 87 75 Fig.
1312 350 55 75 11.
1416 350 33 75 A
1465 350 81 75 view
1561 350 40 75 of
1619 350 56 75 the
1691 350 207 75 lower^part,
1923 350 62 75 and
2012 350 63 75 fide
2094 350 78 75 next
2189 350 35 75 to

1244 396 54 75 the
1314 396 86 75 nofe,
1419 396 40 75 of
1469 396 55 75 the
1542 396 86 75 right
1644 396 54 75 Os
1714 396 256 75 Maxillare,
1988 396 80 75 with
2084 396 55 75 the
2154 396 70 75 Pa-

1246 442 230 75 late-bone,
1501 442 62 75 and
1580 442 52 75 Os
1655 442 255 75 Spongiosum
1929 442 200 75 Inferius.

1196 515 29 75 a,
1242 515 78 75 The
1332 515 83 75 nafal
1428 515 139 75 procefs.
1608 515 33 75 b,
1658 515 77 75 The
1752 515 104 75 tuv\er,
1876 515 31 75 at
1923 515 56 75 the
1996 515 57 75 top
2066 515 40 75 of
2118 515 107 75 which

1242 563 26 75 is
1285 563 56 75 the
1358 563 122 75 orbitar
1496 563 138 75 procefs,
1661 563 61 75 and
1739 563 112 75 within
1875 563 37 75 it,
1945 563 35 75 k.
2004 563 77 75 The
2098 563 126 75 antrum

1243 610 179 75 maxillare.
1472 610 30 75 c,
1527 610 76 75 The
1619 610 84 75 nafal
1719 610 99 75 fpine.
1866 610 35 75 d.
1926 610 77 75 The
2025 610 36 75 os
2078 610 146 75 fpongio-

1242 656 66 75 fum
1323 656 146 75 inferius.
1518 656 29 75 e,
1572 656 77 75 The
1665 656 220 75 palate-plate,
1943 656 25 75 f,
1994 656 76 75 The
2087 656 35 75 os
2140 656 86 75 paia-

1241 701 38 75 ti.
1329 701 32 75 g,
1387 701 76 75 The
1485 701 68 75 two
1569 701 111 75 dentes
1697 701 163 75 incifofes.
1908 701 36 75 h.
1970 701 76 75 The
2071 701 77 75 dens
2174 701 50 75 ca-

1241 749 104 75 ninus.
1395 749 23 75 i,
1443 749 77 75 The
1539 749 60 75 five
1614 749 112 75 dentes
1747 749 150 75 molares.

1337 842 87 75 Fig.
1457 842 54 75 12.
1560 842 77 75 The
1654 842 86 75 right
1756 842 297 75 Palate-Bone.

1195 906 30 75 a.
1241 906 75 75 The
1335 906 222 75 palate-plate,
1598 906 34 75 b,
1650 906 76 75 The
1742 906 171 75 pterygoid
1923 906 144 75 jirocefs.
2103 906 31 75 c.
2150 906 78 75 The

1241 953 84 75 nafal
1343 953 139 75 lamella,
1532 953 33 75 d,
1592 953 24 75 7
1627 953 40 75 he
1684 953 122 75 orbitar
1822 953 137 75 proeefs.

1194 1045 86 75 Fig.
1310 1045 55 75 13.
1413 1045 34 75 A
1463 1045 83 75 view
1572 1045 42 75 of
1635 1045 55 75 the
1718 1045 63 75 fide
1805 1045 80 75 next
1910 1045 36 75 to
1970 1045 56 75 the
2051 1045 117 75 mouth
2191 1045 42 75 of

1433 1091 54 75 the
1503 1091 61 75 left
1580 1091 63 75 fide
1661 1091 41 75 of
1713 1091 55 75 the
1788 1091 99 75 lower
1900 1091 79 75 jaw.

1194 1164 28 75 a,
1246 1164 78 75 The
1352 1164 161 75 fubftance
1529 1164 33 75 in
1585 1164 56 75 the
1665 1164 120 75 middle
1813 1164 41 75 of
1876 1164 55 75 the
1959 1164 86 75 chin,
2094 1164 33 75 b,
2153 1164 76 75 The

1239 1210 84 75 bafe.
1350 1210 29 75 c,
1398 1210 75 75 The
1486 1210 104 75 angle,
1611 1210 47 75 .d.
1674 1210 77 75 The
1763 1210 154 75 Coronoid
1929 1210 139 75 procefs.
2104 1210 31 75 e.
2152 1210 78 75 The

1242 1256 172 75 condyloid
1443 1256 138 75 procefs.
1630 1256 26 75 f,
1680 1256 77 75 The
1781 1256 94 75 entry
1899 1256 39 75 of
1961 1256 57 75 the
2043 1256 96 75 nerve
2167 1256 63 75 and

1241 1303 240 75 blood-velfels.
1531 1303 34 75 g.
1589 1303 77 75 The
1683 1303 61 75 five
1761 1303 149 75 molares.

1304 1396 88 75 Fig.
1421 1396 57 75 14.
1530 1396 34 75 A
1579 1396 224 75 Tooth-cut
1821 1396 288 75 perpendicularly.

1195 1472 30 75 a,
1236 1472 83 75 The
1331 1472 93 75 fibres
1435 1472 40 75 of
1482 1472 56 75 the
1550 1472 135 75 enamel,
1718 1472 34 75 b.
1769 1472 78 75 The
1858 1472 122 75 offeous
1992 1472 85 75 part,
2106 1472 30 75 c,
2152 1472 78 75 The

1241 1517 94 75 entry
1351 1517 33 75 at
1400 1517 55 75 the
1471 1517 89 75 point
1577 1517 41 75 of
1631 1517 52 75 the
1699 1517 86 75 root,
1810 1517 37 75 to
1873 1517 35 75 d.
1933 1517 76 75 The
2026 1517 134 75 channel
2177 1517 52 75 for

1248 1562 55 75 the
1318 1562 97 75 nerve
1431 1562 62 75 and
1508 1562 238 75 blood-vefi’els.

1196 1666 87 75 Fig.
1314 1666 53 75 15.
1417 1666 33 75 A
1466 1666 82 75 view
1564 1666 40 75 of
1615 1666 55 75 the
1686 1666 134 75 interior
1836 1666 121 75 furface
1983 1666 40 75 of
2045 1666 56 75 the
2127 1666 100 75 Base

1577 1710 41 75 of
1628 1710 55 75 the
1702 1710 146 75 Skull.

1197 1780 145 75 AAA,
1367 1780 77 75 The
1464 1780 67 75 two
1547 1780 103 75 tables
1674 1780 41 75 of
1734 1780 54 75 the
1804 1780 93 75 Ikull,
1923 1780 78 75 with
2031 1780 56 75 the
2112 1780 117 75 diploe.

1244 1828 29 75 B
1300 1828 45 75 B,
1374 1828 77 75 The
1483 1828 123 75 orbitar
1638 1828 154 75 procefles
1828 1828 40 75 of
1890 1828 57 75 the
1976 1828 144 75 frontal*
2140 1828 88 75 bone.

1245 1875 43 75 C,
1313 1875 76 75 The
1405 1875 93 75 crifta
1512 1875 89 75 galli,
1629 1875 80 75 with
1726 1875 56 75 the
1806 1875 284 75 cribriform-plate
2114 1875 42 75 of
2174 1875 56 75 the

1245 1919 140 75 et%moid
1398 1919 75 75 bone
1489 1919 42 75 on
1549 1919 79 75 bach
1644 1919 64 75 fide
1732 1919 41 75 of
1791 1919 40 75 it.
1881 1919 48 75 D,
1954 1919 77 75 The
2053 1919 177 75 cuneiform

1246 1966 123 75 procefs
1386 1966 40 75 of
1438 1966 55 75 the
1510 1966 32 75 os
1559 1966 158 75 occipitis.
1767 1966 44 75 E,
1835 1966 77 75 The
1930 1966 172 75 cruciform
2126 1966 102 75 ridge.

1245 2013 40 75 F,
1309 2013 77 75 The
1409 2013 143 75 foramen
1571 2013 147 75 magnum
1735 2013 52 75 for
1803 2013 56 75 the
1875 2013 123 75 paflage
2019 2013 41 75 of
2079 2013 56 75 the
2163 2013 66 75 me-

1246 2057 88 75 dulla
1350 2057 139 75 fpinalis.
1538 2057 48 75 G,
1611 2057 76 75 The
1710 2057 150 75 zygoma,
1885 2057 92 75 made
2000 2057 44 75 by
2067 2057 56 75 the
2141 2057 87 75 join-

1247 2105 54 75 ing
1317 2105 106 75 ofnhe
1440 2105 183 75 zygomatic
1647 2105 156 75 procefles
1825 2105 41 75 of
1884 2105 55 75 the
1969 2105 65 75 ofla
2049 2105 181 75 temporurh

1246 2151 61 75 and
1328 2151 156 75 cccipitis.
1533 2151 48 75 H,
1606 2151 77 75 The
1700 2151 71 75 pars
1789 2151 163 75 fquamofa
1975 2151 41 75 of
2026 2151 56 75 the
2099 2151 31 75 os
2148 2151 80 75 tem-

1239 2198 129 75 porum.
1417 2198 29 75 I,
1471 2198 77 75 The
1563 2198 73 75 pars
1652 2198 230 75 mammiHaris.
1929 2198 47 75 K,
2001 2198 76 75 The
2088 2198 72 75 pars
2171 2198 57 75 pe-

1247 2243 95 75 trofa.
1392 2243 44 75 L,
1461 2243 77 75 The
1554 2243 155 75 temporal
1728 2243 123 75 procefs
1864 2243 40 75 of
1914 2243 56 75 the
1977 2243 151 75 fphenoid
2139 2243 88 75 hone.

1246 2290 54 75 M,
1324 2290 77 75 The
1425 2290 138 75 anterior
1592 2290 118 75 clinoid
1735 2290 140 75 procefs.
1891 2290 43 75 of
1958 2290 53 75 the
2040 2290 88 75 right
2150 2290 76 75 fide.

1247 2337 47 75 N,
1319 2337 78 75 The
1414 2337 152 75 pofterior
1582 2337 119 75 clinoid
1718 2337 123 75 procefs
1859 2337 39 75 of
1906 2337 55 75 the
1975 2337 85 75 right
2072 2337 75 75 fide,
2165 2337 63 75 and

1247 2381 142 75 between
1405 2381 101 75 them,
1532 2381 45 75 O,
1602 2381 76 75 The
1703 2381 75 75 feila
1802 2381 135 75 turcica.
1991 2381 30 75 1.
2046 2381 76 75 The
2140 2381 85 75 fora-

1197 2429 5 75 •
1245 2429 72 75 men
1333 2429 141 75 opticum
1490 2429 47 75 of
1541 2429 56 75 the
1614 2429 59 75 left
1690 2429 74 75 fide.
1815 2429 35 75 2.
1875 2429 76 75 77ie
1974 2429 143 75 foramen
2140 2429 85 75 kce-

1246 2474 84 75 runi.
1381 2474 33 75 3,
1438 2474 77 75 The
1532 2474 144 75 foramen
1694 2474 185 75 rctundum.

1199 2577 87 75 Fig.
1316 2577 55 75 16.
1402 2577 76 75 The
1496 2577 130 75 frontal,
1645 2577 160 75 occipital,
1824 2577 163 75 fphenoid,
2009 2577 60 75 and
2082 2577 145 75 ethmoid

1245 2623 110 75 bones,
1381 2623 94 75 being
1498 2623 55 75 cut
1572 2623 275 75 perpendicularly
1862 2623 140 75 through
2019 2623 65 75 the'
2084 2623 139 75 middle,

1243 2670 62 75 and
1320 2670 56 75 the
1392 2670 97 75 nafal,
1523 2670 182 75 maxillary,
1735 2670 61 75 and
1812 2670 218 75 palate.bones
2055 2670 168 75 feparated

1244 2715 84 75 from
1344 2715 79 75 each
1439 2715 107 75 other,
1572 2715 55 75 the
1650 2715 133 75 interior
1806 2715 81 75 view
1904 2715 40 75 of
1962 2715 56 75 the
2033 2715 60 75 left
2109 2715 122 75 fide‘of

1245 2762 54 75 the
1316 2762 200 75 Cranium,
1530 2762 62 75 and
1607 2762 99 75 bones
1721 2762 40 75 of
1772 2762 55 75 the
1844 2762 130 75 Upper
1993 2762 94 75 Jaw,
2105 2762 52 75 are
2175 2762 49 75 re-

1244 2809 176 75 prelented.

1198 2880 33 75 A
1246 2880 47 75 A,
1317 2880 76 75 The
1412 2880 66 75 two
1491 2880 101 75 tables
1611 2880 62 75 and
1685 2880 102 75 diploe
1804 2880 40 75 of
1855 2880 55 75 the
1927 2880 119 75 frontal
2061 2880 63 75 and
2140 2880 83 75 occi-

1244 2926 78 75 pital
1339 2926 110 75 bones.
1498 2926 41 75 B,
1565 2926 76 75 The
1657 2926 129 75 coronal
1802 2926 118 75 future.
1956 2926 57 75 'C,
2038 2926 75 75 The
2126 2926 98 75 ferra-

1242 2973 56 75 ted
1313 2973 98 75 edges
1428 2973 40 75 of
1479 2973 54 75 the
1550 2973 146 75 parietal,
1721 2973 53 75 for
1789 2973 139 75 forming
1954 2973 54 75 the
2031 2973 125 75 fagittal
2173 2973 49 75 fu-

1244 3021 81 75 ture.
1375 3021 50 75 D,
1449 3021 26 75 7
1485 3021 39 75 h.
1546 3021 299 75 lambdoid-future.
1893 3021 144 75 E,'The
2053 3021 171 75 fquamous

1650 3067 16 75 3
1693 3067 29 75 B

2105 3067 119 75 future.
