2428 3377
152 141 102 75 Part
283 141 70 75 IV.

703 141 42 75 A
861 141 43 75 N
1020 141 43 75 A
1176 141 38 75 T

201 204 203 75 Afterwards
421 204 55 75 the
491 204 80 75 vena
587 204 182 75 epigaftrica
780 204 75 75 runs
868 204 142 75 upward,
1028 204 61 75 and
1097 204 85 75 joins

153 251 57 75 the
226 251 224 75 ramifications
466 251 41 75 of
525 251 56 75 the
597 251 197 75 mammaria.

201 297 120 75 Before
338 297 55 75 the
409 297 74 75 iliac
498 297 72 75 vein
590 297 70 75 gets
675 297 85 75 from
782 297 101 75 under
898 297 56 75 the
976 297 207 75 ligamentum

152 344 151 75 Fallopii,
327 344 27 75 it
375 344 93 75 fends
484 344 119 75 feveral
618 344 89 75 fmall
724 344 79 75 rami
820 344 35 75 to
871 344 55 75 the
948 344 233 75 neighbouring

151 389 178 75 lymphatic
354 389 112 75 glands
485 389 11 75 ;
523 389 63 75 and
612 389 218 75 immediately
856 389 201 75 afterwards,
1082 389 99 75 lofing

152 436 55 75 the
223 436 91 75 name
330 436 41 75 of
380 436 103 75 iliaca,
508 436 27 75 it
551 436 90 75 takes
659 436 71 75 that
748 436 40 75 of
799 436 156 75 cruralis.

197 480 77 75 The
296 480 214 75 hypegaftric,
535 480 38 75 or
594 480 136 75 internal
757 480 73 75 iliac
852 480 84 75 vein,
961 480 75 75 runs
1060 480 121 75 behind

149 528 56 75 the
220 528 74 75 iliac
318 528 118 75 artery,
461 528 85 75 from
568 528 107 75 which
699 528 56 75 the
771 528 166 75 following
961 528 153 75 branches
1136 528 43 75 go

150 574 70 75 out.

197 620 98 75 From
311 620 56 75 the
383 620 153 75 pofterior
552 620 37 75 or
606 620 124 75 convex
745 620 73 75 part
829 620 40 75 of
875 620 56 75 the
947 620 89 75 arch,
1054 620 25 75 it
1090 620 88 75 gives

151 667 18 75 a
196 667 121 75 branch
344 667 36 75 to
402 667 56 75 the
474 667 141 75 fuperior
630 667 114 75 lateral
759 667 71 75 part
853 667 41 75 of
915 667 56 75 the
988 667 36 75 os
1041 667 135 75 facrum,

150 712 106 75 which
272 712 27 75 is
316 712 188 75 diftributed
520 712 35 75 to
577 712 55 75 the
648 712 158 75 mufculus
822 712 98 75 facer,
945 712 37 75 or
998 712 180 75 tranverfo-

150 758 125 75 fpinalis
296 758 193 75 lumborum,
516 758 62 75 and
606 758 94 75 other
722 758 133 75 mufcles
872 758 219 75 thereabouts,
1116 758 63 75 and

150 804 36 75 to
202 804 55 75 the
274 804 107 75 cavity
396 804 39 75 of
450 804 56 75 the
523 804 95 75 bone,
645 804 105 75 which
775 804 26 75 it
817 804 106 75 enters
951 804 142 75 through
1121 804 56 75 the

147 850 66 75 firft
228 850 89 75 great
333 850 87 75 hole.

195 896 34 75 A
245 896 84 75 little
345 896 112 75 lower,
483 896 40 75 on
536 896 55 75 the
602 896 82 75 fame
702 896 75 75 fide,
802 896 26 75 it
843 896 91 75 fends
952 896 56 75 out
1028 896 147 75 another,

147 942 107 75 which
270 942 27 75 is
313 942 189 75 diftributed
516 942 96 75 much
628 942 32 75 in
676 942 56 75 the
755 942 83 75 fame
861 942 130 75 manner
1014 942 79 75 with
1120 942 57 75 the

147 987 133 75 former,
305 987 62 75 and
383 987 105 75 enters
507 987 55 75 the
580 987 116 75 fecond
710 987 88 75 hole.

197 1034 97 75 From
317 1034 56 75 the
400 1034 147 75 external
574 1034 112 75 lateral
707 1034 73 75 part
802 1034 41 75 of
859 1034 55 75 die
938 1034 83 75 fame
1045 1034 89 75 arch,
1158 1034 20 75 a

147 1079 85 75 little
248 1079 187 75 anteriorly,
460 1079 25 75 it
501 1079 92 75 fends
610 1079 57 75 out
684 1079 19 75 a
716 1079 88 75 large
820 1079 132 75 branch,
977 1079 106 75 which
1100 1079 75 75 runs

148 1125 118 75 behind
278 1125 55 75 the
341 1125 90 75 great
440 1125 108 75 fciatic
558 1125 94 75 finus,
663 1125 62 75 and
736 1125 27 75 is
778 1125 188 75 diftributed
977 1125 35 75 to
1025 1125 55 75 the
1092 1125 83 75 muf-

146 1169 63 75 culi
229 1169 121 75 glutsei,
375 1169 198 75 pyriformis,
598 1169 63 75 and
678 1169 141 75 gemelli.

193 1217 120 75 Lower
328 1217 107 75 down,
460 1217 55 75 the
531 1217 83 75 fame
628 1217 114 75 lateral
758 1217 72 75 part
845 1217 41 75 of
897 1217 56 75 the
968 1217 203 75 hypogaftric

147 1262 70 75 vein
235 1262 87 75 gives
344 1262 57 75 out
423 1262 134 75 another
580 1262 89 75 large
684 1262 133 75 branch,
843 1262 102 75 called
962 1262 187 75 obturatrix
1159 1262 7 75 •
1166 1262 5 75 ,

146 1307 118 75 which,
289 1307 119 75 having
431 1307 59 75 run
515 1307 19 75 a
552 1307 84 75 little
654 1307 85 75 way,
764 1307 151 75 detaches
938 1307 118 75 feveral
1080 1307 93 75 rami,

147 1354 64 75 and
227 1354 186 75 afterwards
429 1354 150 75 reaching
603 1354 55 75 the
683 1354 143 75 foramen
843 1354 90 75 ovale
950 1354 40 75 of
999 1354 57 75 the
1072 1354 36 75 os
1125 1354 47 75 in-

147 1400 209 75 nominatum,
381 1400 176 75 perforates
573 1400 56 75 the
645 1400 168 75 obturator
828 1400 147 75 mufcles,
999 1400 174 75 communi-

148 1445 85 75 cates
251 1445 79 75 with
358 1445 55 75 the
436 1445 80 75 vena
543 1445 144 75 cruralis,
712 1445 62 75 and
798 1445 26 75 is
847 1445 199 75 diftributed*
1058 1445 35 75 to
1118 1445 56 75 the

147 1493 159 75 mufculus
323 1493 172 75 pedlineus,
519 1493 132 75 triceps,
676 1493 63 75 and
755 1493 231 75 neighbouring
1002 1493 100 75 parts.

194 1538 131 75 Among
345 1538 56 75 the
417 1538 154 75 branches
588 1538 68 75 fent
680 1538 52 75 off
747 1538 44 75 by
810 1538 54 75 the
880 1538 81 75 vena
976 1538 195 75 obturatrix,

144 1584 113 75 before
272 1584 26 75 it
314 1584 176 75 perforates
507 1584 55 75 the
577 1584 146 75 mufcles,
749 1584 59 75 one
822 1584 27 75 is
865 1584 134 75 fituated
1015 1584 158 75 exterior-

144 1630 47 75 ly,
216 1630 106 75 which
339 1630 75 75 runs
431 1630 125 75 toward
572 1630 55 75 the
647 1630 108 75 fciatic
770 1630 93 75 finus,
889 1630 35 75 to
943 1630 56 75 the
1015 1630 158 75 mufculus

144 1676 124 75 iliacus,
293 1676 56 75 the
365 1676 141 75 fuperior
529 1676 72 75 part
617 1676 36 75 of
676 1676 54 75 the
747 1676 168 75 obturator
930 1676 156 75 internus,
1111 1676 62 75 and

144 1721 35 75 to
195 1721 56 75 the
267 1721 35 75 os
325 1721 104 75 ilium.

192 1767 185 75 Interiorly,
401 1767 56 75 the
473 1767 83 75 fame
573 1767 166 75 obturator
754 1767 71 75 vein
854 1767 91 75 fends
969 1767 52 75 off
1037 1767 134 75 another

142 1813 133 75 branch,
293 1813 105 75 which
416 1813 27 75 is
464 1813 187 75 diftributed
668 1813 35 75 to
719 1813 55 75 the
790 1813 136 75 ureters,
943 1813 146 75 bladder,
1108 1813 61 75 and

142 1860 135 75 internal
294 1860 88 75 parts
398 1860 40 75 of
448 1860 185 75 generation
649 1860 31 75 in
692 1860 85 75 both
793 1860 105 75 fexes.

188 1906 124 75 Laftly,
337 1906 56 75 the
411 1906 200 75 hypogaftric
625 1906 72 75 vein
715 1906 74 75 runs
805 1906 184 75 backward,
1014 1906 61 75 and
1092 1906 76 75 goes

142 1951 55 75 out
209 1951 41 75 of
268 1951 55 75 the
340 1951 112 75 pelvis,
477 1951 100 75 above
593 1951 55 75 the
663 1951 152 75 ligament
831 1951 106 75 which
953 1951 58 75 lies
1024 1951 142 75 between

140 1998 56 75 the
212 1998 132 75 inferior
366 1998 114 75 lateral
506 1998 73 75 part
599 1998 41 75 of
661 1998 54 75 the
735 1998 36 75 os
786 1998 124 75 facrum
938 1998 63 75 and
1023 1998 86 75 fpine
1131 1998 41 75 of

139 2044 56 75 the
213 2044 145 75 ifchium.

1161 2044 31 75 ^

187 2089 32 75 It
235 2089 78 75 next
330 2089 98 75 fends,
437 2089 19 75 a
471 2089 88 75 large
574 2089 121 75 branch
711 2089 134 75 upward
860 2089 34 75 to
912 2089 54 75 the
982 2089 100 75 lower
1093 2089 72 75 part

141 2135 39 75 of
190 2135 56 75 the
261 2135 38 75 os
315 2135 135 75 facrum,
476 2135 61 75 and
555 2135 66 75 two
646 2135 37 75 or
704 2135 88 75 more
808 2135 183 75 downward
1007 2135 11 75 ;
1045 2135 118 75 which,

138 2182 136 75 running
290 2182 119 75 behind
425 2182 56 75 the
498 2182 83 75 fame
592 2182 165 75 ligament,
783 2182 54 75 are
852 2182 188 75 diftributed
1056 2182 36 75 to
1107 2182 57 75 the

137 2229 163 75 buttocks,
325 2229 89 75 anus,
446 2229 233 75 neighbouring
702 2229 128 75 portion
857 2229 41 75 of
921 2229 56 75 the
1004 2229 158 75 mufculus

136 2275 172 75 peftineus,
333 2275 61 75 and
419 2275 35 75 to
471 2275 55 75 the
542 2275 145 75 external
705 2275 88 75 parts
811 2275 41 75 of
869 2275 197 75 generation.

183 2321 76 75 The
274 2321 88 75 veins
379 2321 69 75 that
467 2321 42 75 go
522 2321 35 75 to
569 2321 56 75 the
637 2321 90 75 anus,
753 2321 52 75 are
821 2321 123 75 termed
961 2321 200 75 hamcrrhoi-

137 2367 88 75 dales
242 2367 158 75 externa;
426 2367 78 75 they
519 2367 72 75 that
613 2367 42 75 go
672 2367 34 75 to
726 2367 55 75 the
796 2367 87 75 parts
907 2367 41 75 of
965 2367 197 75 generation,

131 2411 127 75 pudica
273 2411 148 75 interna.
468 2411 77 75 The
561 2411 154 75 external,
722 2411 281 75 hasmorrhoidales
1020 2411 141 75 commu-

137 2455 103 75 nicate
264 2455 78 75 with
370 2455 55 75 the
441 2455 135 75 internal
592 2455 88 75 veins
697 2455 40 75 of
748 2455 55 75 the
826 2455 83 75 fame
926 2455 104 75 name,
1055 2455 106 75 which

138 2500 89 75 come
244 2500 82 75 from
342 2500 56 75 the
414 2500 88 75 fmall
523 2500 78 75 vena
616 2500 181 75 mefaraica.

183 2547 76 75 The
276 2547 102 75 crural
396 2547 71 75 vein
483 2547 76 75 goes
576 2547 56 75 out
647 2547 102 75 under
776 2547 55 75 the
851 2547 209 75 ligamentum
1086 2547 74 75 Fal-

136 2593 89 75 lopii,
251 2593 41 75 on
315 2593 55 75 the
387 2593 94 75 infide
498 2593 39 75 of
548 2593 173 75 the-crural
739 2593 119 75 artery,
883 2593 61 75 and
961 2593 198 75 immediate-

136 2638 33 75 ly
187 2638 86 75 gives
294 2638 88 75 fmall
403 2638 154 75 branches
574 2638 35 75 to
625 2638 55 75 the
696 2638 140 75 inguinal
853 2638 125 75 glands,
1004 2638 56 75 the
1076 2638 82 75 muf-

136 2685 89 75 culus
238 2685 171 75 peflineus,
435 2685 61 75 and
513 2685 87 75 parts
617 2685 38 75 of
668 2685 197 75 generation.
912 2685 109 75 Thefe
1037 2685 56 75 laft
1106 2685 52 75 are

134 2730 124 75 termed
265 2730 127 75 pudtea
402 2730 152 75 externa,
579 2730 62 75 and
657 2730 162 75 evidently
835 2730 229 75 communicate
1081 2730 77 75 with

135 2776 55 75 the
209 2776 134 75 internal
359 2776 87 75 veins
464 2776 39 75 of
523 2776 55 75 the
601 2776 83 75 fame
702 2776 104 75 name.

181 2822 112 75 About
311 2822 38 75 an
366 2822 72 75 inch
465 2822 117 75 below,
607 2822 107 75 where
736 2822 25 75 it
786 2822 103 75 leaves
909 2822 56 75 the
988 2822 170 75 abdomen,

135 2867 54 75 the
212 2867 103 75 crural
339 2867 73 75 vein
440 2867 156 75 produces
622 2867 18 75 a
665 2867 87 75 large
780 2867 132 75 branch,
943 2867 106 75 which
1082 2867 74 75 runs

135 2915 92 75 down
245 2915 172 75 anteriorly
432 2915 144 75 between
593 2915 54 75 the
662 2915 213 75 integuments
904 2915 60 75 and
985 2915 55 75 the
1055 2915 100 75 farto-

1332 139 40 75 O
1487 139 49 75 M
1649 139 52 75 Y.

2177 139 81 75 24$

1232 202 77 75 rius,
1334 202 168 75 following
1512 202 55 75 the
1583 202 151 75 direclion
1751 202 41 75 of
1803 202 71 75 that
1889 202 119 75 mufcle
2022 202 112 75 almoft
2147 202 43 75 all
2205 202 57 75 the

1231 247 69 75 way
1313 247 35 75 to
1360 247 56 75 the
1432 247 96 75 infide
1541 247 40 75 of
1591 247 55 75 the
1663 247 103 75 thigh.

1278 294 84 75 This
1388 294 118 75 branch
1527 294 119 75 having
1667 294 188 75 afterwards
1880 294 57 75 got
1959 294 129 75 beyond
2106 294 56 75 the
2182 294 77 75 con-

1232 340 90 75 dyles
1346 340 41 75 of
1405 340 56 75 the
1485 340 36 75 os
1546 340 143 75 femoris,
1714 340 76 75 runs
1811 340 96 75 down
1931 340 145 75 between
2097 340 55 75 the
2175 340 83 75 inte-

1231 386 146 75 guments
1401 386 63 75 and
1479 386 90 75 inner
1592 386 92 75 angle
1712 386 41 75 of
1776 386 55 75 the
1853 386 92 75 tibia,
1970 386 35 75 to
2028 386 55 75 the
2099 386 160 75 fore-part

1229 431 40 75 of
1288 431 54 75 the
1359 431 94 75 inner
1471 431 106 75 ankle,
1604 431 62 75 and
1690 431 26 75 is
1741 431 188 75 diftributed
1944 431 35 75 to
1995 431 55 75 the
2066 431 83 75 foot.
2198 431 60 75 All

1229 478 64 75 this
1315 478 88 75 large
1429 478 120 75 branch
1570 478 28 75 is
1622 478 116 75 named
1757 478 83 75 vena
1856 478 159 75 fapbena,
2049 478 39 75 or
2109 478 151 75 faphena

1226 523 118 75 major.

1275 569 99 75 After
1390 569 55 75 the
1462 569 102 75 origin
1592 569 41 75 of
1655 569 55 75 the
1734 569 147 75 faphena,
1906 569 34 75 as
1957 569 55 75 the
2028 569 97 75 trunk
2141 569 41 75 of
2200 569 57 75 the

1228 615 103 75 crural
1351 615 87 75 veins
1455 615 76 75 runs
1548 615 107 75 down,
1679 615 27 75 it
1730 615 82 75 finks
1828 615 33 75 in
1877 615 142 75 between
2037 615 54 75 the
2108 615 149 75 mufcles,

1229 662 61 75 and
1306 662 27 75 is
1349 662 189 75 diftributed
1553 662 36 75 to
1605 662 43 75 all
1665 662 54 75 the
1734 662 91 75 inner
1849 662 38 75 or
1913 662 81 75 deep
2021 662 88 75 parts
2136 662 42 75 of
2200 662 56 75 the

1227 708 99 75 lower
1345 708 186 75 extremity,
1557 708 247 75 accompanying
1820 708 56 75 the
1892 708 105 75 crural
2023 708 108 75 artery
2146 708 36 75 to
2198 708 58 75 the

1225 754 78 75 very
1317 754 175 75 extremity
1509 754 39 75 of
1558 754 56 75 the
1630 754 84 75 foot.

1272 800 50 75 As
1346 800 56 75 the
1423 800 137 75 faphena
1583 800 26 75 is
1635 800 19 75 a
1676 800 73 75 vein
1772 800 39 75 of
1829 800 79 75 very
1930 800 89 75 large
2046 800 125 75 extent,
2204 800 50 75 we

1225 845 76 75 ft)all
1318 845 77 75 here
1410 845 142 75 defcribe
1574 845 27 75 it
1620 845 192 75 altogether,
1836 845 64 75 and
1926 845 188 75 afterwards
2142 845 112 75 return

1225 892 36 75 to
1277 892 56 75 the
1355 892 81 75 vena
1459 892 145 75 cruralis.

1273 939 76 75 The
1365 939 80 75 vena
1459 939 150 75 faphena,
1633 939 32 75 in
1681 939 41 75 its
1739 939 123 75 paffage
1888 939 85 75 from
2000 939 56 75 the
2083 939 116 75 inguen
2217 939 35 75 to

1226 985 55 75 the
1297 985 83 75 foot,
1405 985 27 75 is
1449 985 137 75 covered
1601 985 76 75 only
1693 985 44 75 by
1754 985 54 75 the
1824 985 67 75 Ikin
1912 985 62 75 and
1989 985 61 75 fat.
2099 985 154 75 Immedi-

1225 1032 87 75 ately
1327 1032 85 75 after
1427 1032 42 75 its
1486 1032 71 75 rife,
1575 1032 26 75 it
1618 1032 87 75 gives
1721 1032 90 75 fmall
1827 1032 88 75 veins
1931 1032 35 75 to
1986 1032 57 75 the
2056 1032 134 75 inferior
2201 1032 51 75 in-

1225 1078 107 75 guinal
1349 1078 134 75 glands;
1510 1078 63 75 and
1589 1078 77 75 then
1682 1078 25 75 it
1724 1078 87 75 gives
1829 1078 57 75 out
1903 1078 108 75 others
2028 1078 89 75 more
2134 1078 116 75 anteri-

1226 1122 83 75 orly,
1334 1122 119 75 which,
1478 1122 135 75 running
1641 1122 102 75 under
1770 1122 56 75 the
1856 1122 226 75 integuments,
2108 1122 142 75 commu-

1224 1170 104 75 nicate
1345 1170 78 75 with
1448 1170 78 75 each
1543 1170 93 75 other
1652 1170 44 75 by
1711 1170 170 75 numerous
1901 1170 126 75 areoke.

1271 1216 76 75 The
1363 1216 147 75 faphena,
1534 1216 118 75 having
1675 1216 59 75 run
1754 1216 96 75 down
1866 1216 41 75 on
1925 1216 55 75 the
1996 1216 106 75 thigh,
2128 1216 33 75 as
2184 1216 67 75 low

1224 1262 32 75 as
1274 1262 55 75 the
1346 1262 120 75 middle
1482 1262 41 75 of
1533 1262 55 75 the
1604 1262 163 75 fartorius,
1793 1262 91 75 fends
1901 1262 52 75 off
1964 1262 34 75 to
2014 1262 56 75 the
2085 1262 85 75 fame
2185 1262 65 75 fide

1220 1309 120 75 feveral
1359 1309 166 75 branches,
1548 1309 107 75 which
1680 1309 231 75 communicate
1934 1309 79 75 with
2037 1309 79 75 each
2140 1309 109 75 other,

1222 1354 61 75 and
1298 1354 78 75 with
1394 1354 55 75 the
1464 1354 142 75 fuperior
1620 1354 170 75 branches.

1269 1401 154 75 Between
1439 1401 87 75 thefe
1542 1401 99 75 upper
1658 1401 63 75 and
1734 1401 101 75 lower
1851 1401 171 75 branches,
2043 1401 56 75 the
2114 1401 136 75 faphena

1222 1447 90 75 fends
1329 1447 171 75 backward
1517 1447 18 75 a
1549 1447 173 75 particular
1747 1447 138 75 branch;
1911 1447 24 75 w
1942 1447 87 75 hich,
2054 1447 84 75 after
2153 1447 97 75 being

1222 1493 188 75 diftributed
1426 1493 35 75 to
1476 1493 56 75 the
1548 1493 212 75 integuments
1788 1493 106 75 which
1921 1493 95 75 cover
2043 1493 56 75 the
2120 1493 128 75 gracilis

1222 1540 141 75 internus
1381 1540 63 75 and
1458 1540 130 75 triceps,
1613 1540 89 75 turns
1720 1540 188 75 backward;
1936 1540 62 75 and
2014 1540 19 75 a
2047 1540 84 75 little
2143 1540 105 75 below

1223 1585 55 75 the
1294 1585 87 75 ham,
1406 1585 76 75 runs
1498 1585 34 75 in
1548 1585 115 75 among
1686 1585 54 75 the
1762 1585 133 75 mufcles
1911 1585 136 75 fituated
2063 1585 103 75 there,
2183 1585 65 75 and

1222 1632 245 75 communicates
1484 1632 80 75 with
1578 1632 136 75 another
1729 1632 133 75 branch,
1886 1632 105 75 which
2006 1632 75 75 may
2097 1632 39 75 tc
2147 1632 99 75 term-

1221 1677 40 75 ed
1266 1677 146 75 faphena
1428 1677 120 75 minor.

1267 1724 203 75 Afterwards
1487 1724 55 75 the
1559 1724 96 75 trunk
1671 1724 41 75 of
1729 1724 54 75 the
1800 1724 90 75 great
1905 1724 137 75 faphena
2056 1724 76 75 runs
2148 1724 104 75 downs

1219 1769 41 75 on
1276 1769 57 75 the
1348 1769 97 75 infide
1461 1769 41 75 of
1525 1769 56 75 the
1605 1769 90 75 tibia,
1721 1769 87 75 lying
1836 1769 117 75 always
1977 1769 76 75 near
2075 1769 56 75 the
2153 1769 92 75 fkin;

1219 1816 61 75 and
1296 1816 33 75 at
1345 1816 56 75 the
1413 1816 98 75 upper
1527 1816 72 75 part
1614 1816 42 75 of
1666 1816 70 75 that
1747 1816 82 75 bone
1841 1816 26 75 it
1878 1816 92 75 fends
1986 1816 154 75 branches
2154 1816 88 75 fore-

1216 1863 101 75 ward,
1342 1863 162 75 outward,
1525 1863 63 75 and
1603 1863 183 75 backward.

1264 1910 77 75 The
1359 1910 138 75 anterior
1513 1910 154 75 branches
1684 1910 42 75 go
1743 1910 34 75 to
1793 1910 56 75 the
1875 1910 213 75 integuments
2117 1910 41 75 on
2185 1910 57 75 the

1217 1955 99 75 upper
1331 1955 71 75 part
1419 1955 40 75 of
1477 1955 55 75 the
1548 1955 71 75 leg;
1646 1955 54 75 the
1716 1955 170 75 pofterior,
1906 1955 35 75 to
1958 1955 89 75 thofe
2064 1955 105 75 which
2185 1955 55 75 co-

1216 2002 56 75 ver
1296 2002 55 75 the
1377 2002 231 75 gaftrocnemii,
1633 2002 62 75 and
1719 2002 231 75 communicate
1974 2002 78 75 with
2076 2002 56 75 the
2155 2002 86 75 little

1215 2048 155 75 faphena;
1390 2048 62 75 and
1469 2048 54 75 the
1538 2048 147 75 external
1700 2048 155 75 branches
1872 2048 53 75 are
1941 2048 97 75 likew'
2038 2048 42 75 ife
2092 2048 150 75 diftribu-

1214 2094 56 75 ted
1289 2094 35 75 to
1341 2094 54 75 the
1419 2094 48 75 fat
1490 2094 62 75 and
1574 2094 227 75 integuments,
1826 2094 62 75 and
1903 2094 119 75 having
2043 2094 137 75 reached
2204 2094 35 75 as

1212 2140 66 75 low
1294 2140 32 75 as
1344 2140 55 75 the
1415 2140 118 75 middle
1550 2140 40 75 of
1600 2140 55 75 the
1671 2140 97 75 tibia,
1785 2140 28 75 it
1828 2140 92 75 fends
1936 2140 19 75 a
1971 2140 268 75 communicating

1213 2187 117 75 branch
1348 2187 35 75 to
1400 2187 55 75 the
1472 2187 96 75 trunk
1588 2187 41 75 of
1638 2187 56 75 the
1710 2187 91 75 great
1820 2187 148 75 laphena.

1259 2233 96 75 From
1368 2233 63 75 this
1448 2233 277 75 communication,
1750 2233 19 75 a
1784 2233 118 75 branch
1919 2233 77 75 goes
2011 2233 57 75 out
2083 2233 156 75 anterior*

1210 2279 49 75 ly,
1282 2279 105 75 which
1405 2279 77 75 runs
1497 2279 95 75 along
1607 2279 55 75 the
1677 2279 217 75 integuments
1908 2279 40 75 of
1958 2279 56 75 the
2029 2279 78 75 tibia
2123 2279 42 75 all
2182 2279 56 75 the

1211 2323 72 75 way
1298 2323 35 75 to
1349 2323 54 75 the
1420 2323 92 75 outer
1534 2323 109 75 ankle.

1260 2370 50 75 As
1325 2370 55 75 the
1399 2370 137 75 faphena
1551 2370 75 75 runs
1643 2370 94 75 down
1754 2370 41 75 on
1812 2370 55 75 the
1883 2370 103 75 infide
2003 2370 42 75 of
2062 2370 55 75 the
2143 2370 99 75 tibia,

1210 2415 25 75 it
1252 2415 91 75 fends
1370 2415 57 75 out
1455 2415 18 75 a
1499 2415 120 75 branch
1646 2415 76 75 near
1749 2415 54 75 the
1830 2415 120 75 middle
1977 2415 39 75 of
2038 2415 73 75 that
2138 2415 100 75 bone,

1210 2461 104 75 which
1332 2461 75 75 runs
1423 2461 42 75 up
1482 2461 120 75 behind
1618 2461 54 75 the
1688 2461 134 75 tendons
1839 2461 40 75 of
1889 2461 56 75 the
1959 2461 190 75 fartorious,
2161 2461 72 75 gra-

1210 2507 68 75 cilis
1295 2507 154 75 internus,
1475 2507 61 75 and
1552 2507 254 75 femi-nervofus,
1831 2507 76 75 then
1924 2507 144 75 between
2085 2507 55 75 the
2157 2507 78 75 tibia

1209 2552 62 75 and
1287 2552 100 75 upper
1402 2552 61 75 end
1480 2552 41 75 of
1539 2552 53 75 the
1608 2552 121 75 foleus,
1747 2552 63 75 and
1825 2552 28 75 is
1864 2552 112 75 joined
1998 2552 43 75 by
2057 2552 39 75 an
2113 2552 119 75 anafto-

1208 2599 92 75 mofis
1323 2599 77 75 with
1425 2599 55 75 the
1504 2599 102 75 crural
1628 2599 85 75 vein.

1254 2645 48 75 At
1319 2645 54 75 the
1389 2645 99 75 lower
1504 2645 70 75 part
1597 2645 41 75 of
1655 2645 55 75 the
1734 2645 90 75 tibia,
1846 2645 57 75 the
1921 2645 136 75 faphena
2076 2645 162 75 produces,

1208 2691 18 75 a
1243 2691 210 75 confiderable
1469 2691 132 75 branch,
1627 2691 104 75 which
1755 2691 75 75 runs
1848 2691 166 75 obliquely
2030 2691 142 75 forward
2194 2691 36 75 0-

1208 2737 54 75 ver
1275 2737 53 75 the
1342 2737 84 75 joint
1443 2737 40 75 of
1495 2737 54 75 the
1566 2737 99 75 tarfus
1683 2737 124 75 toward
1822 2737 55 75 the
1894 2737 93 75 cuter
2009 2737 105 75 ankle,
2139 2737 91 75 fend-

1207 2783 54 75 ing
1278 2783 50 75 off
1339 2783 118 75 feveral
1475 2783 78 75 rami
1570 2783 105 75 which
1688 2783 230 75 communicate
1934 2783 79 75 with
2030 2783 78 75 each
2120 2783 108 75 other,

1207 2830 64 75 and
1283 2830 79 75 with
1378 2830 55 75 the
1451 2830 95 75 trunk
1564 2830 40 75 of
1616 2830 54 75 the
1688 2830 149 75 faphena.

1251 2876 76 75 The
1347 2876 175 75 extremity
1536 2876 41 75 of
1594 2876 64 75 this
1682 2876 97 75 trunk
1802 2876 99 75 paffes
1916 2876 41 75 on
1974 2876 54 75 the
2044 2876 134 75 forefide
2193 2876 42 75 of

1205 2923 54 75 the
1275 2923 89 75 inner
1381 2923 106 75 ankle,
1514 2923 62 75 and
1591 2923 77 75 runs
1683 2923 188 75 irregulaily
1894 2923 103 75 under
2017 2923 55 75 the
2089 2923 79 75 Ikin,
2194 2923 35 75 a-
