2428 3377
140 183 19 75 2
172 183 57 75 14'

181 251 76 75 The
285 251 95 75 fibres
404 251 70 75 that
500 251 92 75 come
616 251 83 75 from
727 251 56 75 the
808 251 60 75 left
896 251 62 75 ala,
985 251 84 75 crofs
1088 251 79 75 over

142 298 90 75 thofe
254 298 84 75 from
354 298 56 75 the
426 298 88 75 right
531 298 61 75 ala,
617 298 63 75 and
707 298 64 75 this
800 298 91 75 again
918 298 90 75 fends
1035 298 19 75 a
1075 298 91 75 fmali

133 344 168 75 fafciculu^
321 344 39 75 of
374 344 94 75 fibres
485 344 75 75 over
578 344 89 75 thofe
684 344 40 75 of
736 344 53 75 the
803 344 60 75 left
879 344 51 75 ala
940 344 10 75 ;
976 344 190 75 afterwards

135 391 56 75 the
207 391 67 75 two
296 391 94 75 crura
403 391 74 75 part
492 391 85 75 from
600 391 79 75 each
696 391 108 75 other.

180 438 77 75 The
273 438 88 75 right
376 438 73 75 crus
469 438 27 75 is
512 438 106 75 larger
634 438 62 75 and
712 438 112 75 longer
839 438 77 75 than
934 438 55 75 the
1005 438 73 75 left,
1103 438 63 75 and

133 484 27 75 is
178 484 117 75 always
307 484 139 75 inferted
460 484 33 75 in
509 484 55 75 the
581 484 73 75 four
669 484 102 75 upper
782 484 152 75 vertebrae
948 484 40 75 of
998 484 56 75 the
1068 484 96 75 loins,

133 530 64 75 and
212 530 91 75 often
317 530 33 75 in
367 530 55 75 the
442 530 71 75 fifth
529 530 152 75 likewife,
708 530 42 75 by
774 530 57 75 the
858 530 84 75 fame
969 530 134 75 number
1130 530 42 75 of

132 577 197 75 digitations,
353 577 106 75 which
476 577 132 75 become
636 577 89 75 more
753 577 62 75 and
839 577 89 75 more
944 577 169 75 tendinous
1131 577 33 75 as

131 623 79 75 they
226 623 147 75 defcend,
400 623 63 75 and
479 623 33 75 at
528 623 110 75 length
662 623 54 75 are
739 623 171 75 expanded
925 623 30 75 in
972 623 85 75 form
1074 623 40 75 of
1126 623 38 75 an
1164 605 15 49 ;

132 670 213 75 aponeurofis.
392 670 86 75 This
496 670 72 75 crus
584 670 57 75 lies
659 670 87 75 more
763 670 42 75 on
828 670 55 75 the
900 670 121 75 middle
1045 670 40 75 of
1108 670 55 75 the

131 716 111 75 bodies
259 716 40 75 of
310 716 54 75 the
379 716 155 75 vertebras
552 716 78 75 than
646 716 41 75 on
706 716 55 75 the
778 716 86 75 right
888 716 73 75 fide.

177 763 76 75 The
269 763 60 75 left
346 763 73 75 crus
434 763 27 75 is
476 763 128 75 fmaller
620 763 64 75 and
699 763 134 75 Ihorter,
860 763 63 75 and
938 763 59 75 lies
1014 763 89 75 more
1120 763 42 75 on

130 809 56 75 the
203 809 82 75 fides
301 809 39 75 of
351 809 55 75 the
422 809 169 75 vertebras.
640 809 31 75 It
696 809 27 75 is
741 809 88 75 fixed
852 809 44 75 by
922 809 185 75 digitations
1126 809 35 75 to

130 855 56 75 the
203 855 91 75 three
317 855 100 75 upper
433 855 152 75 vertebra
610 855 41 75 of
671 855 56 75 the
754 855 94 75 loins,
873 855 121 75 feldom
1012 855 150 75 reaching

129 901 113 75 lower.
290 901 78 75 The
391 901 101 75 lower
516 901 71 75 part
612 901 40 75 of
674 901 25 75 it
723 901 26 75 is
773 901 169 75 expanded
957 901 33 75 in
1006 901 56 75 the
1078 901 84 75 fame

128 949 131 75 manner
275 949 33 75 as
326 949 55 75 the
397 949 95 75 other
504 949 11 75 ;
541 949 63 75 and
626 949 56 75 the
697 949 67 75 two
779 949 186 75 expanfions
981 949 180 75 fometimes

128 995 85 75 meet
229 995 162 75 together.

175 1041 76 75 The
267 1041 73 75 oval
357 1041 136 75 opening
521 1041 40 75 of
583 1041 65 75 this
672 1041 133 75 inferior
822 1041 119 75 mufcle
958 1041 41 75 of
1020 1041 55 75 the
1092 1041 67 75 dia-

127 1087 146 75 phragm,
298 1087 88 75 gives
402 1087 125 75 paflage
543 1087 35 75 to
594 1087 56 75 the
667 1087 176 75 extremity
869 1087 42 75 of
932 1087 55 75 the
1015 1087 144 75 osfopha-

128 1134 72 75 gus,
226 1134 61 75 and
310 1134 56 75 the
382 1134 90 75 aorta
487 1134 59 75 lies
562 1134 32 75 in
611 1134 55 75 the
682 1134 156 75 interftice
855 1134 151 75 between*
1022 1134 56 75 the
1093 1134 68 75 two

129 1180 104 75 crura.
283 1180 224 75 Immediately
523 1180 101 75 above
639 1180 55 75 the
710 1180 138 75 opening
871 1180 38 75 or
931 1180 88 75 hole,
1045 1180 18 75 a
1089 1180 71 75 thin

128 1227 170 75 fafciculus
316 1227 40 75 of
367 1227 93 75 fibres
480 1227 26 75 is
524 1227 68 75 fent
609 1227 52 75 off
674 1227 35 75 to
721 1227 57 75 the
794 1227 152 75 ftomach.

176 1273 38 75 In
231 1273 55 75 the
297 1273 120 75 middle
433 1273 198 75 aponeurofis
649 1273 40 75 of
699 1273 56 75 the
771 1273 90 75 gieat
878 1273 145 75 mufcles,
1042 1273 18 75 a
1076 1273 84 75 little

128 1320 35 75 to
180 1320 55 75 the
252 1320 87 75 right
366 1320 42 75 of
428 1320 56 75 the
508 1320 142 75 anterior
666 1320 71 75 part
763 1320 39 75 of
819 1320 56 75 the
891 1320 96 75 Hope,
1012 1320 77 75 near
1104 1320 56 75 the

114 1366 101 75 •fmall
245 1366 129 75 mufcle,
399 1366 26 75 is
446 1366 18 75 a
480 1366 105 75 round
608 1366 149 75 opening,
787 1366 107 75 which
918 1366 159 75 tranfmits
1103 1366 56 75 the

126 1413 98 75 trunk
242 1413 40 75 of
301 1413 55 75 the
377 1413 102 75 lower
495 1413 80 75 vena
592 1413 89 75 cava.
741 1413 77 75 The
835 1413 119 75 border
970 1413 37 75 or
1024 1413 135 75 circum-

127 1460 126 75 ference
264 1460 40 75 of
313 1460 65 75 this
402 1460 137 75 opening
563 1460 27 75 is
608 1460 77 75 very
702 1460 134 75 artfully
851 1460 128 75 formed
989 1460 45 75 by
1045 1460 39 75 an
1100 1460 58 75 ob-

126 1506 89 75 lique
231 1506 63 75 and
320 1506 163 75 fucceffive
500 1506 213 75 intertexture
737 1506 39 75 of
794 1506 169 75 tendinous
979 1506 108 75 fibres,
1113 1506 45 75 al-

126 1552 79 75 molt
217 1552 63 75 like
292 1552 56 75 the
360 1552 80 75 edge
453 1552 40 75 of
506 1552 18 75 a
540 1552 117 75 wicker
669 1552 129 75 balket;
818 1552 62 75 and
892 1552 39 75 is,
950 1552 209 75 confequent-

125 1599 47 75 ly,
196 1599 164 75 incapable
387 1599 102 75 either
513 1599 40 75 of
572 1599 168 75 dilatation
757 1599 38 75 or
810 1599 209 75 contradtion,
1043 1599 44 75 by
1103 1599 57 75 the

126 1645 103 75 adtion
245 1645 41 75 of
305 1645 55 75 the
377 1645 199 75 diaphragm.

172 1692 68 75 We
264 1692 66 75 find
357 1692 162 75 therefore
535 1692 91 75 three
642 1692 212 75 confiderable
870 1692 152 75 openings
1038 1692 33 75 in
1099 1692 55 75 the

127 1738 208 75 diaphragm;
361 1738 60 75 one
438 1738 103 75 round
557 1738 64 75 and
636 1738 181 75 tendinous,
842 1738 52 75 for
911 1738 55 75 the
983 1738 123 75 paffage
1122 1738 42 75 of

126 1783 55 75 the
205 1783 80 75 vena
301 1783 96 75 cava;
423 1783 61 75 one
499 1783 73 75 oval
585 1783 63 75 and
663 1783 108 75 flelhy,
796 1783 52 75 for
864 1783 55 75 the
936 1783 174 75 extremity
1122 1783 41 75 of

129 1830 55 75 the
200 1830 189 75 cefophagus
401 1830 10 75 ;
437 1830 64 75 and
513 1830 60 75 one
589 1830 128 75 forked,
736 1830 105 75 partly
856 1830 110 75 flefhy,
991 1830 62 75 and
1069 1830 86 75 part-

128 1876 35 75 ly
179 1876 181 75 tendinous,
387 1876 52 75 for
454 1876 56 75 the
527 1876 104 75 aorta.
679 1876 78 75 The
774 1876 104 75 round
905 1876 137 75 opening
1066 1876 27 75 is
1120 1876 37 75 to

128 1922 56 75 the
200 1922 201 75 right-hand,
427 1922 83 75 clofe
527 1922 36 75 to
587 1922 56 75 the
662 1922 102 75 upper
779 1922 71 75 part
873 1922 40 75 of
932 1922 56 75 the
1004 1922 87 75 right
1107 1922 50 75 ala

126 1968 40 75 of
178 1968 54 75 the
255 1968 89 75 fmall
361 1968 116 75 mufcle
492 1968 10 75 ;
529 1968 55 75 the
601 1968 71 75 oval
689 1968 136 75 opening
852 1968 26 75 is
906 1968 19 75 a
947 1968 86 75 little
1048 1968 36 75 to
1100 1968 56 75 the

124 2015 86 75 left;
235 2015 35 75 fo
298 2015 71 75 that
396 2015 55 75 the
469 2015 86 75 right
576 2015 62 75 ala,
663 2015 105 75 which
784 2015 27 75 is
828 2015 142 75 between
988 2015 86 75 thefe
1091 2015 66 75 two

126 2061 103 75 holes,
254 2061 59 75 lies
330 2061 110 75 almoft
457 2061 135 75 diredly
607 2061 78 75 over
700 2061 118 75 againlt
839 2061 57 75 the
913 2061 120 75 middle
1050 2061 41 75 of
1099 2061 57 75 the

126 2107 88 75 body
229 2107 41 75 of
288 2107 56 75 the
359 2107 148 75 eleventh
530 2107 149 75 vertebra
704 2107 40 75 of
761 2107 57 75 the
838 2107 104 75 back;
968 2107 57 75 the
1052 2107 103 75 tendi-

127 2153 80 75 nous
225 2153 73 75 fr*k
318 2153 26 75 is
369 2153 100 75 under
490 2153 55 75 the
573 2153 72 75 oval
670 2153 149 75 opening,
844 2153 57 75 but
926 2153 19 75 a
966 2153 85 75 little
1067 2153 89 75 more

128 2200 125 75 toward
269 2200 55 75 the
340 2200 132 75 middle.

483 2304 22 75 S
524 2304 28 75 C
570 2304 32 75 A
620 2304 31 75 L
668 2304 30 75 E
716 2304 34 75 N
767 2304 31 75 I.

174 2383 130 75 These
324 2383 53 75 are
394 2383 180 75 compound
590 2383 146 75 mufcles,
760 2383 190 75 irregularly
968 2383 188 75 triangular.

174 2430 77 75 The
266 2430 141 75 fcalenus
426 2430 119 75 primus
567 2430 27 75 is
611 2430 87 75 fixed
714 2430 35 75 to
770 2430 56 75 the
848 2430 100 75 upper
965 2430 70 75 part
1051 2430 41 75 of
1102 2430 55 75 the

129 2476 120 75 outfide
264 2476 41 75 of
327 2476 56 75 the
404 2476 64 75 firft
492 2476 62 75 rib,
579 2476 42 75 by
647 2476 66 75 two
735 2476 122 75 dillindl
874 2476 154 75 portions,
1053 2476 105 75 called

129 2524 182 75 commonly
332 2524 174 75 branches;
533 2524 61 75 one
618 2524 152 75 anterior,
795 2524 57 75 the
879 2524 94 75 other
991 2524 165 75 pofterior.

129 2568 77 75 The
222 2568 139 75 anterior
377 2568 118 75 branch
523 2568 27 75 is
579 2568 89 75 fixed
689 2568 35 75 to
751 2568 55 75 the
833 2568 121 75 middle
974 2568 126 75 portion
1122 2568 40 75 of

128 2615 56 75 the
203 2615 62 75 rib,
290 2615 99 75 about
405 2615 39 75 an
460 2615 74 75 inch
548 2615 85 75 from
649 2615 56 75 the
721 2615 164 75 cartilage.
934 2615 98 75 From
1044 2615 114 75 thence

128 2660 26 75 it
171 2660 75 75 runs
263 2660 165 75 obliquely
443 2660 145 75 upward,
613 2660 62 75 and
702 2660 28 75 is
746 2660 140 75 inferted
913 2660 31 75 in
974 2660 56 75 the
1057 2660 100 75 tranf-

129 2707 87 75 verfe
233 2707 165 75 apophyfis
418 2707 41 75 of
474 2707 55 75 the
544 2707 97 75 fixth,
666 2707 86 75 fifth,
779 2707 62 75 and
856 2707 180 75 fometimes
1051 2707 42 75 of
1101 2707 57 75 the

130 2753 87 75 third
239 2753 149 75 vertebra
403 2753 40 75 of
460 2753 56 75 the
536 2753 91 75 neck.
650 2753 5 75 •

176 2800 77 75 The
269 2800 152 75 pofterior
444 2800 119 75 branch
587 2800 27 75 is
637 2800 87 75 fixed
740 2800 89 75 more
844 2800 172 75 backward
1041 2800 33 75 in
1102 2800 56 75 the

131 2846 64 75 firft
215 2846 61 75 rib,
302 2846 39 75 an
357 2846 158 75 interllice
543 2846 40 75 of
603 2846 96 75 about
724 2846 38 75 an
788 2846 74 75 inch
886 2846 102 75 Feing
1014 2846 61 75 left
1097 2846 61 75 be-

132 2892 103 75 tween
250 2892 25 75 it
294 2892 62 75 and
372 2892 55 75 the
443 2892 94 75 other
559 2892 133 75 branch,
717 2892 139 75 through
873 2892 104 75 which
995 2892 54 75 the
1074 2892 83 75 axil-

131 2938 70 75 lary
217 2938 107 75 artery
334 2938 68 75 •and
427 2938 142 75 brachial
591 2938 110 75 nerves
724 2938 55 75 are
795 2938 211 75 tranfmitted.
1056 2938 100 75 From

132 2984 113 75 thence
261 2984 25 75 it
307 2984 73 75 runs
398 2984 40 75 up
458 2984 164 75 obliquely
638 2984 119 75 behind
769 2984 55 75 the
836 2984 132 75 former,
985 2984 63 75 and
1063 2984 26 75 is
1107 2984 48 75 in-

132 3032 105 75 ferted
252 3032 32 75 in
296 3032 42 75 all
350 3032 58 75 the
421 3032 170 75 tranfverfe
608 3032 175 75 apophyfes
799 3032 40 75 of
850 3032 55 75 the
921 3032 92 75 neck.

2078 177 98 75 Part
2198 177 48 75 I!.

1263 251 77 75 The
1356 251 139 75 fcalenus
1508 251 157 75 fecundus
1682 251 26 75 is
1725 251 87 75 fixed
1832 251 19 75 a
1873 251 84 75 little
1973 251 90 75 more
2078 251 171 75 backward

1218 297 32 75 in
1266 297 57 75 the
1339 297 147 75 external
1513 297 119 75 labium
1655 297 40 75 of
1716 297 56 75 the
1787 297 101 75 upper
1903 297 80 75 edge
1999 297 39 75 of
2061 297 56 75 the
2133 297 116 75 lecond

1219 344 60 75 rib,
1305 344 180 75 fometimes
1501 344 45 75 by
1561 344 66 75 two
1643 344 140 75 feparate
1799 344 156 75 portions,
1981 344 64 75 and
2068 344 179 75 fometimes

1218 389 139 75 without
1374 389 62 75 any
1450 389 146 75 divifion.
1643 389 78 75 The
1739 389 138 75 anterior
1898 389 126 75 portion
2039 389 27 75 is
2084 389 87 75 fixed
2187 389 59 75 im-

1216 436 172 75 mediately
1408 436 101 75 under
1525 436 55 75 the
1598 436 151 75 pofterior
1765 436 128 75 portion
1916 436 41 75 of
1976 436 54 75 the
2058 436 64 75 firft
2150 436 97 75 fcale-

1215 482 70 75 nus,
1309 482 45 75 by
1369 482 19 75 a
1403 482 85 75 fhort
1508 482 55 75 flat
1580 482 131 75 tendon,
1735 482 112 75 united
1869 482 18 75 a
1908 482 85 75 little
2009 482 80 75 with
2108 482 54 75 the
2181 482 65 75 firft

1215 529 180 75 intercoftal
1409 529 132 75 mufcle.
1590 529 97 75 From
1703 529 114 75 thence
1831 529 26 75 it
1868 529 76 75 runs
1967 529 41 75 up
2024 529 78 75 over
2117 529 56 75 the
2190 529 56 75 po-

1214 575 110 75 fterior
1340 575 126 75 portion
1483 575 40 75 of
1546 575 56 75 the
1618 575 64 75 firft
1697 575 154 75 fcalenus,
1875 575 265 75 communicating
2167 575 78 75 like-

1216 622 73 75 wife
1304 622 79 75 with
1401 622 69 75 that
1486 622 130 75 mufcle,
1642 622 62 75 and
1720 622 26 75 is
1770 622 88 75 fixed
1876 622 44 75 by
1935 622 180 75 infertions,
2140 622 106 75 partly

1216 667 167 75 tendinous
1402 667 62 75 and
1483 667 105 75 partly
1603 667 108 75 flefliy,
1737 667 33 75 in
1794 667 56 75 the
1877 667 173 75 tranfverfe
2069 667 177 75 apophyfes

1214 714 40 75 of
1265 714 56 75 the
1340 714 76 75 four
1431 714 65 75 firft
1511 714 154 75 vertebne
1683 714 40 75 of
1733 714 56 75 the
1805 714 94 75 neck.

1260 761 76 75 The
1352 761 152 75 pofterior
1520 761 127 75 portion
1662 761 27 75 is
1710 761 87 75 fixed
1813 761 32 75 in
1862 761 55 75 the
1933 761 117 75 fecond
2068 761 62 75 rib,
2155 761 91 75 more

1213 807 170 75 backward
1399 807 78 75 than
1494 807 55 75 the
1564 807 107 75 other.
1720 807 100 75 From
1835 807 116 75 thence
1967 807 27 75 it
2013 807 76 75 runs
2106 807 55 75 up,
2190 807 55 75 be-

1211 852 54 75 ing
1281 852 131 75 divided
1428 852 68 75 into
1512 852 66 75 two
1590 852 156 75 portions,
1776 852 148 75 whereof
1934 852 60 75 one
2011 852 26 75 is
2055 852 138 75 inferted
2209 852 33 75 in

1212 899 54 75 the
1279 899 171 75 tranfverfe
1466 899 175 75 apophyfes
1657 899 41 75 of
1709 899 54 75 the
1776 899 91 75 three
1882 899 65 75 firft
1965 899 154 75 vertebrae
2136 899 40 75 of
2188 899 56 75 the

1211 945 92 75 neck,
1328 945 119 75 behind
1462 945 57 75 the
1533 945 142 75 fcalenus
1691 945 133 75 primus.
1887 945 78 75 The
1993 945 92 75 other
2114 945 129 75 portion

1211 991 74 75 runs
1302 991 42 75 up
1359 991 120 75 behind
1496 991 54 75 the
1567 991 131 75 former,
1725 991 61 75 and
1802 991 27 75 is
1846 991 137 75 inferted
2010 991 31 75 in
2070 991 55 75 the
2142 991 100 75 tranf-

1212 1038 87 75 verfe
1316 1038 173 75 apophyfes
1507 1038 39 75 of
1564 1038 56 75 the
1636 1038 65 75 two
1717 1038 64 75 firft
1798 1038 167 75 vertebrae.

1229 1151 314 75 SERRATUS
1579 1151 289 75 POSTICUS
1906 1151 310 75 SUPERIOR.

1256 1230 101 75 This
1375 1230 27 75 is
1420 1230 19 75 a
1454 1230 55 75 flat
1525 1230 70 75 thin
1609 1230 129 75 mufcle,
1763 1230 134 75 fituated
1912 1230 41 75 on
1969 1230 56 75 the
2047 1230 98 75 upper
2168 1230 73 75 part

1209 1276 38 75 of
1264 1276 56 75 the
1348 1276 92 75 back.
1491 1276 32 75 It
1551 1276 27 75 is
1598 1276 88 75 fixed
1702 1276 42 75 on
1772 1276 61 75 one
1860 1276 74 75 fide,
1959 1276 44 75 by
2032 1276 19 75 a
2076 1276 101 75 broad
2205 1276 33 75 a-

1208 1322 192 75 poneurofis,
1426 1322 37 75 to
1485 1322 55 75 the
1557 1322 100 75 lower
1685 1322 71 75 part
1784 1322 40 75 of
1846 1322 55 75 the
1926 1322 153 75 pofterior
2103 1322 136 75 cervical

1208 1369 165 75 ligament,
1400 1369 63 75 and
1490 1369 34 75 to
1550 1369 53 75 the
1627 1369 98 75 fpinal
1742 1369 175 75 apophyfes
1946 1369 40 75 of
2007 1369 55 75 the
2088 1369 66 75 two
2181 1369 61 75 laft

1209 1415 153 75 vertebrae
1380 1415 40 75 of
1431 1415 56 75 tfie
1503 1415 93 75 neck,
1622 1415 64 75 and
1703 1415 65 75 two
1784 1415 64 75 firft
1864 1415 40 75 of
1916 1415 55 75 the
1986 1415 95 75 back.

1256 1462 97 75 From
1369 1462 114 75 thence
1499 1462 27 75 it
1543 1462 74 75 runs
1634 1462 96 75 down
1748 1462 18 75 a
1782 1462 85 75 little
1891 1462 164 75 obliquely
2082 1462 154 75 forward,

1209 1508 62 75 and
1286 1508 26 75 is
1333 1508 155 75 inferted,
1506 1508 44 75 by
1564 1508 103 75 broad
1679 1508 95 75 flelhy
1791 1508 198 75 digitations,
2014 1508 32 75 in
2064 1508 55 75 tlje
2135 1508 101 75 pofte-

1208 1555 65 75 rior
1289 1555 71 75 part
1376 1555 40 75 of
1427 1555 55 75 the
1497 1555 130 75 fecond,
1653 1555 100 75 third,
1779 1555 122 75 fourth,
1928 1555 62 75 and
2006 1555 179 75 fometimes
2202 1555 41 75 of

1209 1600 55 75 the
1281 1600 73 75 fifth
1381 1600 71 75 true
1479 1600 76 75 ribs,
1581 1600 71 75 neai
1673 1600 84 75 their
1772 1600 130 75 angles;
1928 1600 57 75 but
2007 1600 179 75 fometimes
2211 1600 26 75 it

1207 1647 56 75 has
1280 1647 41 75 no
1341 1647 150 75 infertion
1509 1647 32 75 in
1558 1647 55 75 the
1630 1647 116 75 fecond
1766 1647 61 75 rib.

1234 1749 306 75 SERRATUS
1577 1749 284 75 POSTICUS
1898 1749 301 75 INFERIOR.

1252 1829 103 75 This
1374 1829 27 75 is
1426 1829 18 75 a
1459 1829 56 75 flat
1530 1829 70 75 thin
1618 1829 133 75 mufcle,
1774 1829 90 75 lying
1879 1829 42 75 on
1933 1829 55 75 the
2003 1829 99 75 lower
2114 1829 72 75 part
2202 1829 40 75 of

1206 1875 56 75 the
1280 1875 92 75 back.
1422 1875 31 75 It
1470 1875 27 75 is
1517 1875 88 75 fixed
1620 1875 33 75 in
1670 1875 54 75 the
1739 1875 57 75 laft
1812 1875 99 75 fpinal
1934 1875 163 75 apophyfis
2124 1875 40 75 of
2180 1875 57 75 the

1205 1920 93 75 back,
1324 1920 62 75 and
1402 1920 32 75 in
1447 1920 55 75 the
1509 1920 95 75 three
1621 1920 64 75 firft
1705 1920 40 75 of
1756 1920 56 75 the
1826 1920 96 75 loins,
1947 1920 44 75 by
2008 1920 18 75 a
2043 1920 101 75 broad
2159 1920 77 75 apo-

1205 1966 150 75 neurofis.
1403 1966 99 75 From
1518 1966 115 75 thence
1649 1966 25 75 it
1690 1966 75 75 runs
1783 1966 42 75 up
1841 1966 18 75 a
1870 1966 85 75 little
1968 1966 177 75 obliquely,
2171 1966 64 75 and

1205 2013 26 75 is
1247 2013 100 75 fixed,
1371 2013 44 75 by
1425 2013 98 75 flefhy
1539 2013 100 75 broad
1653 2013 188 75 digitations'
1841 2013 11 75 ,
1877 2013 34 75 in
1929 2013 55 75 the
1999 2013 58 75 laft
2073 2013 162 75 fourfalfe

1206 2058 77 75 ribs.
1332 2058 48 75 Its
1397 2058 179 75 infertions,
1602 2058 32 75 in
1645 2058 56 75 the
1712 2058 108 75 loweft
1837 2058 61 75 rib,
1920 2058 29 75 is
1965 2058 78 75 near
2062 2058 55 75 the
2134 2058 96 75 carti-

1204 2105 84 75 lage,
1313 2105 74 75 and,
1412 2105 33 75 in
1464 2105 55 75 the
1540 2105 93 75 other
1650 2105 102 75 three,
1777 2105 76 75 near
1870 2105 84 75 their
1970 2105 121 75 angles.

1412 2207 610 75 INTERCOSTALES.

1253 2288 84 75 The
1355 2288 180 75 intercoftal
1557 2288 133 75 mufcles
1713 2288 54 75 are
1781 2288 85 75 thin,
1892 2288 96 75 flelhy
2004 2288 120 75 planes,
2148 2288 89 75 lying

1206 2334 32 75 in
1258 2334 56 75 the
1331 2334 174 75 interftices
1523 2334 148 75 between
1694 2334 55 75 the
1773 2334 78 75 ribs,
1876 2334 83 75 their
1979 2334 95 75 fibres
2101 2334 135 75 running

1207 2380 167 75 obliquely
1388 2380 84 75 from
1489 2380 60 75 one
1565 2380 49 75 rib
1632 2380 36 75 to
1684 2380 147 75 another.
1880 2380 37 75 In
1934 2380 78 75 each
2025 2380 158 75 interftice
2192 2380 41 75 lie

1207 2427 66 75 two
1287 2427 121 75 planes,
1425 2427 41 75 an
1481 2427 145 75 external
1645 2427 62 75 and
1717 2427 38 75 an
1772 2427 147 75 internal,
1935 2427 118 75 clofdy
2065 2427 111 75 joined
2186 2427 51 75 to-

1206 2472 126 75 gether,
1357 2472 135 75 nothing
1514 2472 58 75 but
1596 2472 19 75 a
1637 2472 81 75 thin,
1743 2472 73 75 fine,
1842 2472 142 75 cellular,
2009 2472 224 75 membranous

1206 2520 70 75 web
1298 2520 128 75 coming
1439 2520 145 75 between
1601 2520 101 75 them.

1256 2564 184 75 According
1457 2564 34 75 to
1510 2564 63 75 this
1594 2564 124 75 natural
1738 2564 144 75 divifion,
1908 2564 90 75 there
2016 2564 80 75 muft
2111 2564 41 75 be
2169 2564 67 75 for-

1206 2611 127 75 ty-four
1359 2611 178 75 intercoftal
1553 2611 133 75 mufcles
1710 2611 33 75 in
1763 2611 55 75 the
1836 2611 202 75 twenty-two
2063 2611 174 75 interftices

1205 2658 59 75 left
1287 2658 144 75 between
1448 2658 55 75 the
1520 2658 214 75 twenty-four
1752 2658 64 75 ribs
1831 2658 11 75 ;
1879 2658 63 75 and
1969 2658 40 75 of
2028 2658 88 75 thefe
2144 2658 91 75 there

1207 2704 52 75 are
1275 2704 109 75 eleven
1408 2704 159 75 external,
1592 2704 63 75 and
1670 2704 110 75 eleven
1807 2704 150 75 internal,
1984 2704 42 75 on
2053 2704 78 75 each
2159 2704 76 75 fide.

1205 2749 77 75 The
1305 2749 94 75 fibres
1425 2749 40 75 of
1484 2749 56 75 the
1564 2749 146 75 external
1735 2749 197 75 intercoftals
1955 2749 59 75 run
2037 2749 95 75 down
2150 2749 87 75 from

1208 2796 117 75 behind
1348 2796 153 75 forward,
1526 2796 71 75 and,
1616 2796 90 75 thofe
1737 2796 40 75 of
1801 2796 56 75 the
1880 2796 135 75 internal
2039 2796 196 75 intercoftals

1207 2844 84 75 from
1309 2844 110 75 before
1439 2844 190 75 backward;
1656 2844 33 75 fo
1716 2844 71 75 that
1809 2844 55 75 the
1888 2844 94 75 fibres
2006 2844 41 75 of
2060 2844 87 75 thefe
2172 2844 69 75 two

1206 2889 94 75 feries
1318 2889 40 75 of
1369 2889 131 75 mufcles
1518 2889 87 75 crofs
1623 2889 78 75 each
1722 2889 106 75 other.

1251 2936 76 75 The
1343 2936 146 75 external
1505 2936 194 75 intercoftals
1715 2936 120 75 extend
1853 2936 182 75 commonly
2063 2936 87 75 from
2178 2936 57 75 the

1206 2981 155 75 vertebrae
1382 2981 34 75 to
1433 2981 55 75 the
1504 2981 175 75 extremity
1706 2981 40 75 of
1765 2981 56 75 the
1845 2981 100 75 upper
1971 2981 120 75 labium
2118 2981 41 75 of
2182 2981 55 75 the

1205 3028 86 75 bony
1306 3028 128 75 portion
1456 3028 42 75 of
1519 3028 77 75 each
1621 3028 61 75 rib,
1708 3028 63 75 and
1789 3028 41 75 go
1848 3028 41 75 no
1906 3028 140 75 further.
2090 3028 80 75 The
2186 3028 49 75 in-

2136 3067 103 75 ternal

697 178 41 75 A
853 178 43 75 N
1010 178 43 75 A
1168 178 38 75 T
1324 178 40 75 O
1482 178 47 75 M
1643 178 55 75 Y.
