2477 3395
812 1021 46 75 E

276 1138 87 75 Page
388 1138 75 75 127.
489 1138 126 75 column
639 1138 34 75 2.
698 1138 62 75 end
782 1138 40 75 of
841 1138 55 75 the
919 1138 65 75 firft
1009 1138 189 75 paragraph,
1226 1138 96 75 read.

374 1184 95 75 Plate
486 1184 66 75 XL
567 1184 62 75 fig.
650 1184 54 75 3.;
731 1184 62 75 and
810 1184 33 75 at
865 1184 57 75 the
943 1184 62 75 end
1021 1184 40 75 of
1080 1184 55 75 the
1152 1184 79 75 next
1248 1184 54 75 pa-

371 1229 145 75 ragraph,
542 1229 47 75 ¥'
589 1261 20 49 ta
609 1229 34 75 te
659 1229 66 75 XI.
741 1229 61 75 fig.
823 1229 35 75 2.

275 1285 75 75 End
378 1285 35 75 ot
445 1285 54 75 the
526 1285 110 75 article
663 1285 296 75 Amphisboena,
992 1285 77 75 read
1092 1285 101 75 Plate
1217 1285 87 75 XII.

361 1333 61 75 fig.
443 1333 33 75 2.

275 1379 42 75 St
331 1379 198 75 ANDftsw’r
546 1379 71 75 day.
665 1379 65 75 For
746 1379 58 75 the
826 1379 189 75 thirteenth,
1041 1379 78 75 read
1138 1379 55 75 the
1218 1379 84 75 thir-

370 1422 81 75 tieth
467 1422 41 75 of
525 1422 198 75 November.

275 1471 86 75 pige
380 1471 80 75 466.
485 1471 63 75 col.
567 1471 30 75 1.
622 1471 24 75 1.
662 1471 55 75 52.
743 1471 51 75 for
812 1471 87 75 vkX,
924 1471 77 75 read
1017 1471 80 75 /kA.

275 1518 88 75 Page
388 1518 81 75 467.
496 1518 64 75 col.
583 1518 29 75 1.
638 1518 24 75 3.
689 1518 54 75 12.
769 1518 112 75 fupply
905 1518 101 75 Plate
1029 1518 138 75 XLUI.
1182 1518 63 75 fig.
1271 1518 35 75 4.

370 1564 35 75 to
422 1564 107 75 which
544 1564 55 75 the
617 1564 287 75 reference-letters
920 1564 64 75 and
998 1564 116 75 figures
1127 1564 33 75 in
1176 1564 56 75 the
1252 1564 54 75 pa-

371 1608 135 75 ragraph
522 1608 129 75 belong.

276 1658 86 75 Page
380 1658 80 75 46S.
487 1658 64 75 col.
570 1658 31 75 x.
626 1658 24 75 1.
670 1658 56 75 26.
752 1658 50 75 for
810 1658 61 75 fig.
889 1658 32 75 3.
947 1658 145 75 read/^.
1116 1658 30 75 5.

275 1704 40 75 In
331 1704 55 75 fig.
406 1704 34 75 9.
459 1704 41 75 of
519 1704 91 75 Plate
633 1704 62 75 LI.
721 1704 55 75 the
801 1704 130 75 Bafion,
958 1704 38 75 or
1020 1704 231 75 Bafiard-bar,
1276 1704 27 75 is

370 1747 201 75 reprefented
593 1747 33 75 ic
654 1747 19 75 a
694 1747 112 75 wrong
829 1747 166 75 direction.
1052 1747 36 75 It
1113 1747 111 75 fhould
1246 1747 59 75 run

371 1796 86 75 thus,

277 1844 96 75 Bos.
422 1844 77 75 End
513 1844 40 75 of
571 1844 69 75 par.
659 1844 34 75 2.
719 1844 64 75 del.
799 1844 93 75 Plate
906 1844 83 75 LII.
1013 1844 56 75 fig.
1089 1844 34 75 2.
1148 1844 106 75 which
1277 1844 28 75 is

1447 1132 55 75 not
1519 1132 18 75 a
1553 1132 99 75 figure
1668 1132 40 75 of
1726 1132 55 75 the
1804 1132 145 75 common
1963 1132 78 75 bull,
2066 1132 57 75 but
2140 1132 41 75 of
2192 1132 53 75 the
2263 1132 111 75 Biforr,

1444 1179 164 75 defcribed
1624 1179 33 75 p.
1677 1179 81 75 625.
1785 1179 64 75 col.
1868 1179 33 75 2.

1353 1231 37 75 In
1408 1231 55 75 the
1480 1231 110 75 article
1606 1231 174 75 Breton,
1807 1231 51 75 tor
1871 1231 127 75 Jubjett
2014 1231 32 75 to
2062 1231 53 75 the
2130 1231 151 75 Englijh,
2305 1231 76 75 read

1428 1277 136 75 -fubjett
1580 1277 32 75 to
1628 1277 52 75 the
1697 1277 141 75 Britijh.

1350 1324 93 75 Plate
1461 1324 57 75 47.
1536 1324 176 75 reprefents
1729 1324 18 75 a
1762 1324 149 75 different
1927 1324 123 75 Orrery
2068 1324 82 75 from
2168 1324 55 75 the
2240 1324 60 75 one
2322 1324 56 75 de-

1444 1368 135 75 fcribed.
1626 1368 82 75 The,
1720 1368 85 75 right
1822 1368 60 75 one
1903 1368 67 75 will
1992 1368 39 75 be
2049 1368 169 75 engraven,
2243 1368 63 75 and
2321 1368 57 75 de?

1446 1415 121 75 livered
1582 1415 32 75 in
1631 1415 61 75 due
1705 1415 87 75 time.

1352 1461 318 75 Book-keeping.
1722 1461 30 75 A
1776 1461 124 75 variety
1921 1461 39 75 of
1979 1461 201 75 preliminary
2198 1461 179 75 Problems,

1450 1508 120 75 Cafes,,
1586 1508 64 75 drc.
1674 1508 141 75 referred
1832 1508 34 75 to
1882 1508 43 75 by
1941 1508 53 75 the
2012 1508 108 75 letters
2145 1508 61 75 and
2232 1508 148 75 nnmbera

1449 1553 106 75 which
1570 1553 56 75 the
1643 1553 111 75 reader
1770 1553 66 75 will
1852 1553 130 75 obferve
1997 1553 165 75 fubjoined
2185 1553 34 75 to
2242 1553 55 75 the
2320 1553 58 75 ex-

1448 1601 118 75 amples
1581 1601 33 75 in
1631 1601 55 75 the
1702 1601 226 75 Walte-book,
1952 1601 84 75 were
2053 1601 40 75 by
2116 1601 144 75 accident
2283 1601 95 75 omit-

1447 1647 53 75 ted
1517 1647 31 75 in
1564 1647 55 75 the
1636 1647 158 75 printing;
1821 1647 57 75 but
1900 1647 65 75 will
1991 1647 38 75 be
2055 1647 121 75 printed
2201 1647 63 75 and
2285 1647 94 75 gi-yen

1447 1693 30 75 in
1493 1693 115 75 proper
1625 1693 89 75 time,
1740 1693 77 75 with
1841 1693 169 75 directions
2036 1693 51 75 for
2109 1693 150 75 inferring
2275 1693 102 75 them,

1447 1739 89 75 —So
1552 1739 72 75 that
1640 1739 65 75 this
1720 1739 70 75 and
1803 1739 52 75 the
1866 1739 174 75 preceding
2055 1739 119 75 article
2190 1739 67 75 may
2275 1739 34 75 be
2325 1739 53 75 ex-

1442 1787 132 75 punged
1584 1787 94 75 from
1694 1787 66 75 this
1775 1787 52 75 lilt
1839 1787 7 75 '
1846 1787 88 75 when
1950 1787 50 75 the
2017 1787 70 75 book
2104 1787 28 75 is
2149 1787 115 75 bound.

374 1933 69 75 ***.
488 1933 33 75 It
537 1933 26 75 is
579 1933 133 75 humbly
729 1933 118 75 hoped,
872 1933 69 75 that
968 1933 56 75 the
1049 1933 101 75 above
1177 1933 111 75 faults,
1313 1933 79 75 with
1420 1933 109 75 others
1544 1933 105 75 which
1677 1933 73 75 may
1766 1933 81 75 have
1863 1933 130 75 efcaped
2016 1933 117 75 notice,
2159 1933 37 75 or
2218 1933 53 75 are
2301 1933 76 75 here

279 1982 135 75 omitted
446 1982 34 75 as
505 1982 120 75 trivial,
650 1982 66 75 will
748 1982 39 75 Be
815 1982 149 75 candidly
979 1982 133 75 deemed
1139 1982 106 75 venial
1269 1982 33 75 in
1325 1982 20 75 a
1361 1982 92 75 work
1477 1982 34 75 fo
1527 1982 161 75 complex,
1713 1982 34 75 fo
1763 1982 138 75 various,
1926 1982 63 75 and
2020 1982 35 75 fo
2083 1982 159 75 extenfive
2270 1982 39 75 as.
2322 1982 59 75 the

277 2028 135 75 prefeat.
