2396 3377
476 125 41 75 A
576 125 35 75 L
670 125 45 75 N

105 192 257 75 ALMONER,
386 192 39 75 an
442 192 110 75 officer
568 192 173 75 appointed
757 192 35 75 to
811 192 167 75 diftribute
1002 192 80 75 alms
1105 192 35 75 to

152 240 54 75 the
218 240 96 75 .poor.

104 285 257 75 ALMONRY,
387 285 185 75 Aumbry,
597 285 158 75 Ambry.
806 285 62 75 See
884 285 158 75 Ambry.

103 334 148 75 ALMS,
276 334 20 75 a
318 334 129 75 general
463 334 83 75 term
561 334 54 75 for
630 334 88 75 what
734 334 27 75 is
779 334 97 75 given
892 334 58 75 out
973 334 41 75 of
1033 334 104 75 chari-

150 379 37 75 ty
202 379 35 75 to
257 379 56 75 the
330 379 92 75 poor.

197 426 36 75 In
251 426 56 75 the
322 426 90 75 early
428 426 74 75 ages
519 426 40 75 of
582 426 237 75 Chriftianity,'
829 426 56 75 the
912 426 80 75 alms
1021 426 41 75 of
1080 426 55 75 the

149 472 177 75 charitable
340 472 85 75 were
441 472 130 75 divided
586 472 69 75 into
671 472 74 75 four
756 472 109 75 parts;
892 472 61 75 one
969 472 41 75 of
1028 472 106 75 which

148 519 64 75 was
232 519 136 75 allotted
382 519 36 75 to
434 519 56 75 the
505 519 122 75 biffiop,
645 519 136 75 another
800 519 35 75 to
852 519 56 75 the
924 519 123 75 priefls,
1073 519 63 75 and

150 566 19 75 a
191 566 90 75 third
304 566 35 75 to
363 566 56 75 the
434 566 138 75 deacons
597 566 63 75 and
678 566 223 75 fub-deacons,
918 566 108 75 which
1043 566 92 75 made

149 612 85 75 their
251 612 106 75 whole
373 612 182 75 fubfiftence
567 612 10 75 ;
602 612 56 75 the
670 612 111 75 fourth
798 612 71 75 part
885 612 64 75 was
966 612 167 75 employed

148 659 32 75 in
196 659 153 75 relieving
366 659 55 75 the
438 659 91 75 poor,
554 659 63 75 and
632 659 33 75 in
682 659 158 75 repairing
856 659 56 75 the
929 659 168 75 churches.

100 707 124 75 Alms,
242 707 66 75 alfo
319 707 132 75 denotes
463 707 91 75 lands
566 707 39 75 or
620 707 94 75 other
728 707 109 75 effefts
850 707 60 75 left
926 707 35 75 to
978 707 155 75 churches

144 754 40 75 or
200 754 151 75 religious
367 754 126 75 houfes,
520 754 41 75 on
588 754 164 75 condition
778 754 41 75 of
841 754 134 75 praying
999 754 52 75 for
1077 754 55 75 the

147 800 67 75 foul
231 800 41 75 of
283 800 56 75 the
355 800 116 75 donor.
519 800 125 75 Hence,

100 848 81 75 Free
197 848 109 75 Alms
334 848 66 75 was
422 848 72 75 that
519 848 107 75 which
645 848 28 75 is
693 848 100 75 liable
808 848 37 75 to
861 848 43 75 no
920 848 73 75 rent
1012 848 40 75 or
1066 848 64 75 fer-

146 895 82 75 vice.

101 941 196 75 Reafonable
312 941 57 75 Al
376 941 25 75 m
408 941 14 75 s
441 941 65 75 was
524 941 20 75 a
559 941 120 75 certain
694 941 129 75 portion
838 941 42 75 of
893 941 57 75 the
967 941 111 75 eftates
1095 941 42 75 of

144 987 146 75 inteftate
306 987 141 75 perfons,
473 987 136 75 allotted
624 987 36 75 to
676 987 56 75 the
749 987 93 75 poor.

96 1034 199 75 Alms-^x;
318 1034 39 75 or
378 1034 221 75 Alms-cA?/?,
625 1034 33 75 in
675 1034 166 75 churches,
869 1034 62 75 and
962 1034 166 75 hofpitals,

146 1084 64 75 ebc.
228 1084 19 75 a
258 1084 108 75 llrong
380 1084 81 75 box,
480 1084 79 75 with
576 1084 20 75 a
610 1084 74 75 hole
694 1084 37 75 or
746 1084 49 75 flit
812 1084 30 75 in
859 1084 56 75 the
928 1084 100 75 upper
1042 1084 85 75 part,

143 1128 34 75 to
193 1128 123 75 receive
333 1128 55 75 the
405 1128 79 75 alms
500 1128 41 75 of
552 1128 55 75 the
624 1128 179 75 charitably
818 1128 157 75 difpofed.

94 1175 226 75 A^wis-feoth,
337 1175 38 75 or
390 1175 254 75 Alhihs-feoth,
674 1175 18 75 a
708 1175 82 75 term
807 1175 162 75 anciently
986 1175 75 75 ufed
1077 1175 53 75 for

143 1221 124 75 Peter’s
284 1221 111 75 pence.
445 1221 62 75 See
523 1221 160 75 Peter’s
700 1221 142 75 Pence.

94 1268 223 75 Ahvi&-houfe
317 1300 12 49 ?
353 1268 19 75 a
387 1268 80 75 kind
482 1268 40 75 of
531 1268 137 75 hofpital
684 1268 53 75 for
752 1268 55 75 the
824 1268 217 75 maintenance
1058 1268 40 75 of
1109 1268 19 75 a

141 1313 118 75 certain
278 1313 134 75 number
426 1313 41 75 of
478 1313 91 75 poor,
591 1313 93 75 aged,
702 1313 37 75 or
755 1313 142 75 difabled
913 1313 140 75 perfons.

93 1360 256 75 ALMSTAD,
378 1360 19 75 a
419 1360 88 75 town
532 1360 40 75 of
596 1360 148 75 Sweden,
774 1360 30 75 in
834 1360 55 75 the
913 1360 150 75 province
1090 1360 42 75 of

142 1407 162 75 Smaland,
323 1407 74 75 four
412 1407 90 75 miles
520 1407 44 75 E.
581 1407 41 75 of
633 1407 240 75 Chriflianftad.

92 1453 446 75 ALMOXARIFARGO,
567 1453 40 75 an
624 1453 55 75 old
695 1453 82 75 duty
789 1453 72 75 paid
879 1453 85 75 upon
981 1453 56 75 the
1049 1453 74 75 Bri-

139 1500 56 75 tifh
213 1500 139 75 woollen
368 1500 231 75 manufadtures
621 1500 33 75 in
670 1500 57 75 old
744 1500 98 75 Spain
857 1500 9 75 :
903 1500 82 75 Alfo
1009 1500 19 75 a
1043 1500 81 75 duty

138 1548 40 75 of
190 1548 46 75 2t
250 1548 61 75 per
326 1548 85 75 cent,
424 1548 76 75 paid
515 1548 32 75 in
566 1548 131 75 Spanifh
714 1548 163 75 America,
894 1548 86 75 upon
992 1548 55 75 the
1062 1548 60 75 ex-

136 1593 162 75 portation
315 1593 40 75 of
367 1593 83 75 bulls
467 1593 91 75 hides
574 1593 33 75 in
623 1593 171 75 European
810 1593 122 75 veflels.

91 1641 390 75 ALMUCANTARS,
498 1641 32 75 in
549 1641 192 75 aftronomy,
760 1641 38 75 an
814 1641 121 75 Arabic
957 1641 91 75 word
1063 1641 58 75 de-

136 1687 111 75 noting
268 1687 113 75 circles
397 1687 40 75 of
456 1687 55 75 the
527 1687 111 75 fphere
655 1687 114 75 palling
785 1687 141 75 through
941 1687 56 75 the
1014 1687 109 75 center

136 1733 39 75 of
193 1733 56 75 the
266 1733 68 75 fun,
360 1733 37 75 or
417 1733 19 75 a
459 1733 72 75 ftar,
556 1733 131 75 parallel
711 1733 36 75 to
769 1733 56 75 the
848 1733 148 75 horizon,
1025 1733 95 75 being

135 1780 56 75 the
206 1780 84 75 fame
314 1780 34 75 as
372 1780 146 75 parallels
544 1780 40 75 of
605 1780 147 75 altitude.
803 1780 62 75 See
893 1780 170 75 Parallels
1086 1780 44 75 of

136 1826 228 75 Altitude.

86 1874 285 75 ALMUCIUM,
394 1874 132 75 denotes
545 1874 19 75 a
587 1874 78 75 kind
685 1874 41 75 of
747 1874 96 75 cover
868 1874 51 75 for
942 1874 55 75 the
1020 1874 96 75 head,

132 1919 89 75 worn
236 1919 116 75 chiefly
367 1919 44 75 by
433 1919 113 75 monks
569 1919 63 75 and
655 1919 221 75 ecclefiaftics:
911 1919 32 75 It
959 1919 65 75 was
1041 1919 41 75 of
1098 1919 20 75 a

129 1967 113 75 f^uare
258 1967 97 75 form,
381 1967 64 75 and
461 1967 98 75 feems
577 1967 34 75 to
628 1967 80 75 have
724 1967 94 75 given
835 1967 61 75 rife
912 1967 35 75 to
965 1967 54 75 the
1036 1967 79 75 bon-

130 2014 70 75 nets
218 2014 40 75 of
270 2014 55 75 the
340 2014 84 75 fame
440 2014 105 75 fliape,
555 2014 61 75 ftill
633 2014 144 75 retained
791 2014 33 75 in
841 2014 195 75 univerfities
1054 2014 64 75 and

130 2060 194 75 cathedrals.

82 2107 241 75 ALMUCIA,
351 2107 27 75 is
406 2107 178 75 fometimes
610 2107 64 75 alfo
704 2107 75 75 ufed
806 2107 52 75 for
882 2107 57 75 the
961 2107 81 75 furs,
1076 2107 38 75 or

129 2153 108 75 muffs,
262 2153 89 75 worn
366 2153 44 75 by
426 2153 55 75 the
498 2153 124 75 ancient
639 2153 116 75 canons
772 2153 43 75 on
837 2153 86 75 their
937 2153 61 75 left
1015 2153 96 75 arms.

81 2200 342 75 ALMUG-TREE,
437 2200 183 75 mentioned
632 2200 33 75 in
679 2200 177 75 Scripture,
873 2200 27 75 is
912 2200 153 75 fuppofed
1077 2200 35 75 to

128 2246 38 75 be
183 2246 55 75 the
254 2246 84 75 fame
354 2246 78 75 with
448 2246 71 75 that
534 2246 106 75 which
657 2246 154 75 produces
828 2246 55 75 the
900 2246 76 75 gum
992 2246 118 75 arabic.

81 2294 325 75 ALMUNECAR,
432 2294 19 75 a
477 2294 178 75 port-town
675 2294 41 75 of
743 2294 166 75 Granada,
938 2294 33 75 in
998 2294 110 75 Spain,

126 2339 133 75 fituated
286 2339 83 75 upon
395 2339 56 75 the
476 2339 281 75 Mediterranean:
796 2339 62 75 W.
875 2339 89 75 Ipng.
984 2339 18 75 3
1002 2321 21 49 0
1037 2339 70 75 45'.

125 2386 47 75 N.
190 2386 58 75 lat.
268 2386 63 75 36°
350 2386 68 75 40'.

78 2434 419 75 ALMUTAZAPHUS,
523 2434 19 75 a
562 2434 179 75 magiflrate
757 2434 41 75 of
814 2434 164 75 Arragon,
1003 2434 106 75 whofe

122 2479 94 75 office
243 2479 26 75 it
296 2479 65 75 was
385 2479 35 75 to
448 2479 117 75 infpedt
591 2479 157 75 meafures
774 2479 63 75 and
865 2479 147 75 weights,
1045 2479 63 75 and

124 2525 109 75 fearch
248 2525 114 75 houfes
378 2525 53 75 for
445 2525 100 75 ftolen
561 2525 114 75 goods.

77 2573 295 75 ALMUTHEN,
400 2573 32 75 in
462 2573 170 75 aftrology,
650 2573 55 75 the
723 2573 106 75 planet
852 2573 106 75 which
985 2573 121 75 furpaf-

122 2617 46 75 fes
186 2617 55 75 the
258 2617 60 75 reft
334 2617 78 75 with
429 2617 118 75 refpedt
563 2617 35 75 to
614 2617 161 75 dignities.
827 2617 60 75 See
905 2617 198 75 Dignity.

74 2665 266 75 ALNABATI,
350 2665 32 75 in
398 2665 131 75 botany,
542 2665 40 75 an
599 2665 141 75 obfolete
752 2665 92 75 name
858 2665 41 75 of
909 2665 55 75 the
980 2665 123 75 filiqua.

124 2710 61 75 See
204 2710 181 75 Siliqjja.

74 2757 218 75 ALNAGE,
320 2757 37 75 or
372 2757 206 75 Aulnage,
606 2757 33 75 in
666 2757 57 75 the
746 2757 132 75 Englilh
905 2757 114 75 polity,
1048 2757 56 75 the

120 2802 175 75 meafuring
318 2802 41 75 of
370 2802 137 75 woollen
531 2802 232 75 manufadtures
792 2802 79 75 with
895 2802 40 75 an
956 2802 55 75 ell,
1043 2802 63 75 and

119 2847 55 75 the
191 2847 93 75 other
301 2847 156 75 fundtions
474 2847 40 75 of
520 2847 56 75 the
592 2847 141 75 alnager.

71 2896 251 75 ALNAGER,
335 2896 31 75 in
383 2896 56 75 the
455 2896 132 75 Englifh
599 2896 114 75 polity,
722 2896 19 75 a
751 2896 107 75 public
868 2896 103 75 fwom
981 2896 119 75 officer,

118 2941 104 75 whofe
254 2941 133 75 hufinefs
415 2941 27 75 is
470 2941 36 75 to
531 2941 146 75 examine
700 2941 70 75 into
797 2941 56 75 the
878 2941 90 75 affize
992 2941 40 75 of
1057 2941 42 75 all

116 2987 138 75 woollen
269 2987 89 75 cloth
373 2987 93 75 made
489 2987 200 75 throughout
711 2987 57 75 the
790 2987 166 75 kingdom,
985 2987 63 75 and
1063 2987 35 75 to

163 3035 101 75 Vol.
282 3035 30 75 I.
361 3035 70 75 No.
449 3035 34 75 6.

935 3035 18 75 3

1591 124 41 75 A
1690 124 35 75 L
1782 124 41 75 O

1239 192 46 75 fix
1307 192 79 75 feals
1412 192 85 75 upon
1514 192 101 75 them.
1663 192 152 75 Another
1830 192 119 75 branch
1968 192 40 75 of
2021 192 49 75 his
2088 192 90 75 office
2194 192 28 75 is

1238 238 35 75 to
1289 238 114 75 colledl
1419 238 38 75 an
1475 238 209 75 alnage-duty
1699 238 35 75 to
1751 238 55 75 the
1822 238 88 75 king.

1191 287 190 75 ALNAM,
1394 287 32 75 in
1442 287 131 75 botany,
1592 287 39 75 an
1647 287 141 75 obfolete
1804 287 91 75 name
1907 287 41 75 of
1966 287 53 75 the
2037 287 78 75 Pule
2118 287 99 75 glum.

1237 333 61 75 See
1315 333 226 75 Pulegium.

1189 380 177 75 ALNEY,
1391 380 20 75 a
1425 380 89 75 fmall
1537 380 99 75 ifland
1658 380 127 75 formed
1800 380 44 75 by
1860 380 55 75 the
1932 380 154 75 branches
2103 380 41 75 of
2163 380 56 75 the

1236 426 133 75 Severn,
1398 426 75 75 near
1494 426 180 75 Glocefter,
1702 426 34 75 in
1759 426 173 75 England;
1961 426 104 75 called
2081 426 65 75 alfo
2162 426 56 75 the

1235 473 114 75 Eight.

1185 520 180 75 ALNUS,
1390 520 33 75 in
1439 520 131 75 botany,
1597 520 19 75 a
1631 520 173 75 fynonyme
1819 520 41 75 of
1878 520 18 75 a
1910 520 119 75 fpecies
2045 520 41 75 of
2097 520 119 75 betula,

1234 565 38 75 or
1287 565 186 75 alder-tree.
1522 565 63 75 See
1601 565 176 75 Betula.

1186 614 146 75 Alnus,
1362 614 33 75 in
1419 614 56 75 the
1502 614 124 75 ancient
1654 614 153 75 theatres,
1835 614 71 75 that
1933 614 70 75 part
2026 614 106 75 which
2148 614 66 75 was

1233 660 79 75 moft
1327 660 116 75 diftant
1453 660 85 75 from
1551 660 54 75 the
1622 660 96 75 ftage.

1185 708 247 75 ALNWICK,
1461 708 55 75 the
1543 708 224 75 county-town
1790 708 41 75 of
1853 708 310 75 Northumberland,
2180 708 33 75 in

1232 754 162 75 England,
1412 754 135 75 fituated
1567 754 85 75 upon
1668 754 56 75 the
1739 754 85 75 alne.

1184 801 146 75 ALOA,
1344 801 33 75 in
1394 801 143 75 Grecian
1553 801 171 75 antiquity,
1738 801 19 75 a
1771 801 121 75 feftival
1902 801 77 75 kept
1994 801 33 75 in
2043 801 124 75 honour
2178 801 41 75 of

1230 847 100 75 Ceres
1351 847 44 75 by
1411 847 57 75 the
1494 847 226 75 hufbandmen,
1748 847 63 75 and
1825 847 153 75 fuppofed
2000 847 35 75 to
2060 847 152 75 refemble

1230 894 58 75 our
1301 894 250 75 harveft-home.

1182 941 146 75 ALOE,
1345 941 31 75 in
1394 941 131 75 botany,
1552 941 18 75 a
1586 941 96 75 genus
1699 941 39 75 of
1756 941 54 75 the
1826 941 178 75 hexandria
2019 941 193 75 monogynia

1229 988 91 75 clafs.
1367 988 77 75 The
1457 988 176 75 charadters
1646 988 53 75 are
1715 988 8 75 :
1748 988 79 75 The
1844 988 123 75 corolla
1981 988 26 75 is
2019 988 96 75 eredt,
2129 988 82 75 open

1229 1034 33 75 at
1278 1034 56 75 the
1351 1034 69 75 top,
1435 1034 63 75 and
1513 1034 55 75 the
1584 1034 171 75 nedtarium
1772 1034 34 75 at
1822 1034 54 75 the
1893 1034 125 75 bottom
2036 1034 40 75 of
2087 1034 49 75 it;
2155 1034 56 75 the

1228 1081 155 75 filaments
1411 1081 40 75 of
1470 1081 55 75 the
1547 1081 129 75 ftamina
1698 1081 53 75 are
1774 1081 137 75 inferred
1932 1081 32 75 in
1989 1081 55 75 the
2066 1081 142 75 recepta-

1229 1131 60 75 cle,
1318 1131 56 75 the
1397 1131 105 75 leaves
1519 1131 53 75 are
1590 1131 102 75 thick,
1709 1131 175 75 fucculent,
1902 1131 61 75 and
1979 1131 52 75 for
2047 1131 54 75 the
2113 1131 4 75 .
2129 1131 81 75 moft

1228 1175 72 75 part
1316 1175 88 75 befet
1419 1175 78 75 with
1513 1175 122 75 briftles
1650 1175 11 75 ;
1687 1175 56 75 the
1758 1175 80 75 fruit
1853 1175 26 75 is
1893 1175 119 75 oblong
2027 1175 63 75 and
2106 1175 101 75 cylin-

1227 1222 113 75 drical,
1358 1222 63 75 and
1437 1222 132 75 divided
1582 1222 69 75 into
1667 1222 91 75 three
1773 1222 90 75 cells,
1882 1222 104 75 which
2004 1222 126 75 contain
2152 1222 57 75 flat

1226 1269 212 75 femicircular
1462 1269 101 75 feeds.
1610 1269 113 75 There
1749 1269 55 75 are
1835 1269 88 75 eight
1950 1269 117 75 fpecies
2090 1269 41 75 of
2152 1269 56 75 the

1225 1316 81 75 aloe,
1343 1316 69 75 viz.
1454 1316 56 75 the
1540 1316 182 75 perfoliata,
1756 1316 172 75 variegata,
1963 1316 142 75 difticha,
2142 1316 62 75 fpi-

1226 1362 87 75 ralis,
1342 1362 130 75 vifcofa,
1510 1362 130 75 pumila,
1668 1362 121 75 uvaria,
1818 1362 62 75 and
1912 1362 115 75 retufa,
2060 1362 80 75 moft
2171 1362 41 75 of

1224 1409 88 75 them
1328 1409 120 75 natives
1460 1409 41 75 of
1512 1409 126 75 Africa.
1685 1409 77 75 The
1779 1409 115 75 retufa,
1913 1409 37 75 or
1962 1409 90 75 pearl
2069 1409 82 75 aloe,
2176 1409 28 75 is

1224 1456 18 75 a
1258 1456 78 75 very
1350 1456 156 75 beautiful
1522 1456 100 75 plant.
1671 1456 32 75 It
1719 1456 27 75 is
1762 1456 127 75 fmaller
1904 1456 78 75 than
1999 1456 79 75 moft
2097 1456 41 75 of
2148 1456 56 75 the

1223 1504 70 75 aloe
1316 1504 90 75 kind.
1454 1504 77 75 The
1555 1504 105 75 leaves
1688 1504 52 75 are
1767 1504 98 75 fhort,
1892 1504 77 75 very
1990 1504 100 75 thick,
2113 1504 90 75 ffiarp

1222 1549 141 75 pointed,
1381 1549 62 75 and
1460 1549 129 75 turning
1604 1549 95 75 down
1715 1549 79 75 with
1812 1549 18 75 a
1844 1549 89 75 large
1948 1549 91 75 thick
2055 1549 74 75 end,
2148 1549 54 75 ap-

1221 1596 74 75 pear
1316 1596 91 75 there
1431 1596 188 75 triangular.
1665 1596 79 75 The
1761 1596 111 75 colour
1888 1596 40 75 of
1945 1596 55 75 the
2020 1596 103 75 leaves
2140 1596 26 75 is
2184 1596 19 75 a

1220 1643 61 75 fine
1297 1643 109 75 green,
1434 1643 116 75 ftriped
1572 1643 32 75 in
1628 1643 39 75 an
1695 1643 127 75 elegant
1848 1643 130 75 manner
1994 1643 78 75 with
2090 1643 110 75 white,

1220 1689 62 75 and
1308 1689 185 75 frequently
1509 1689 110 75 tipped
1644 1689 80 75 with
1751 1689 58 75 red
1835 1689 32 75 at
1895 1689 55 75 the
1974 1689 101 75 point.
2123 1689 77 75 The

1219 1736 216 75 flower-ftalk,
1452 1736 107 75 which
1575 1736 76 75 rifes
1666 1736 33 75 in
1716 1736 55 75 the
1787 1736 92 75 midft
1895 1736 40 75 of
1953 1736 56 75 the
2025 1736 119 75 leaves,
2172 1736 26 75 is

1220 1783 114 75 round,
1348 1783 141 75 fmooth,
1502 1783 42 75 of
1554 1783 18 75 a
1587 1783 111 75 purple
1715 1783 123 75 colour,
1852 1783 62 75 and
1927 1783 163 75 generally
2102 1783 98 75 about

1218 1830 88 75 eight
1321 1830 107 75 inches
1444 1830 91 75 high.
1584 1830 111 75 When
1707 1830 55 75 the
1777 1830 87 75 plant
1881 1830 56 75 has
1955 1830 79 75 been
2050 1830 149 75 properly

1217 1875 184 75 cultivated,
1430 1875 56 75 the
1513 1875 125 75 flowers
1670 1875 52 75 are
1754 1875 117 75 ftriped
1897 1875 77 75 with
2005 1875 97 75 green
2135 1875 64 75 and

1215 1924 117 75 white;
1360 1924 62 75 and
1437 1924 178 75 fometimes
1631 1924 78 75 they
1726 1924 53 75 are
1801 1924 136 75 entirely
1952 1924 110 75 white.
2110 1924 86 75 This

1216 1970 68 75 aloe
1306 1970 27 75 is
1357 1970 136 75 Angular
1508 1970 32 75 in
1556 1970 56 75 not
1628 1970 118 75 having
1766 1970 56 75 the
1838 1970 98 75 bitter
1952 1970 135 75 reflnous
2108 1970 89 75 juice

1215 2017 77 75 with
1313 2017 105 75 which
1439 2017 54 75 the
1509 2017 104 75 leaves
1636 2017 42 75 of
1699 2017 79 75 moft
1794 2017 108 75 others
1919 2017 148 75 abound;
2101 2017 94 75 when

1215 2063 19 75 a
1249 2063 70 75 leaf
1329 2063 41 75 of
1384 2063 63 75 this
1465 2063 115 75 fpecies
1598 2063 27 75 is
1642 2063 67 75 cut,
1735 2063 86 75 what
1843 2063 73 75 runs
1934 2063 85 75 from
2034 2063 26 75 it
2086 2063 26 75 is
2129 2063 65 75 wa-

1213 2108 82 75 tery,
1322 2108 184 75 colourlefs,
1530 2108 64 75 and
1609 2108 154 75 perfectly
1779 2108 122 75 inflpid.
1950 2108 150 75 Linnaeus
2124 2108 69 75 fays

1213 2156 70 75 that
1311 2156 64 75 this
1400 2156 88 75 plant
1505 2156 119 75 thrives
1642 2156 65 75 beft
1723 2156 32 75 in
1772 2156 18 75 a
1806 2156 70 75 clay
1889 2156 74 75 foil,
1989 2156 63 75 and
2078 2156 70 75 that
2164 2156 27 75 it

1210 2205 106 75 grows
1333 2205 77 75 wild
1425 2205 33 75 in
1474 2205 56 75 the
1547 2205 226 75 clay-grounds
1790 2205 40 75 of
1853 2205 124 75 Africa.
2028 2205 62 75 See
2106 2205 86 75 plate

1211 2249 64 75 XL
1296 2249 55 75 fig.
1370 2249 30 75 1.

1256 2295 77 75 The
1349 2295 178 75 infpiffated
1546 2295 88 75 juice
1650 2295 41 75 of
1713 2295 55 75 the
1792 2295 70 75 aloe
1889 2295 26 75 is
1949 2295 18 75 a
1994 2295 196 75 ftimulating

1208 2342 155 75 cathartic
1394 2342 110 75 bitter,
1538 2342 63 75 and
1630 2342 27 75 is
1682 2342 75 75 ufed
1781 2342 32 75 in
1833 2342 124 75 various
1989 2342 114 75 forms,
2135 2342 53 75 for

1207 2388 154 75 cleanfing
1383 2388 57 75 the
1473 2388 107 75 primae
1612 2388 71 75 viae,
1717 2388 198 75 attenuating
1942 2388 62 75 and
2031 2388 157 75 refolving

1207 2434 98 75 vifcid
1328 2434 115 75 juices,
1476 2434 51 75 for
1555 2434 184 75 promoting
1762 2434 56 75 the
1833 2434 124 75 uterine
1974 2434 62 75 and
2050 2434 135 75 hemor-

1210 2480 125 75 rhoidal
1351 2480 115 75 fluxes,
1484 2480 114 75 killing
1614 2480 130 75 worms,
1766 2480 65 75 fac.

1159 2528 317 75 ALOE-WOOD.
1527 2528 62 75 See
1605 2528 270 75 Xylo-Aloes.

1157 2575 280 75 ALOEDARY,
1454 2575 38 75 an
1508 2575 141 75 ohfolete
1664 2575 91 75 name
1770 2575 42 75 of
1828 2575 19 75 a
1862 2575 140 75 purging
2013 2575 167 75 medicine,

1203 2620 105 75 whofe
1324 2620 91 75 chief
1431 2620 179 75 ingredient
1625 2620 25 75 is
1674 2620 99 75 aloes.

1155 2668 255 75 ALOETICS,
1425 2668 54 75 the
1496 2668 90 75 name
1603 2668 41 75 of
1658 2668 42 75 all
1716 2668 171 75 medicines
1908 2668 106 75 whofe
2031 2668 90 75 chief
2132 2668 48 75 in-

1201 2713 145 75 gredient
1361 2713 25 75 is
1405 2713 98 75 aloes.

1153 2761 263 75 ALOGIANS,
1440 2761 31 75 in
1489 2761 267 75 church-hiftory,
1783 2761 19 75 a
1817 2761 62 75 fe<£t
1895 2761 41 75 of
1946 2761 125 75 ancient
2086 2761 91 75 here-

1199 2806 73 75 tics,
1282 2806 74 75 who
1371 2806 115 75 denied
1501 2806 70 75 that
1588 2806 90 75 Jefus
1695 2806 109 75 Chrift
1820 2806 64 75 was
1901 2806 55 75 the
1973 2806 124 75 Logos,
2115 2806 63 75 and

1200 2854 223 75 confequently
1435 2854 138 75 rejeaed
1588 2854 56 75 the
1659 2854 106 75 gofpel
1783 2854 41 75 of
1836 2854 50 75 St.
1901 2854 100 75 John.

1151 2904 401 75 ALOGOTROPHIA,
1589 2904 115 75 among
1734 2904 187 75 phyficians,
1947 2904 56 75 the
2035 2904 140 75 unequal

1196 2947 125 75 growth
1342 2947 37 75 or
1395 2947 212 75 nouriftment
1624 2947 40 75 of
1675 2947 61 75 any
1753 2947 70 75 part
1840 2947 40 75 of
1890 2947 56 75 the
1962 2947 101 75 body,
2093 2947 32 75 as
2143 2947 33 75 in

1196 2994 54 75 the
1268 2994 131 75 rickets.

1328 3050 16 75 I
1359 3050 12 75 i

1944 3050 235 75 'ALOIDES,

1063 139 19 75 (
1145 139 75 75 125
1281 139 19 75 )
