2397 3387
101 205 81 75 592

602 205 36 75 B
715 205 40 75 O
831 205 41 75 O
947 205 37 75 K
1022 205 16 75 -
1074 205 38 75 K

98 274 90 75 when
206 274 76 75 kept
297 274 152 75 in-books
478 274 95 75 along
596 274 79 75 with
695 274 92 75 other
805 274 159 75 bufmefs;
1002 274 59 75 but
1078 274 53 75 are

98 320 105 75 clofed
220 320 77 75 with
316 320 106 75 Profit
439 320 68 75 and
526 320 72 75 Lofs
615 320 37 75 in
662 320 169 75 Company,
858 320 52 75 for
928 320 55 75 the
999 320 73 75 gain
1090 320 38 75 or

94 368 83 75 lofs;
205 368 62 75 and
285 368 77 75 with
387 368 144 75 partners
547 368 168 75 /iccompts
734 368 34 75 in
785 368 161 75 company,
970 368 51 75 for
1046 368 85 75 their

96 413 170 75 refpe&ive
283 413 103 75 ihares
400 413 39 75 of
450 413 102 75 goods
570 413 176 75 remaining
763 413 125 75 unfold,
914 413 37 75 or
968 413 33 75 at
1016 413 65 75 fea.

417 490 32 75 2.
475 490 82 75 CafJo
577 490 35 75 in
628 490 169 75 Company,

142 536 170 75 Contains,
336 536 86 75 upon
439 536 56 75 the
511 536 54 75 Dr
577 536 75 75 fide,
677 536 56 75 the
751 536 82 75 fums
851 536 40 75 of
904 536 114 75 money
1035 536 93 75 given

94 584 30 75 in
144 584 42 75 by
201 584 156 75 partners,
384 584 62 75 and
459 584 145 75 received
615 584 82 75 from
717 584 122 75 dealers
852 584 51 75 for
919 584 100 75 goods
1035 584 68 75 fold
1115 584 11 75 ;

94 630 55 75 the
166 630 47 75 Cr
230 630 62 75 fide
317 630 143 75 contains
477 630 56 75 the
558 630 82 75 firms
656 630 66 75 kid
747 630 81 75 out;
854 630 34 75 fo
906 630 69 75 that
993 630 55 75 the
1065 630 61 75 dif-

95 677 125 75 ference
244 677 39 75 of
294 677 41 75 its
352 677 79 75 fides
448 677 25 75 is
491 677 56 75 the
564 677 115 75 money
696 677 40 75 on
753 677 87 75 hand
855 677 10 75 ;
893 677 62 75 and
978 677 26 75 is
1022 677 106 75 clofcd

78 724 3 75 ,
92 724 80 75 with
190 724 147 75 Balance
353 724 34 75 in
405 724 161 75 company.

277 793 31 75 3.
335 793 150 75 Partner
501 793 49 75 his
569 793 152 75 Accotnpt
739 793 35 75 in
791 793 170 75 Company,

141 841 155 75 Contains
313 841 54 75 the
384 841 85 75 fame
484 841 92 75 thing
593 841 84 75 upon
696 841 39 75 its
762 841 53 75 Dr
832 841 62 75 and
915 841 48 75 Cr
980 841 79 75 fides
1076 841 50 75 re-

91 887 182 75 fpedHvely,
299 887 33 75 as
348 887 93 75 when
457 887 78 75 kept
560 887 30 75 in
609 887 101 75 books
727 887 95 75 along
839 887 78 75 with
934 887 94 75 other
1044 887 81 75 bufi-

92 934 89 75 nefs;
209 934 74 75 and,
309 934 84 75 after
409 934 56 75 the
482 934 161 75 accompts
669 934 39 75 of
720 934 102 75 goods
839 934 63 75 and
917 934 139 75 voyages
1073 934 54 75 are

92 981 166 75 balanced,
284 981 67 75 will
367 981 118 75 always
502 981 84 75 clofe
602 981 40 75 of
653 981 99 75 itfelf.

317 1059 32 75 4.
376 1059 149 75 Partner
542 1059 51 75 his
605 1059 152 75 Accompt
770 1059 130 75 proper.

137 1106 85 75 This
240 1106 62 75 and
319 1106 43 75 all
390 1106 140 75 perfnnal
554 1106 175 75 accompts,
756 1106 33 75 as
817 1106 78 75 they
917 1106 128 75 contain
1071 1106 55 75 the

92 1153 82 75 fame
191 1153 107 75 things
315 1153 84 75 upon
417 1153 83 75 their
526 1153 51 75 Dr
594 1153 62 75 and
673 1153 48 75 Cr
746 1153 92 75 fides,
865 1153 33 75 as
921 1153 85 75 their
1021 1153 103 75 paral-

90 1198 72 75 lels,
188 1198 33 75 in
239 1198 114 75 proper
370 1198 103 75 trade,
490 1198 35 75 fo
541 1198 77 75 they
635 1198 53 75 are
705 1198 42 75 all
765 1198 105 75 clofed
888 1198 78 75 With
979 1198 145 75 Balance

92 1247 35 75 in
144 1247 163 75 company.

321 1314 30 75 5.
378 1314 105 75 Profit
501 1314 71 75 and
586 1314 72 75 Lofs
677 1314 35 75 in
725 1314 168 75 Company.

138 1361 77 75 The
239 1361 173 75 difference
427 1361 42 75 of
491 1361 42 75 its
557 1361 77 75 fides
664 1361 25 75 is
717 1361 56 75 the
800 1361 73 75 gain
890 1361 37 75 or
952 1361 61 75 lofs
1031 1361 91 75 made

92 1408 84 75 upon
206 1408 278 75 company-trade,
511 1408 60 75 and
599 1408 80 75 mult
706 1408 40 75 be
774 1408 138 75 charged
929 1408 55 75 Dr
1006 1408 34 75 to
1068 1408 56 75 the

89 1456 116 75 truftee
231 1456 48 75 his
306 1456 304 75 Accompt-proper,
636 1456 51 75 for
714 1456 50 75 his
792 1456 213 75 commiflion;
1040 1456 84 75 after

90 1502 117 75 which,
225 1502 25 75 it
267 1502 26 75 is
311 1502 117 75 clofed,
449 1502 47 75 (if
508 1502 40 75 no
563 1502 266 75 Stock-accompt
844 1502 27 75 is
888 1502 107 75 kept),
1012 1502 44 75 by
1068 1502 54 75 be-

90 1549 54 75 ing
161 1549 91 75 made
270 1549 53 75 Dr
340 1549 36 75 or
398 1549 47 75 Cr
469 1549 35 75 to
521 1549 38 75 or
575 1549 42 75 by
640 1549 167 75 Sundries,
832 1549 70 75 viz.
929 1549 91 75 Each
1037 1549 86 75 part-

91 1596 56 75 ner
164 1596 48 75 his
231 1596 141 75 accompt
388 1596 36 75 in
444 1596 160 75 company,
631 1596 50 75 for
699 1596 56 75 the
783 1596 169 75 refpe&ive
967 1596 105 75 lhares
1088 1596 41 75 of

90 1643 73 75 gain
191 1643 38 75 or
253 1643 75 75 lofs.
378 1643 66 75 But
461 1643 30 75 if
503 1643 62 75 you
583 1643 80 75 keep
681 1643 17 75 a
715 1643 252 75 Stock-accompt
984 1643 36 75 in
1040 1643 82 75 com-

85 1689 98 75 pany,
209 1689 77 75 then
299 1689 64 75 this
373 1689 146 75 accompt
536 1689 26 75 is
580 1689 106 75 clofed
697 1689 79 75 with
792 1689 47 75 it:
860 1689 60 75 and
938 1689 54 75 the
1006 1689 116 75 Stock-

90 1734 146 75 accompt
263 1734 26 75 is
307 1734 91 75 again
422 1734 106 75 cloftd
545 1734 79 75 with
652 1734 55 75 the
735 1734 145 75 partners
902 1734 169 75 Accompts
1087 1734 37 75 in

93 1782 165 75 company.

385 1841 34 75 6.
447 1841 146 75 Balance
609 1841 34 75 in
660 1841 168 75 Company,

138 1887 170 75 Contains,
333 1887 85 75 upon
435 1887 55 75 the
500 1887 58 75 Dr
569 1887 74 75 fide,
669 1887 55 75 the
737 1887 182 75 company’s
936 1887 98 75 ready
1054 1887 68 75 mo-

91 1936 62 75 ney
170 1936 31 75 in
229 1936 56 75 the
308 1936 144 75 truflee’s
479 1936 98 75 hand,
603 1936 79 75 with
707 1936 55 75 the
787 1936 93 75 debts
904 1936 36 75 to
962 1936 56 75 the
1034 1936 88 75 com-

92 1982 96 75 pany,
213 1982 145 75 whether
375 1982 42 75 by
441 1982 142 75 partners
609 1982 37 75 or
663 1982 146 75 dealers;
836 1982 55 75 the
904 1982 48 75 Cr
968 1982 62 75 fide
1046 1982 75 75 con-

90 2028 82 75 tains
189 2028 55 75 the
256 2028 92 75 debts
361 2028 63 75 due
440 2028 43 75 by
495 2028 55 75 the
567 2028 169 75 company,
761 2028 61 75 and
840 2028 70 75 that
926 2028 144 75 whether
1087 2028 35 75 to

90 2074 145 75 partners
252 2074 37 75 or
301 2074 34 75 to
347 2074 146 75 dealers:
521 2074 76 75 And
607 2074 30 75 if
642 2074 61 75 .the
720 2074 101 75 books
834 2074 79 75 have
930 2074 78 75 been
1021 2074 99 75 right-

91 2122 34 75 ly
141 2122 89 75 kept,
249 2122 62 75 and
327 2122 77 75 duly
416 2122 164 75 balanced,
600 2122 55 75 the
672 2122 65 75 two
754 2122 79 75 fides
850 2122 39 75 of
900 2122 65 75 this
979 2122 144 75 accompt

92 2170 66 75 will
177 2170 117 75 always
308 2170 94 75 equal
419 2170 61 75 one
496 2170 135 75 another
647 2170 34 75 to
698 2170 19 75 a
732 2170 156 75 farthing.

141 2214 100 75 Note.
265 2214 38 75 If
325 2214 63 75 you
406 2214 113 75 incline
537 2214 55 75 the
617 2214 101 75 goods
747 2214 173 75 remaining
937 2214 125 75 unfold,
1087 2214 38 75 or

93 2261 33 75 at
153 2261 63 75 fea,
243 2261 110 75 fliould
379 2261 117 75 appear
523 2261 84 75 upon
633 2261 55 75 the
717 2261 314 75 Balance-accompt,
1060 2261 63 75 you

93 2308 80 75 muft
190 2308 83 75 clofe
297 2308 55 75 the
376 2308 160 75 Accompt
552 2308 40 75 of
603 2308 101 75 goods
722 2308 62 75 and
796 2308 150 75 Voyages
965 2308 77 75 with
1057 2308 67 75 Ba-

94 2356 95 75 lance
206 2356 35 75 in
254 2356 160 75 company,
440 2356 52 75 for
509 2356 54 75 the
587 2356 93 75 value
695 2356 40 75 of
752 2356 57 75 the
825 2356 151 75 quantity
990 2356 58 75 not
1062 2356 62 75 dif-

93 2402 98 75 pofed
203 2402 46 75 of,
275 2402 37 75 or
329 2402 32 75 at
378 2402 51 75 fea
442 2402 11 75 ;
479 2402 62 75 and
558 2402 63 75 you
639 2402 74 75 may
729 2402 83 75 clofe
828 2402 56 75 the
901 2402 143 75 partners
1057 2402 66 75 Ac-

95 2447 124 75 compts
243 2447 32 75 in
292 2447 157 75 company
475 2447 120 75 (which
613 2447 32 75 in
670 2447 63 75 this
751 2447 68 75 cafe
836 2447 65 75 will
918 2447 55 75 not
991 2447 82 75 clofe
1090 2447 41 75 of

94 2493 220 75 themfelves),
332 2493 101 75 either
461 2493 78 75 with
557 2493 84 75 their
662 2493 169 75 Accompts
841 2493 130 75 proper,
997 2493 37 75 or
1046 2493 78 75 with

97 2542 146 75 Balance
254 2542 35 75 in
306 2542 159 75 company.,
491 2542 33 75 as
542 2542 63 75 you
623 2542 114 75 pleafe.

99 2644 95 75 How
207 2644 61 75 the
274 2644 181 75 Balances
466 2644 64 75 are
548 2644 184 75 collected,
752 2644 61 75 the
832 2644 144 75 Ledger
993 2644 132 75 clofed.

307 2696 74 75 and
397 2696 21 75 a
438 2696 80 75 new
537 2696 205 75 hroentory
758 2696 166 75 formed.

144 2778 126 75 When
288 2778 64 75 you
377 2778 106 75 defign
500 2778 34 75 to
550 2778 132 75 balance
708 2778 82 75 your
809 2778 144 75 Ledger,
978 2778 32 75 in
1033 2778 94 75 order

97 2828 36 75 to
150 2828 95 75 begin
261 2828 19 75 a
295 2828 71 75 new
382 2828 46 75 fet
444 2828 40 75 of
503 2828 115 75 books,
644 2828 137 75 proceed
797 2828 32 75 in
846 2828 55 75 the
917 2828 130 75 manner
1064 2828 62 75 fol-

97 2873 132 75 lowing.

146 2919 95 75 Take
270 2919 64 75 two
351 2919 100 75 ftieets
468 2919 38 75 or
529 2919 95 75 folios
648 2919 41 75 of
711 2919 86 75 loofe
821 2919 108 75 paper,
955 2919 68 75 rule
1041 2919 87 75 them

99 2967 65 75 like
179 2967 57 75 the
247 2967 143 75 Ledger,
416 2967 63 75 and
490 2967 91 75 write
598 2967 42 75 on
656 2967 55 75 the
727 2967 97 75 heads
837 2967 37 75 or
891 2967 71 75 tops
975 2967 40 75 of
1026 2967 100 75 them,

99 3013 56 75 the
172 3013 87 75 titles
276 3013 40 75 of
339 3013 55 75 the
418 3013 66 75 two
508 3013 166 75 following
698 3013 188 75 Accompts,
912 3013 70 75 viz.
1007 3013 42 75 on
1073 3013 56 75 the

98 3061 83 75 head
204 3061 39 75 of
262 3061 55 75 the
342 3061 72 75 one,
440 3061 106 75 Profit
573 3061 70 75 and
657 3061 74 75 Lofs
744 3061 71 75 Dr,
840 3061 62 75 and
921 3061 122 75 Contra
1060 3061 65 75 Cr;

1184 203 34 75 E
1290 203 34 75 E
1392 203 36 75 P
1498 203 19 75 I
1587 203 45 75 N
1703 203 51 75 G.

1181 266 41 75 on
1238 266 55 75 the
1317 266 105 75 other,
1453 266 146 75 Balance
1613 266 68 75 Dr,
1708 266 61 75 and
1784 266 122 75 Contra
1923 266 56 75 Cr.
2028 266 110 75 Then,
2156 266 55 75 be-

1179 313 131 75 ginning
1321 313 76 75 with
1415 313 55 75 the
1482 313 161 75 Accompt
1654 313 42 75 of
1707 313 83 75 calh,
1807 313 43 75 go
1866 313 77 75 over
1959 313 96 75 every
2067 313 146 75 accompt

1177 359 35 75 in
1232 359 54 75 the
1298 359 143 75 Ledger,
1455 359 165 75 (omitting
1637 359 76 75 only
1730 359 55 75 the
1797 359 176 75 Accompts
1987 359 38 75 of
2033 359 103 75 Profit
2149 359 64 75 and

1180 405 82 75 Lofs
1280 405 61 75 and
1356 405 114 75 Stock,
1489 405 104 75 which
1607 405 78 75 muft
1704 405 38 75 be
1758 405 60 75 left
1834 405 80 75 open
1927 405 35 75 to
1975 405 54 75 the
2043 405 87 75 laft),
2148 405 63 75 and

1180 451 92 75 carry
1287 451 56 75 the
1360 451 126 75 articles
1503 451 41 75 of
1566 451 72 75 gain
1655 451 37 75 or
1709 451 62 75 lofs
1789 451 99 75 found
1911 451 40 75 on
1969 451 62 75 any
2048 451 41 75 of
2108 451 101 75 them,

1181 499 35 75 to
1229 499 55 75 the
1293 499 103 75 Profit
1413 499 61 75 and
1486 499 84 75 Lofs
1584 499 109 75 ftieet;
1720 499 62 75 and
1799 499 55 75 the
1870 499 126 75 articles
2013 499 41 75 of
2064 499 90 75 debt,
2173 499 37 75 or

1178 545 101 75 goods
1292 545 189 75 remaining,
1507 545 36 75 to
1558 545 56 75 the
1631 545 140 75 Balance
1787 545 97 75 fheet,
1903 545 138 75 without
2055 545 154 75 touching

1177 591 56 75 the
1251 591 161 75 accompts
1426 591 204 75 themfelves:
1650 591 72 75 e.g.
1739 591 132 75 Taking
1883 591 82 75 from
1979 591 229 75 theTrial-ba-

1176 639 90 75 lance
1276 639 54 75 the
1342 639 83 75 fums
1438 639 40 75 of
1481 639 55 75 the
1549 639 53 75 Dr
1613 639 62 75 and
1686 639 48 75 Cr
1745 639 79 75 fides
1837 639 40 75 of
1880 639 55 75 the
1948 639 259 75 Calh-aecompt,

1175 684 138 75 fubtraifi:
1329 684 55 75 the
1402 684 60 75 one
1478 684 67 75 fum
1562 684 85 75 from
1664 684 54 75 the
1734 684 107 75 other,
1859 684 74 75 and,
1952 684 39 75 on
2001 684 55 75 the
2068 684 140 75 Balance

1175 731 99 75 ftieet,
1293 731 90 75 make
1401 731 139 75 Balance
1553 731 53 75 Dr
1619 731 34 75 to
1670 731 95 75 Calh,
1784 731 52 75 for
1851 731 86 75 their
1948 731 186 75 difference,
2151 731 57 75 be-

1175 777 54 75 ing
1245 777 56 75 the
1318 777 99 75 ready
1440 777 115 75 money
1572 777 31 75 in
1620 777 82 75 your
1717 777 115 75 hands.
1884 777 117 75 Again,
2026 777 33 75 in
2076 777 39 75 an
2137 777 70 75 Ac-

1176 824 106 75 compt
1298 824 41 75 of
1349 824 102 75 goods
1468 824 69 75 that
1555 824 53 75 are
1625 824 42 75 all
1683 824 83 75 ibid,
1791 824 111 75 taking
1919 824 55 75 the
1990 824 84 75 fums
2091 824 41 75 of
2151 824 56 75 the

1176 870 53 75 Dr
1244 870 61 75 and
1330 870 48 75 Cr
1397 870 91 75 fides,
1512 870 138 75 fubtract
1669 870 54 75 the
1748 870 61 75 one
1826 870 83 75 from
1926 870 55 75 the
1998 870 106 75 other,
2130 870 77 75 aud,

1175 917 41 75 on
1233 917 55 75 the
1305 917 95 75 other
1411 917 97 75 ftieet,
1526 917 92 75 make
1632 917 101 75 Profit
1750 917 62 75 and
1829 917 83 75 Lofs
1927 917 53 75 Dr
1998 917 36 75 or
2053 917 46 75 Cr
2118 917 34 75 to
2170 917 37 75 or

1176 964 43 75 by
1235 964 55 75 the
1305 964 65 75 faid
1383 964 160 75 Accompt
1559 964 40 75 of
1610 964 129 75 Goods,
1766 964 51 75 for
1834 964 56 75 the
1906 964 174 75 difference
2105 964 40 75 of
2164 964 42 75 its

1174 1011 92 75 fides.
1316 1011 78 75 And
1409 1011 32 75 in
1457 1011 65 75 this
1538 1011 129 75 manner
1683 1011 136 75 proceed
1835 1011 78 75 with
1930 1011 96 75 every
2043 1011 94 75 other
2153 1011 52 75 ac-

1175 1057 107 75 compt
1298 1057 32 75 in
1346 1057 56 75 the
1425 1057 144 75 Ledger,
1596 1057 171 75 according
1795 1057 35 75 to
1847 1057 83 75 their
1947 1057 123 75 nature,
2095 1057 34 75 as
2146 1057 58 75 ex-

1175 1105 127 75 plained
1317 1105 33 75 in
1367 1105 55 75 the
1438 1105 57 75 laft
1511 1105 128 75 fection.

1222 1151 128 75 Having
1377 1151 163 75 advanced
1567 1151 73 75 thus
1657 1151 63 75 far,
1745 1151 83 75 your
1844 1151 79 75 next
1942 1151 65 75 ftep
2023 1151 40 75 is,
2089 1151 35 75 to
2141 1151 64 75 add

1173 1196 42 75 up
1232 1196 55 75 the
1316 1196 53 75 Dr
1386 1196 77 75 fides
1481 1196 40 75 of
1542 1196 55 75 the
1622 1196 104 75 Profit
1752 1196 64 75 and
1838 1196 82 75 Lofs
1946 1196 98 75 Iheet,
2070 1196 62 75 and
2149 1196 56 75 the

1172 1243 103 75 Profit
1300 1243 61 75 and
1387 1243 82 75 Lofs
1492 1243 145 75 accompt
1654 1243 31 75 in
1709 1243 55 75 the
1787 1243 143 75 Ledger,
1954 1243 70 75 into
2045 1243 62 75 one
2122 1243 81 75 fum,

1173 1288 62 75 and
1253 1288 84 75 their
1349 1288 50 75 Cr
1414 1288 77 75 fides
1509 1288 68 75 into
1594 1288 134 75 another
1740 1288 9 75 ;
1777 1288 73 75 and,
1877 1288 40 75 on
1935 1288 55 75 the
2017 1288 66 75 faid
2103 1288 98 75 Iheet,

1172 1335 93 75 make
1284 1335 102 75 Profit
1402 1335 61 75 and
1473 1335 80 75 Lofs
1571 1335 53 75 Dr
1638 1335 40 75 or
1691 1335 47 75 Cr
1754 1335 35 75 to
1802 1335 37 75 or
1857 1335 42 75 by
1911 1335 113 75 Stock,
2050 1335 52 75 for
2118 1335 87 75 their

1172 1382 193 75 difference:
1391 1382 124 75 Which
1532 1382 174 75 difference
1722 1382 94 75 being
1833 1382 121 75 carried
1969 1382 33 75 to
2015 1382 55 75 the
2085 1382 117 75 Stock-

1173 1427 157 75 accompt,
1356 1427 64 75 add
1448 1427 42 75 up
1510 1427 41 75 its
1570 1427 53 75 Dr
1648 1427 61 75 and
1734 1427 48 75 Cr
1807 1427 92 75 fides,
1924 1427 61 75 and
2011 1427 91 75 carry
2119 1427 84 75 their

1173 1475 173 75 difference
1362 1475 35 75 to
1414 1475 55 75 the
1481 1475 139 75 Balance
1636 1475 97 75 Iheet.
1781 1475 125 75 Which
1923 1475 96 75 being
2035 1475 94 75 done,
2147 1475 56 75 the

1173 1520 80 75 total
1281 1520 84 75 fums
1389 1520 40 75 of
1440 1520 54 75 the
1512 1520 54 75 Dr
1582 1520 63 75 and
1661 1520 48 75 Cr
1732 1520 80 75 fides
1828 1520 40 75 of
1890 1520 56 75 the
1963 1520 139 75 Balance
2118 1520 86 75 Iheet

1173 1567 65 75 will
1256 1567 39 75 be
1324 1567 93 75 equal
1435 1567 35 75 to
1487 1567 18 75 a
1520 1567 155 75 farthing,
1700 1567 31 75 if
1743 1567 54 75 the
1825 1567 101 75 books
1955 1567 39 75 be
2018 1567 97 75 right,
2141 1567 63 75 and

1172 1613 56 75 the
1254 1613 166 75 balancing
1443 1613 90 75 work
1560 1613 87 75 truly
1673 1613 203 75 performed:
1905 1613 47 75 As
1981 1613 72 75 may
2071 1613 39 75 be
2127 1613 75 75 thus

1172 1660 245 75 demonftrated.

1221 1706 30 75 It
1267 1706 26 75 is
1317 1706 145 75 obvious,
1488 1706 70 75 that
1584 1706 54 75 the
1662 1706 140 75 Balance
1826 1706 97 75 ftieet,
1948 1706 110 75 before
2074 1706 55 75 the
2146 1706 56 75 ba-

1172 1753 90 75 lance
1280 1753 43 75 of
1341 1753 55 75 the
1425 1753 264 75 Stock-accompt
1711 1753 26 75 is
1762 1753 142 75 brought
1920 1753 35 75 to
1982 1753 38 75 it,
2045 1753 156 75 contains,

1172 1799 84 75 upon
1281 1799 56 75 the
1361 1799 52 75 Dr
1437 1799 77 75 fide,
1539 1799 55 75 the
1619 1799 114 75 money
1751 1799 63 75 and
1840 1799 102 75 goods
1967 1799 65 75 you
2056 1799 81 75 have
2160 1799 43 75 on

1172 1846 99 75 hand,
1296 1846 38 75 or
1362 1846 32 75 at
1418 1846 63 75 fea,
1505 1846 39 75 or
1567 1846 33 75 in
1623 1846 55 75 the
1705 1846 101 75 hands
1828 1846 40 75 of
1890 1846 128 75 factors,
2043 1846 78 75 with
2147 1846 57 75 the

1171 1893 93 75 debts
1292 1893 63 75 due
1371 1893 36 75 to
1439 1893 87 75 you;
1559 1893 56 75 the
1640 1893 127 75 articles
1785 1893 42 75 on
1851 1893 55 75 the
1928 1893 48 75 Cr
1998 1893 62 75 fide
2076 1893 54 75 are
2147 1893 56 75 the

1171 1938 93 75 debts
1280 1938 62 75 due
1358 1938 43 75 by
1414 1938 63 75 you
1493 1938 36 75 to
1545 1938 109 75 others
1666 1938 10 75 :
1705 1938 45 75 So
1765 1938 71 75 that
1848 1938 56 75 the
1920 1938 173 75 difference
2109 1938 40 75 of
2160 1938 42 75 its

1171 1985 79 75 fides
1266 1985 26 75 is
1310 1985 82 75 your
1401 1985 123 75 prefent
1537 1985 119 75 worth,
1683 1985 37 75 or
1736 1985 72 75 neat
1826 1985 98 75 ftock.
1977 1985 99 75 Now,
2102 1985 29 75 if
2144 1985 56 75 the

1171 2030 131 75 balance
1318 2030 40 75 of
1380 2030 55 75 the
1453 2030 263 75 Stock-accompt
1733 2030 40 75 be
1789 2030 65 75 alfo
1870 2030 95 75 equal
1982 2030 34 75 to
2032 2030 82 75 your
2129 2030 71 75 pre*-

1171 2077 69 75 fent
1255 2077 74 75 neat
1346 2077 98 75 ftock,
1468 2077 27 75 it
1511 2077 27 75 is
1555 2077 98 75 plain,
1678 2077 71 75 that
1765 2077 26 75 it
1812 2077 66 75 will
1895 2077 78 75 even
1989 2077 56 75 the
2070 2077 78 75 fides
2164 2077 41 75 of

1172 2125 56 75 the
1244 2125 314 75 Balance-accompt.
1608 2125 68 75 But
1690 2125 72 75 that
1773 2125 25 75 it
1815 2125 26 75 is
1858 2125 47 75 fo,
1931 2125 131 75 appears
2079 2125 89 75 thus.

1220 2170 91 75 Your
1335 2170 125 75 prefent
1482 2170 74 75 neat
1579 2170 88 75 ftock
1690 2170 28 75 is
1741 2170 97 75 equal
1858 2170 36 75 to
1919 2170 81 75 your
2019 2170 73 75 neat
2115 2170 88 75 ftock

1173 2217 93 75 when
1289 2217 55 75 the
1368 2217 102 75 books
1495 2217 85 75 were
1603 2217 116 75 begun,
1745 2217 79 75 with
1849 2217 56 75 the
1929 2217 143 75 addition
2088 2217 40 75 of
2146 2217 58 75 the

1174 2263 86 75 gain,
1286 2263 38 75 or
1342 2263 189 75 diminution
1550 2263 41 75 of
1609 2263 55 75 the
1687 2263 75 75 lofs,
1786 2263 93 75 made
1903 2263 80 75 fince
2007 2263 72 75 that
2102 2263 97 75 time:

1174 2309 57 75 but
1249 2309 54 75 the
1320 2309 174 75 difference
1506 2309 40 75 of
1564 2309 56 75 the
1635 2309 79 75 fides
1732 2309 40 75 of
1791 2309 101 75 Stock
1910 2309 157 75 accompt,
2092 2309 111 75 before

1175 2357 54 75 the
1245 2357 130 75 balance
1400 2357 41 75 of
1459 2357 101 75 Profit
1582 2357 62 75 and
1669 2357 83 75 Lofs
1773 2357 147 75 accompt
1936 2357 40 75 be
2003 2357 140 75 brought
2168 2357 35 75 to

1174 2403 37 75 it,
1237 2403 26 75 is
1281 2403 81 75 your
1379 2403 72 75 neat
1467 2403 88 75 ftock
1577 2403 92 75 when
1693 2403 55 75 the
1764 2403 102 75 books
1885 2403 82 75 were
1989 2403 125 75 begun;
2141 2403 63 75 and

1176 2450 55 75 the
1247 2450 131 75 balance
1395 2450 40 75 of
1453 2450 102 75 Profit
1573 2450 60 75 and
1658 2450 82 75 Lofs
1757 2450 157 75 accompt,
1939 2450 27 75 is
1991 2450 54 75 the
2070 2450 72 75 gain
2164 2450 39 75 or

1175 2496 62 75 lofs
1262 2496 93 75 made
1377 2496 83 75 fince
1484 2496 71 75 that
1577 2496 99 75 time;
1703 2496 118 75 which,
1846 2496 239 75 confequently,
2110 2496 95 75 being

1175 2543 140 75 brought
1331 2543 33 75 to
1383 2543 274 75 Stock-accompt,
1685 2543 108 75 makes
1809 2543 55 75 the
1880 2543 130 75 balance
2027 2543 40 75 of
2086 2543 118 75 Stock-

1177 2589 145 75 accompt
1338 2589 94 75 equal
1449 2589 35 75 to
1500 2589 82 75 your
1600 2589 122 75 prefent
1745 2589 73 75 neat
1834 2589 109 75 ftock;
1970 2589 62 75 and
2043 2589 162 75 therefore

1177 2636 54 75 the
1244 2636 130 75 balance
1391 2636 40 75 of
1444 2636 264 75 Sto.ck-accompt
1720 2636 94 75 evens
1830 2636 56 75 the
1897 2636 78 75 fide.s
1992 2636 40 75 of
2044 2636 161 75 JBalance-

1177 2682 157 75 accompt.

1224 2728 44 75 If,
1294 2728 163 75 after’the
1472 2728 131 75 balance
1619 2728 41 75 of
1673 2728 271 75 Btock-accompt
1965 2728 26 75 is
2008 2728 140 75 brought
2170 2728 36 75 to

1178 2774 315 75 Balance-accompt,
1518 2774 55 75 the
1597 2774 79 75 fides
1700 2774 124 75 happen
1848 2774 35 75 to
1907 2774 40 75 be
1970 2774 61 75 ftill
2053 2774 151 75 unequal,

1178 2822 92 75 there
1295 2822 58 75 has
1380 2822 264 75 unqueftiontibly
1665 2822 85 75 fome
1772 2822 91 75 error
1888 2822 81 75 been
1996 2822 207 75 committed;

1178 2868 105 75 which
1301 2868 62 75 you
1381 2868 80 75 muft
1478 2868 66 75 find
1559 2868 58 75 out
1632 2868 44 75 by
1699 2868 19 75 a
1734 2868 120 75 careful
1871 2868 117 75 review
2011 2868 40 75 of
2070 2868 55 75 the
2148 2868 58 75 ba-

1178 2914 126 75 lancing
1320 2914 90 75 work
1422 2914 9 75 :
1459 2914 52 75 for
1525 2914 77 75 here
1614 2914 55 75 the
1681 2914 90 75 error
1783 2914 80 75 muft
1875 2914 54 75 lie,
1946 2914 81 75 fince
2038 2914 55 75 the
2105 2914 101 75 books

1178 2962 52 75 are
1254 2962 152 75 fuppofed
1430 2962 35 75 to
1489 2962 80 75 have
1595 2962 77 75 been
1696 2962 182 75 examined,
1903 2962 63 75 and
1982 2962 101 75 found
2105 2962 100 75 right,

1181 3007 37 75 or
1234 3007 92 75 made
1341 3007 46 75 fo,
1413 3007 110 75 before
1549 3007 55 75 the
1628 3007 167 75 balancing
1818 3007 65 75 was
1908 3007 117 75 begun.
2074 3007 53 75 On
2153 3007 55 75 the

1179 3055 93 75 other
1295 3055 97 75 hand,
1418 3055 32 75 if
1469 3055 54 75 the
1547 3055 80 75 fides
1651 3055 41 75 of
1709 3055 302 75 Balance-accompt
2035 3055 40 75 be
2099 3055 106 75 equal.
