2397 3387
449 132 209 75 BIB

1009 132 157 75 (551

73 205 141 75 brought
226 205 67 75 into
306 205 151 75 England
474 205 83 75 from
573 205 167 75 Antwerp.
781 205 77 75 The
869 205 125 75 biihops
1013 205 100 75 found

73 252 92 75 great
177 252 84 75 fault
273 252 79 75 with
367 252 62 75 this
442 252 183 75 tranflation
637 252 10 75 ;
666 252 84 75 upon
762 252 106 75 which
881 252 149 75 amotion
1048 252 64 75 was

72 299 95 75 made
179 299 32 75 in
225 299 210 75 convocation
448 299 52 75 for
513 299 38 75 an
565 299 132 75 Englilh
711 299 182 75 tranflation
906 299 39 75 of
953 299 55 75 the
1018 299 93 75 Bible

74 346 35 75 to
127 346 40 75 be
183 346 47 75 fet
258 346 42 75 up
317 346 32 75 in
372 346 43 75 all
432 346 169 75 churches.
649 346 86 75 This
752 346 135 75 motion,
911 346 123 75 though
1052 346 58 75 op-

73 393 99 75 pofed
183 393 43 75 by
239 393 110 75 bilhop
365 393 165 75 Gardiner
541 393 62 75 and
617 393 51 75 his
684 393 108 75 party,
809 393 174 75 fucceeded
995 393 32 75 at
1038 393 70 75 lall.

71 439 78 75 The
166 439 78 75 king
260 439 79 75 gave
350 439 111 75 orders
474 439 51 75 for
537 439 116 75 fetting
671 439 95 75 about
784 439 25 75 it
823 439 78 75 with
918 439 43 75 all
978 439 127 75 poffible

73 486 99 75 hafte,
199 486 63 75 and
279 486 113 75 within
417 486 92 75 three
525 486 92 75 years
634 486 56 75 the
706 486 173 75 impreflion
897 486 40 75 of
948 486 25 75 it
992 486 63 75 was
1073 486 43 75 fi-.

73 532 121 75 niflred.
244 532 186 75 Cromwell
438 532 158 75 procured
611 532 19 75 a
647 532 127 75 general
797 532 137 75 warrant
951 532 85 75 from
1052 532 56 75 the

72 578 89 75 king,
196 578 150 75 allowing
371 578 42 75 all
439 578 50 75 his
517 578 136 75 fubje&s
679 578 34 75 to
741 578 75 75 read
840 578 47 75 it;
926 578 52 75 for
1002 578 106 75 which

73 625 158 75 Cranmer
254 625 102 75 wrote
381 625 49 75 his
455 625 116 75 thanks
595 625 34 75 to
650 625 190 75 Cromwell,
867 625 8 75 ‘
902 625 154 75 rejoicing
1073 625 35 75 to

73 671 11 75 *
109 671 52 75 fee
188 671 56 75 the
268 671 91 75 work
383 671 41 75 of
446 671 209 75 reformation
678 671 74 75 now
773 671 81 75 rifen
882 671 33 75 in
942 671 164 75 England,

73 717 10 75 ‘
109 717 82 75 fince
203 717 56 75 the
272 717 91 75 word
374 717 39 75 of
425 717 78 75 God
521 717 55 75 did
594 717 73 75 now
678 717 85 75 fliine
779 717 77 75 over
871 717 26 75 it
914 717 42 75 all
970 717 139 75 without

73 765 11 75 ‘
110 765 19 75 a
145 765 123 75 cloud.’
317 765 175 75 Cromwell
516 765 138 75 likewife
671 765 79 75 gave
767 765 56 75 out
844 765 183 75 injuftions,
1058 765 49 75 re-

72 812 130 75 quiring
218 812 56 75 the
289 812 111 75 clergy
416 812 35 75 to
466 812 47 75 fet
530 812 41 75 up
589 812 110 75 Bibles
720 812 32 75 in
770 812 42 75 all
836 812 86 75 their
938 812 170 75 churches,

72 860 63 75 and
151 860 35 75 to
203 860 176 75 encourage
395 860 56 75 the
467 860 112 75 people
596 860 34 75 to
643 860 76 75 read
735 860 101 75 them.
887 860 38 75 In
951 860 99 75 1542,
1068 860 40 75 an

71 907 50 75 aft
137 907 104 75 palled
257 907 53 75 for
326 907 186 75 reltraining
528 907 55 75 the
599 907 54 75 ufe
665 907 40 75 of
716 907 56 75 the
784 907 108 75 Bible.
941 907 78 75 The
1036 907 71 75 pre-

72 954 104 75 amble
203 954 63 75 fets
297 954 102 75 forth,
430 954 71 75 that
527 954 10 75 ‘
562 954 96 75 many
684 954 152 75 feditious
864 954 64 75 and
959 954 150 75 ignorant

72 1000 11 75 ‘
108 1000 113 75 people
237 1000 66 75 had
319 1000 118 75 abufed
449 1000 55 75 the
521 1000 117 75 liberty
651 1000 134 75 granted
803 1000 87 75 them
907 1000 52 75 for
976 1000 132 75 reading

73 1047 10 75 ‘
107 1047 57 75 the
173 1047 95 75 Bible
280 1047 10 75 ;
317 1047 64 75 and
392 1047 71 75 that
479 1047 91 75 great
586 1047 149 75 diverfity
752 1047 39 75 of
802 1047 157 75 opinions,
986 1047 121 75 animo-

73 1093 10 75 ‘
110 1093 99 75 fities,
242 1093 161 75 tumults,,
420 1093 63 75 and
506 1093 129 75 fchifms
660 1093 64 75 had
747 1093 81 75 been
856 1093 184 75 occafioned
1065 1093 44 75 by

74 1139 10 75 ‘
109 1139 184 75 perverting
309 1139 55 75 the
380 1139 86 75 fenfe
484 1139 41 75 of
536 1139 55 75 the
608 1139 166 75 fcripture.
821 1139 58 75 To
896 1139 135 75 retrieve
1051 1139 56 75 the

73 1187 10 75 ‘
112 1187 162 75 mifchiefs
291 1187 112 75 ariling
419 1187 84 75 from
520 1187 112 75 hence,
658 1187 26 75 it
701 1187 26 75 is
744 1187 144 75 enafted,
914 1187 70 75 that
1001 1187 19 75 a
1036 1187 69 75 cer-

73 1233 11 75 ‘
109 1233 65 75 tain
191 1233 84 75 form
293 1233 40 75 of
351 1233 167 75 orthodox
533 1233 143 75 doftrine
693 1233 39 75 be
749 1233 46 75 fet
812 1233 100 75 forth,
938 1233 33 75 as
989 1233 18 75 a
1023 1233 82 75 ftan-

73 1280 10 75 ‘
108 1280 81 75 dard
209 1280 36 75 of
271 1280 119 75 belief;
418 1280 62 75 and
497 1280 71 75 that
588 1280 150 75 Tindal’s
752 1280 91 75 fatfe
858 1280 195 75 Iranjlation
1071 1280 42 75 of

74 1327 10 75 ‘
110 1327 55 75 the
189 1327 67 75 Old
274 1327 62 75 and
358 1327 85 75 New
465 1327 187 75 Teflament
677 1327 39 75 be
740 1327 192 75 fupprelTed,
959 1327 64 75 and
1038 1327 67 75 for-

73 1374 10 75 *
108 1374 120 75 bidden
245 1374 35 75 to
296 1374 41 75 be
360 1374 75 75 read
452 1374 33 75 in
502 1374 61 75 any
575 1374 40 75 of
627 1374 64 75 the'
691 1374 113 75 king’s
820 1374 207 75 dominions.’
1067 1374 40 75 In

71 1420 58 75 the
145 1420 89 75 reign
255 1420 39 75 of
306 1420 144 75 Edward
463 1420 64 75 VI.
545 1420 110 75 Fuller
679 1420 159 75 mentions
855 1420 134 75 another
1006 1420 100 75 tranf-

71 1467 102 75 lation
195 1467 41 75 of
258 1467 56 75 the
330 1467 108 75 Bible,
464 1467 127 75 printed
608 1467 32 75 in
656 1467 66 75 two
738 1467 137 75 editions
887 1467 10 75 ;
922 1467 56 75 the
994 1467 65 75 firft
1074 1467 33 75 in

77 1513 102 75 1549,
204 1495 55 49 tlie
287 1495 95 49 other
404 1513 11 75 *
415 1495 22 49 n
459 1495 13 49 I
472 1513 49 75 55
521 1495 22 49 I
543 1513 19 75 >
584 1513 59 75 but
659 1513 125 75 neither
807 1513 40 75 of
864 1513 90 75 them
977 1513 132 75 divided

72 1560 70 75 into
157 1560 117 75 verfes.

121 1607 37 75 In
174 1607 55 75 the
246 1607 89 75 reign
348 1607 40 75 of
399 1607 103 75 queen
519 1607 177 75 Elizabeth
714 1607 89 75 came
827 1607 56 75 out
901 1607 55 75 the
972 1607 134 75 Bilhops

72 1654 108 75 Bible,
207 1654 34 75 fo
258 1654 116 75 called,
399 1654 132 75 becaufe
547 1654 119 75 feveral
684 1654 40 75 of
735 1654 71 75 that
818 1654 95 75 order
931 1654 83 75 were
1031 1654 74 75 con-

73 1701 117 75 cerned
205 1701 33 75 in
255 1701 72 75 that
342 1701 135 75 verfion.
525 1701 78 75 The
621 1701 90 75 work
733 1701 66 75 was
821 1701 131 75 divided
975 1701 69 75 into
1059 1701 47 75 fe-

73 1746 87 75 veral
188 1746 136 75 parcels,
350 1746 62 75 and
429 1746 134 75 affigned
587 1746 36 75 to
639 1746 73 75 men
735 1746 39 75 of
787 1746 142 75 learning
954 1746 61 75 and
1032 1746 76 75 cha-

73 1792 113 75 rafter.
236 1792 88 75 Moll
341 1792 41 75 of
393 1792 55 75 the
464 1792 146 75 divifions
628 1792 53 75 are
698 1792 132 75 marked
846 1792 77 75 with
941 1792 89 75 great
1046 1792 61 75 ini-

72 1839 57 75 tial
147 1839 124 75 letters,
289 1839 170 75 lignifying
475 1839 102 75 either
594 1839 55 75 the
665 1839 92 75 name
775 1839 37 75 or
824 1839 55 75 the
895 1839 88 75 titles
999 1839 41 75 of
1049 1839 57 75 the

72 1886 130 75 perfons
218 1886 182 75 employed.
448 1886 202 75 Archbilhop
662 1886 122 75 Parker
800 1886 63 75 had
880 1886 56 75 the
953 1886 154 75 principal

72 1933 154 75 direftion
243 1933 39 75 of
293 1933 65 75 this
376 1933 112 75 affair;
514 1933 42 75 he
573 1933 121 75 revifed
710 1933 56 75 the
787 1933 231 75 performance,
1044 1933 64 75 and

71 1981 136 75 perhaps
234 1981 58 75 put
309 1981 55 75 the
388 1981 143 75 finilhing
557 1981 86 75 hand
659 1981 36 75 to
710 1981 38 75 it.
796 1981 55 75 He
873 1981 139 75 likewife
1038 1981 67 75 em-

71 2027 120 75 ployed
216 2027 121 75 feveral
364 2027 107 75 critics
500 2027 32 75 in
560 2027 56 75 the
643 2027 142 75 Hebrew
814 2027 62 75 and
898 2027 114 75 Greek
1035 2027 69 75 lan-

72 2073 130 75 guages,
227 2073 36 75 to
287 2073 119 75 review
433 2073 57 75 the
514 2073 55 75 old
593 2073 197 75 tranflation,
824 2073 63 75 and
915 2073 148 75 compare
1079 2073 26 75 it

74 2118 78 75 with
170 2118 56 75 the
244 2118 148 75 original.

119 2165 77 75 The
218 2165 57 75 laft
299 2165 132 75 Englilh
460 2165 95 75 Bible
582 2165 31 75 is
638 2165 71 75 that
734 2165 103 75 called
863 2165 88 75 King
968 2165 137 75 James’s

72 2212 107 75 Bible,
205 2212 106 75 which
328 2212 179 75 proceeded
523 2212 84 75 from
624 2212 58 75 the
703 2212 277 75 Hampton-court
996 2212 109 75 confe-

70 2259 96 75 rence
181 2259 32 75 in
228 2259 101 75 1603,
347 2259 106 75 where
470 2259 95 75 many
573 2259 185 75 exceptions
776 2259 96 75 being
888 2259 92 75 made
996 2259 36 75 to
1049 2259 56 75 the

71 2306 134 75 Bilhops
222 2306 106 75 Bible,
353 2306 77 75 king
452 2306 108 75 James
587 2306 80 75 gave
692 2306 111 75 orders
826 2306 52 75 for
902 2306 18 75 a
936 2306 71 75 new
1030 2306 73 75 one,

70 2352 70 75 not,
166 2352 33 75 as
216 2352 56 75 the
289 2352 127 75 preface
430 2352 158 75 exprefles
612 2352 38 75 it,
675 2352 53 75 for
745 2352 18 75 a
782 2352 183 75 tranflation
982 2352 122 75 altoge-

71 2398 73 75 ther
159 2398 83 75 new,
269 2398 59 75 nor
344 2398 55 75 yet
415 2398 35 75 to
468 2398 92 75 make
572 2398 40 75 of
623 2398 19 75 a
658 2398 63 75 bad
738 2398 60 75 one
815 2398 18 75 a
850 2398 85 75 good
948 2398 72 75 one,
1045 2398 60 75 but

70 2444 36 75 to
123 2444 91 75 make
231 2444 18 75 a
269 2444 87 75 good
371 2444 61 75 one
448 2444 126 75 better;
600 2444 37 75 or
656 2444 41 75 of
714 2444 96 75 many
826 2444 86 75 good
929 2444 89 75 ones,
1044 2444 61 75 one

72 2491 78 75 belt.
200 2491 181 75 Fifty-four
397 2491 128 75 learned
542 2491 130 75 perfons
686 2491 85 75 were
788 2491 171 75 appointed
976 2491 52 75 for
1039 2491 66 75 this

71 2537 93 75 office
181 2537 43 75 by
240 2537 55 75 the
317 2537 91 75 king,
435 2537 34 75 as
485 2537 130 75 appears
640 2537 45 75 by
700 2537 50 75 his
766 2537 97 75 letter
879 2537 35 75 to
938 2537 165 75 the'arch-

71 2584 122 75 bilhop,
220 2584 96 75 dated
332 2584 32 75 in
394 2584 99 75 1604,
519 2584 105 75 which
641 2584 94 75 being
759 2584 92 75 three
873 2584 92 75 years
990 2584 113 75 before

70 2631 57 75 the
145 2631 182 75 tranflation
350 2631 66 75 was
432 2631 132 75 entered
580 2631 96 75 upon,
702 2631 25 75 it
743 2631 27 75 is
786 2631 153 75 probable
957 2631 94 75 feven
1069 2631 41 75 of

70 2677 89 75 them
180 2677 85 75 were
282 2677 103 75 either
412 2677 95 75 dead,
532 2677 37 75 or
584 2677 63 75 had
673 2677 148 75 declined
836 2677 56 75 the
915 2677 80 75 talk,
1022 2677 81 75 fince

71 2725 138 75 Fuller’s
221 2725 50 75 lift
283 2725 40 75 of
334 2725 56 75 the
402 2725 181 75 tranflators
595 2725 114 75 makes,
717 2725 57 75 but
786 2725 210 75 forty-feven,
1014 2725 88 75 who,

70 2770 96 75 being
191 2770 120 75 ranged
336 2770 101 75 under
458 2770 48 75 fix
530 2770 160 75 divifions,
715 2770 132 75 entered
862 2770 42 75 on
929 2770 84 75 their
1028 2770 74 75 pro-

70 2816 92 75 vince
178 2816 32 75 in
239 2816 101 75 1607.
389 2816 32 75 It
437 2816 65 75 was
519 2816 163 75 publiffied
697 2816 31 75 in
756 2816 100 75 1610,
882 2816 78 75 with
978 2816 18 75 a
1011 2816 93 75 dedi-

71 2866 106 75 cation
193 2866 35 75 to
244 2866 77 75 king
333 2866 120 75 James,
479 2866 62 75 and
557 2866 18 75 a
591 2866 131 75 learned
735 2866 141 75 preface,
894 2866 62 75 and
972 2866 26 75 is
1014 2866 87 75 com-

70 2910 111 75 monly
203 2910 104 75 called
322 2910 77 75 king
422 2910 136 75 James’s
575 2910 106 75 Bible.
731 2910 99 75 After
857 2910 65 75 this
939 2910 42 75 all
1008 2910 94 75 other

70 2957 136 75 verfions
223 2957 155 75 dropped,
405 2957 62 75 and
482 2957 55 75 fell
555 2957 69 75 into
636 2957 114 75 difufe,
767 2957 116 75 except
900 2957 54 75 the
963 2957 139 75 Epiftles

70 3006 62 75 and
155 3006 139 75 Gofpels
317 3006 33 75 in
378 3006 55 75 the
450 3006 291 75 Common-prayer
764 3006 99 75 book,
887 3006 107 75 which
1016 3006 86 75 were

1227 131 20 75 )

1613 131 208 75 BIG

1209 199 61 75 ftill
1284 199 184 75 continued,
1495 199 172 75 according
1683 199 35 75 to
1730 199 55 75 the
1798 199 123 75 bilhops
1935 199 193 75 tranflation,
2147 199 50 75 till

1207 245 55 75 the
1279 245 170 75 alteration
1466 245 40 75 of
1517 245 55 75 the
1588 245 142 75 Liturgy
1742 245 31 75 in
1791 245 104 75 1661,
1921 245 63 75 and
2000 245 55 75 the
2071 245 123 75 Pfalms

1206 292 62 75 and
1284 292 128 75 hymns,
1438 292 105 75 which
1569 292 53 75 are
1640 292 34 75 to
1692 292 64 75 this
1773 292 64 75 day
1850 292 172 75 continued
2040 292 34 75 as
2090 292 33 75 in
2140 292 55 75 the

1208 339 54 75 old
1280 339 134 75 verfion.

1252 385 76 75 The
1340 385 162 75 judicious
1521 385 130 75 Selden,
1677 385 32 75 in
1727 385 49 75 his
1792 385 226 75 Table-Talk,
2044 385 150 75 fpeaking

1205 433 39 75 of
1264 433 55 75 the
1344 433 108 75 Bible,
1477 433 84 75 fays,
1588 433 10 75 ‘
1623 433 78 75 The
1726 433 129 75 Englilh
1874 433 183 75 tranflation
2081 433 40 75 of
2138 433 57 75 the

1206 479 9 75 ‘
1241 479 95 75 Bible
1351 479 28 75 is
1397 479 55 75 the
1468 479 66 75 bell
1563 479 182 75 tranflation
1764 479 32 75 in
1822 479 55 75 the
1902 479 114 75 world,
2043 479 63 75 and
2122 479 73 75 ren-

1205 527 9 75 ‘
1239 527 74 75 ders
1330 527 56 75 the
1401 527 86 75 fenfe
1504 527 41 75 of
1556 527 56 75 the
1629 527 137 75 original
1784 527 77 75 bell,
1887 527 113 75 taking
2021 527 32 75 in
2069 527 53 75 for
2138 527 58 75 the

1205 573 9 75 ‘
1240 573 133 75 Englilh
1390 573 185 75 tranflation
1591 573 57 75 the
1664 573 125 75 bilhops
1808 573 108 75 Bible,
1934 573 34 75 as
1979 573 74 75 well
2071 573 125 75 asking

1206 620 9 75 ‘
1240 620 151 75 James’s.
1440 620 77 75 The
1527 620 185 75 tranflators
1727 620 33 75 in
1778 620 81 75 king
1867 620 138 75 James’s
2021 620 79 75 time
2115 620 81 75 took

1205 667 9 75 ‘
1240 667 39 75 an
1297 667 162 75 excellent
1476 667 84 75 way.
1596 667 93 75 That
1705 667 72 75 part
1790 667 40 75 of
1843 667 55 75 the
1911 667 95 75 Bible
2024 667 64 75 was
2101 667 94 75 given

1207 714 10 75 ‘
1243 714 35 75 to
1294 714 69 75 him
1374 714 74 75 who
1460 714 65 75 was
1543 714 80 75 moll
1639 714 160 75 excellent
1815 714 126 75 iitfuch
1955 714 19 75 a
1991 714 132 75 tongue,
2144 714 51 75 (as

1204 763 10 75 ‘
1239 763 56 75 the
1314 763 198 75 Apocrypha
1535 763 35 75 to
1590 763 145 75 Andrew
1760 763 142 75 Downs)
1930 763 62 75 and
2015 763 77 75 then
2117 763 79 75 they

1204 809 11 75 ‘
1240 809 67 75 met
1330 809 162 75 together,
1518 809 63 75 and
1596 809 61 75 one
1674 809 77 75 read
1766 809 65 75 thd*
1839 809 197 75 tranflation,
2062 809 55 75 the
2134 809 61 75 reft

1205 854 9 75 ‘
1239 854 135 75 holding
1386 854 32 75 in
1431 854 84 75 their
1527 854 101 75 hands
1641 854 86 75 fome
1739 854 96 75 Bible
1852 854 103 75 either
1965 854 41 75 of
2017 854 55 75 the
2088 854 106 75 learn-

1206 901 9 75 ‘
1241 901 40 75 ed
1306 901 148 75 tongues,
1480 901 38 75 or
1537 901 140 75 French,
1713 901 144 75 Spaniffi,
1892 901 129 75 Italian,
2047 901 64 75 <bc.
2162 901 40 75 If

1205 949 10 75 ‘
1240 949 78 75 they
1330 949 100 75 found
1444 949 61 75 any
1519 949 95 75 fault,
1632 949 79 75 they
1722 949 116 75 fpoke;
1858 949 31 75 if
1896 949 69 75 not,
1983 949 41 75 he
2034 949 77 75 read
2127 949 69 75 on.’

1249 994 90 75 King
1356 994 137 75 James’s
1505 994 96 75 Bible
1618 994 26 75 is
1661 994 73 75 that
1750 994 73 75 now
1836 994 78 75 read
1930 994 44 75 by
1987 994 165 75 authority
2163 994 34 75 in

1203 1041 42 75 all
1263 1041 55 75 the
1331 1041 156 75 churches
1504 1041 32 75 in
1549 1041 164 75 England.

1252 1089 88 75 Irijb
1357 1089 136 75 Bible.
1526 1089 163 75 Towards
1701 1089 56 75 the
1774 1089 121 75 middle
1911 1089 40 75 of
1962 1089 56 75 the
2033 1089 160 75 fixteenth

1203 1134 146 75 century,
1385 1134 129 75 Bedell,
1548 1134 109 75 bilhop
1683 1134 40 75 of
1740 1134 174 75 Kilmore,.
1934 1134 46 75 fet
2009 1134 41 75 on
2078 1134 72 75 foot
2177 1134 20 75 a

1202 1181 181 75 tranflation
1411 1181 41 75 of
1471 1181 55 75 the
1554 1181 70 75 Old
1637 1181 188 75 Teftament
1839 1181 71 75 into
1937 1181 55 75 the
2018 1181 78 75 Irilh
2122 1181 68 75 lan-

1202 1228 123 75 guage;
1351 1228 56 75 the
1431 1228 84 75 New
1531 1228 189 75 Teftament
1744 1228 63 75 and
1835 1228 55 75 the
1918 1228 141 75 Liturgy
2074 1228 120 75 having

1202 1275 79 75 been
1297 1275 112 75 before
1424 1275 171 75 tranflated
1611 1275 69 75 into
1692 1275 71 75 that
1775 1275 169 75 language.
1996 1275 74 75 The
2086 1275 109 75 bilhop

1203 1322 171 75 appointed
1398 1322 61 75 one
1474 1322 90 75 King
1590 1322 36 75 to
1646 1322 136 75 execute
1803 1322 63 75 this
1894 1322 103 75 work,
2024 1322 87 75 who,
2137 1322 58 75 not

1201 1369 245 75 underftanding
1465 1369 57 75 the
1546 1369 136 75 oriental
1698 1369 187 75 languages,
1908 1369 66 75 was
2002 1369 130 75 obliged
2160 1369 35 75 to

1202 1415 146 75 tranflate
1368 1415 25 75 it
1410 1415 85 75 from
1512 1415 55 75 the
1584 1415 144 75 E.nglilh.
1761 1415 85 75 This
1860 1415 91 75 work
1968 1415 64 75 was
2050 1415 147 75 received

1204 1462 44 75 by
1278 1462 128 75 Bedell,
1439 1462 87 75 who,
1560 1462 83 75 after
1675 1462 118 75 having
1824 1462 172 75 compared
2026 1462 57 75 the
2115 1462 80 75 Irilh

1202 1508 182 75 tranflation
1401 1508 78 75 with
1496 1508 56 75 the
1569 1508 146 75 Engliffi,
1741 1508 172 75 compared
1929 1508 56 75 the
2001 1508 97 75 latter
2114 1508 81 75 with
2206 1508 6 75 -

1202 1556 55 75 the
1282 1556 154 75 Hebrew,
1471 1556 56 75 the
1554 1556 116 75 LXX.
1695 1556 63 75 and
1785 1556 56 75 the
1866 1556 117 75 Italian
2006 1556 124 75 verfion
2158 1556 47 75 of-

1203 1602 149 75 Diodati.
1400 1602 114 75 When
1530 1602 64 75 this
1611 1602 91 75 work
1729 1602 68 75 was
1823 1602 143 75 finilhed,
2001 1602 56 75 the
2084 1602 110 75 bilhop

1203 1650 108 75 would
1326 1650 82 75 have
1424 1650 80 75 been
1521 1650 132 75 himfelf
1665 1650 33 75 at
1713 1650 56 75 the
1786 1650 116 75 charge
1929 1650 40 75 of
1992 1650 55 75 the
2064 1650 129 75 impref-

1202 1695 77 75 fion,
1305 1695 57 75 but
1378 1695 51 75 his
1445 1695 107 75 defign
1575 1695 65 75 was
1657 1695 129 75 flopped
1810 1695 85 75 upon
1920 1695 110 75 advice
2046 1695 93 75 given
2157 1695 36 75 to

1204 1743 56 75 the
1282 1743 265 75 lord-lieutenant
1562 1743 64 75 and
1642 1743 56 75 the
1715 1743 186 75 archbilhop
1918 1743 40 75 of
1973 1743 218 75 Canterbury,

1204 1789 70 75 that
1292 1789 26 75 it
1333 1789 109 75 would
1468 1789 99 75 prove
1595 1789 19 75 a
1635 1789 153 75 lhameful
1812 1789 92 75 thing
1928 1789 53 75 for
1997 1789 18 75 a
2032 1789 109 75 nation
2158 1789 36 75 to

1203 1837 121 75 publilh
1341 1837 19 75 a
1376 1837 94 75 Bible
1487 1837 171 75 tranflated
1672 1837 45 75 by
1735 1837 77 75 fuch
1829 1837 19 75 a
1863 1837 179 75 defpicable
2058 1837 88 75 hand
2158 1837 35 75 as

1202 1883 101 75 King.
1353 1883 174 75 However,
1557 1883 56 75 the
1638 1883 191 75 manufcript
1847 1883 66 75 was
1928 1883 58 75 not
2003 1883 70 75 loft,
2099 1883 53 75 for
2167 1883 27 75 it

1203 1930 84 75 went
1303 1930 36 75 to
1354 1930 86 75 prefs
1460 1930 33 75 in
1509 1930 56 75 the
1581 1930 76 75 year
1678 1930 102 75 1685.

1155 1978 349 75 BIBLIOTHECA,
1528 1978 31 75 in
1576 1978 42 75 its
1634 1978 136 75 original
1794 1978 63 75 and
1882 1978 116 75 proper
2014 1978 98 75 fenfe,
2136 1978 56 75 de-

1203 2025 91 75 notes
1310 2025 19 75 a
1344 2025 133 75 library;
1502 2025 38 75 or
1556 2025 90 75 place
1662 2025 52 75 for
1731 2025 170 75 repofiting
1916 2025 117 75 books.

1157 2072 290 75 Bibliotheca,
1473 2072 31 75 in
1517 2072 133 75 matters
1667 2072 40 75 of
1718 2072 179 75 literature,
1922 2072 134 75 denotes
2073 2072 19 75 a
2107 2072 85 75 trea-

1204 2117 70 75 tife,
1299 2117 108 75 giving
1424 2117 39 75 an
1483 2117 135 75 account
1634 2117 40 75 of
1685 2117 41 75 all
1744 2117 56 75 the
1816 2117 125 75 writers
1958 2117 41 75 on
2026 2117 19 75 a
2069 2117 122 75 certain

1203 2164 121 75 fubjeft
1336 2164 9 75 :
1372 2164 109 75 Thus,
1500 2164 48 75 we
1560 2164 81 75 have
1656 2164 212 75 bibliothecas
1880 2164 40 75 of
1930 2164 169 75 theology,
2116 2164 75 75 law,

1204 2210 202 75 philofophy,
1431 2210 66 75 tec.

1251 2257 111 75 There
1391 2257 53 75 are
1472 2257 140 75 likewife
1645 2257 154 75 univerfal
1831 2257 221 75 bibliothecas,
2086 2257 105 75 which

1203 2303 84 75 treat
1303 2303 218 75 indifferently
1549 2303 39 75 of
1606 2303 43 75 all
1674 2303 94 75 kinds
1792 2303 41 75 of
1854 2303 101 75 books
1970 2303 11 75 ;
2018 2303 65 75 alfo
2099 2303 94 75 feleft:

1202 2351 223 75 bibliothecas,
1449 2351 105 75 which
1576 2351 73 75 give
1665 2351 40 75 an
1721 2351 136 75 account
1883 2351 41 75 of
1942 2351 82 75 none
2051 2351 59 75 but
2137 2351 55 75 au-

1202 2397 90 75 thors
1309 2397 40 75 of
1361 2397 191 75 reputation.

1154 2445 233 75 BIBLISTS,
1412 2445 35 75 fo
1464 2445 55 75 the
1543 2445 300 75 Roman-catholics
1861 2445 61 75 call
1940 2445 90 75 thofe
2055 2445 135 75 Chrifti-

1202 2491 54 75 ans
1273 2491 71 75 that
1361 2491 92 75 make
1470 2491 153 75 fcripture
1639 2491 56 75 the
1707 2491 65 75 foie
1783 2491 70 75 rule
1864 2491 40 75 of
1915 2491 82 75 faith
2010 2491 10 75 ;
2039 2491 32 75 in
2084 2491 106 75 which

1200 2538 98 75 fenfe,
1324 2538 42 75 all
1383 2538 189 75 proteftants
1588 2538 103 75 either
1708 2538 66 75 are,
1800 2538 37 75 or
1853 2538 103 75 ought
1979 2538 37 75 to
2039 2538 52 75 be,
2119 2538 70 75 bib-

1199 2585 78 75 lifts.

1153 2633 227 75 BIBRACH,
1399 2633 37 75 an
1453 2633 143 75 imperial
1613 2633 65 75 city
1698 2633 40 75 of
1751 2633 127 75 Swabia
1896 2633 33 75 in
1947 2633 181 75 Germany,
2155 2633 33 75 a-

1201 2678 77 75 bout
1291 2678 121 75 twenty
1427 2678 90 75 miles
1529 2678 189 75 fouth-weft
1734 2678 41 75 of
1784 2678 80 75 Ulm
1876 2678 11 75 ;
1907 2678 44 75 E.
1961 2678 89 75 long.
2069 2678 20 75 9
2089 2660 20 49 0
2121 2678 68 75 30',

1201 2725 60 75 and
1278 2725 48 75 N.
1341 2725 61 75 lat.
1416 2725 67 75 .48°
1505 2725 38 75 I2
1543 2707 14 49 /
1557 2725 12 75 .

1153 2772 228 75 BICANER,
1406 2772 19 75 a
1439 2772 66 75 city
1521 2772 40 75 of
1572 2772 87 75 Afia,
1684 2772 32 75 in
1744 2772 55 75 the
1825 2772 137 75 country
1979 2772 41 75 of
2036 2772 55 75 the
2108 2772 80 75 Mo-

1201 2819 66 75 gul,
1304 2819 84 75 upon
1416 2819 55 75 the
1504 2819 147 75 Ganges.
1716 2819 31 75 It
1780 2819 26 75 is
1841 2819 56 75 the
1929 2819 114 75 capital
2072 2819 41 75 of
2133 2819 56 75 the

1201 2866 148 75 province
1383 2866 39 75 of
1449 2866 106 75 Bacar
1577 2866 10 75 ;
1631 2866 44 75 E.
1708 2866 90 75 long;
1837 2866 43 75 87
1880 2848 24 49 0
1937 2866 68 75 20',
2051 2866 47 75 N.
2128 2866 60 75 lat.

1200 2914 63 75 28°
1291 2914 54 75 40'
1345 2914 12 75 .

1151 2962 234 75 BICAUDA,
1409 2962 33 75 in
1458 2962 225 75 ichthyology,
1708 2962 19 75 a
1742 2962 91 75 name
1847 2962 94 75 given
1957 2962 35 75 to
2010 2962 55 75 the
2081 2962 107 75 xiphi-

1198 3008 46 75 as,
1269 3008 38 75 or
1323 3008 188 75 fword-filh.
1561 3008 177 75 SeeXiPH
1747 3008 77 75 IA-S.

2061 3059 148 75 BICE,,
