2428 3377
154 173 79 75 i8o

695 173 40 75 A
851 173 45 75 N
1012 173 40 75 A
1169 173 35 75 T

149 238 31 75 os
188 238 199 75 fcaphoides,
404 238 128 75 lunare,
551 238 210 75 cnneiforme,
781 238 179 75 fijiforme,
979 238 199 75 trapezium,

151 282 214 75 trapezoides,
391 282 164 75 magnum,
582 282 189 75 unciforme.

196 331 77 75 The
288 331 185 75 fcaphoides
486 331 27 75 is
531 331 134 75 fituated
681 331 79 75 moft
774 331 172 75 internally
959 331 39 75 of
1009 331 90 75 thofe
1111 331 73 75 that

151 377 53 75 are
221 377 189 75 articulated
426 377 77 75 with
521 377 55 75 the
593 377 292 75 fore-arm.—The
901 377 110 75 lunare
1027 377 27 75 is
1071 377 111 75 imme-

151 423 121 75 diately
287 423 41 75 on
345 423 56 75 the
423 423 120 75 outfide
567 423 39 75 of
625 423 56 75 the
705 423 255 75 former.—The
987 423 197 75 cuneiforme

151 468 26 75 is
194 468 113 75 placed
322 468 61 75 ftill
400 468 89 75 more
505 468 191 75 externally,
714 468 58 75 but
784 468 78 75 does
874 468 58 75 not
948 468 95 75 reach
1058 468 34 75 fo
1104 468 80 75 high

152 515 42 75 up
213 515 33 75 as
263 515 54 75 the
334 515 94 75 other
444 515 196 75 two.—The
656 515 159 75 pififorme
831 515 105 75 Hands
954 515 157 75 forwards
1135 515 50 75 in-

150 562 37 75 to
203 562 56 75 the
274 562 84 75 palm
377 562 84 75 from
477 562 56 75 the
549 562 325 75 cuneiforme.—The
891 562 178 75 trapezium
1087 562 26 75 is
1129 562 57 75 the

153 608 64 75 firft
242 608 41 75 of
293 608 55 75 the
364 608 116 75 fecond
497 608 79 75 row,
602 608 63 75 and
680 608 26 75 is
723 608 135 75 fituated
873 608 138 75 betwixt
1039 608 54 75 the
1120 608 67 75 fca-

149 653 136 75 phoides
302 653 62 75 and
376 653 63 75 firlf
452 653 86 75 joint
553 653 40 75 of
603 653 55 75 the
675 653 251 75 thumb.—The
941 653 201 75 trapezoides
1159 653 26 75 is

152 698 217 75 immediately
386 698 41 75 on
445 698 55 75 the
525 698 121 75 outfide
670 698 41 75 of
733 698 55 75 the
816 698 316 75 trapezium.—The
1149 698 36 75 os

151 747 7 75 '
158 747 143 75 magnum
317 747 27 75 is
361 747 62 75 ftill
440 747 89 75 more
551 747 284 75 external.—The
856 747 179 75 unciforme
1063 747 27 75 is
1116 747 67 75 far-

151 793 76 75 ther
242 793 35 75 to
294 793 56 75 the
367 793 62 75 fide
446 793 41 75 of
498 793 56 75 the
570 793 85 75 little
671 793 112 75 finger.

202 840 48 75 Os
267 840 186 75 fcaphoides
470 840 26 75 is
514 840 55 75 the
590 840 114 75 largeft
725 840 41 75 of
784 840 55 75 the
863 840 88 75 eight
971 840 116 75 except
1111 840 74 75 one.

151 885 35 75 It
206 885 27 75 is
250 885 125 75 convex
391 885 114 75 above,
530 885 138 75 cOncave
698 885 62 75 and
784 885 119 75 oblong
934 885 125 75 below;
1100 885 87 75 from

152 932 107 75 which
276 932 90 75 fmall
383 932 211 75 refemblance
611 932 40 75 of
663 932 19 75 a
697 932 77 75 boat
789 932 26 75 it
832 932 57 75 has
906 932 58 75 got
974 932 42 75 its
1034 932 154 75 name.—

152 979 50 75 Its
219 979 124 75 fmooth
357 979 126 75 convex
499 979 121 75 furface
636 979 27 75 is
680 979 130 75 divided
825 979 45 75 by
896 979 19 75 a
939 979 102 75 rough
1066 979 121 75 middle

153 1025 91 75 foffa,
270 1025 105 75 which
393 1025 74 75 runs
484 1025 165 75 obliquely
665 1025 84 75 crois
766 1025 165 75 it.—The
955 1025 99 75 upper
1072 1025 115 75 largeft

154 1072 133 75 divifion
302 1072 27 75 is
352 1072 190 75 articulated
563 1072 79 75 with
669 1072 57 75 the
755 1072 244 75 radius.—Into
1027 1072 55 75 the
1110 1072 79 75 fofla

153 1119 56 75 the
226 1119 146 75 common
388 1119 156 75 ligament
569 1119 41 75 of
632 1119 55 75 the
708 1119 85 75 joint
820 1119 41 75 of
883 1119 56 75 the
967 1119 84 75 wrift
1074 1119 26 75 is
1123 1119 62 75 fix-

156 1165 62 75 ed;
245 1165 63 75 and
324 1165 55 75 the
394 1165 102 75 lower
518 1165 132 75 divifion
677 1165 27 75 is
728 1165 113 75 joined
867 1165 36 75 to
926 1165 56 75 the
1009 1165 179 75 trapezium

156 1210 63 75 and
234 1210 341 75 trapezoides.—-The
600 1210 167 75 concavity
788 1210 138 75 receives
943 1210 89 75 more
1051 1210 77 75 than
1148 1210 40 75 an

155 1258 75 75 half
239 1258 40 75 of
290 1258 55 75 the
362 1258 101 75 round
479 1258 82 75 head
577 1258 40 75 of
628 1258 55 75 the
696 1258 35 75 os
745 1258 286 75 magnum.—The
1042 1258 145 75 external

156 1305 63 75 fide
243 1305 41 75 of
302 1305 64 75 this
391 1305 121 75 hollow
527 1305 26 75 is
571 1305 126 75 formed
713 1305 67 75 into
798 1305 18 75 a
831 1305 168 75 femilunar
1022 1305 106 75 plane,
1152 1305 36 75 to

156 1351 40 75 be
221 1351 189 75 articulated
433 1351 80 75 with
533 1351 56 75 the
612 1351 164 75 following
793 1351 220 75 bone.—The
1039 1351 149 75 internal,

157 1396 165 75 pofterior,
348 1396 63 75 and
438 1396 138 75 anterior
601 1396 96 75 edges
714 1396 53 75 are
790 1396 114 75 rough,
930 1396 52 75 for
1005 1396 101 75 fixing
1133 1396 55 75 the

155 1443 170 75 ligaments
340 1443 70 75 that
429 1443 129 75 conned
581 1443 26 75 it
624 1443 35 75 to
676 1443 55 75 the
747 1443 209 75 furrounding
973 1443 110 75 bones.

204 1490 49 75 Os
280 1490 111 75 lunare
414 1490 58 75 has
500 1490 20 75 a
546 1490 125 75 fmooth
696 1490 125 75 convex
852 1490 102 75 upper
983 1490 134 75 furface,
1141 1490 47 75 by

157 1537 105 75 which
279 1537 27 75 it
321 1537 28 75 is
366 1537 190 75 articulated
570 1537 79 75 with
670 1537 55 75 the
742 1537 120 75 radius.
957 1537 77 75 The
1049 1537 138 75 internal

157 1583 75 75 fide,
257 1583 105 75 which
379 1583 88 75 gives
483 1583 56 75 the
558 1583 91 75 name
665 1583 34 75 to
716 1583 54 75 the
787 1583 95 75 bone,
906 1583 27 75 is
946 1583 33 75 in
991 1583 55 75 the
1055 1583 85 75 form
1152 1583 40 75 of

158 1629 19 75 a
192 1629 152 75 crefcent,
370 1629 62 75 and
446 1629 28 75 is
487 1629 112 75 joined
619 1629 78 75 with
713 1629 56 75 the
784 1629 151 75 fcaphoid
948 1629 116 75 ;-—the
1086 1629 101 75 lower

157 1675 123 75 furface
304 1675 27 75 is
355 1675 132 75 hollow,
514 1675 52 75 for
589 1675 158 75 receiving
763 1675 70 75 part
851 1675 40 75 of
901 1675 56 75 the
972 1675 85 75 head
1072 1675 43 75 of
1131 1675 64 75 the.

158 1721 37 75 os
222 1721 161 75 magnum.
478 1721 57 75 On
562 1721 54 75 the
644 1721 120 75 outfide
789 1721 40 75 of
847 1721 64 75 this
939 1721 106 75 cavity
1071 1721 27 75 is
1130 1721 54 75 an-

158 1767 95 75 other
269 1767 137 75 fmooth,
431 1767 57 75 but
506 1767 125 75 narrow
647 1767 119 75 oblong
781 1767 157 75 finuofity,
963 1767 52 75 for
1028 1767 158 75 receiving

157 1814 57 75 the
240 1814 100 75 upper
366 1814 62 75 end
444 1814 39 75 of
502 1814 56 75 the
573 1814 37 75 os
626 1814 298 75 unciforme:—On
940 1814 55 75 the
1011 1814 121 75 outfide
1148 1814 42 75 of

158 1860 107 75 which
295 1860 18 75 a
336 1860 90 75 final!
442 1860 104 75 round
567 1860 175 75 convexity
768 1860 27 75 is
824 1860 113 75 found,
963 1860 53 75 for
1041 1860 42 75 its
1109 1860 77 75 con-

158 1906 125 75 nedion
298 1906 78 75 with
393 1906 55 75 the
464 1906 36 75 os
513 1906 206 75 cuneiforme.
768 1906 152 75 Between
937 1906 55 75 the
1007 1906 90 75 great
1110 1906 76 75 con-

159 1953 113 75 vexity
288 1953 113 75 above,
426 1953 63 75 and
504 1953 54 75 the
575 1953 64 75 firft
654 1953 80 75 deep
750 1953 134 75 inferior
899 1953 117 75 cavity,
1041 1953 92 75 there
1160 1953 28 75 is

160 2000 18 75 a
194 2000 103 75 rough
314 2000 89 75 foffa,
429 2000 31 75 in
478 2000 105 75 which
599 2000 56 75 the
672 2000 135 75 circular
823 2000 153 75 ligament
992 2000 40 75 of
1038 2000 54 75 the
1101 2000 87 75 joint

160 2046 41 75 of
212 2046 54 75 the
282 2046 85 75 wrift
382 2046 26 75 is
425 2046 101 75 fixed.

207 2093 50 75 Os
273 2093 194 75 cuneiforme
483 2093 27 75 is
526 2093 137 75 broader
678 2093 113 75 above,
817 2093 62 75 and
890 2093 138 75 towards
1040 2093 55 75 the
1106 2093 83 75 back

160 2138 40 75 of
212 2138 54 75 the
278 2138 97 75 hand,
401 2138 78 75 than
494 2138 64 75 it.is
570 2138 105 75 below
691 2138 63 75 and
770 2138 156 75 forwards
938 2138 9 75 :
974 2138 103 75 which
1099 2138 89 75 gives

159 2184 30 75 ft
205 2184 56 75 the
278 2184 210 75 refemblance
504 2184 41 75 of
556 2184 19 75 a
590 2184 125 75 -wedge.
811 2184 77 75 The
904 2184 141 75 fuperior
1061 2184 128 75 flightly

161 2232 126 75 convex
303 2232 123 75 furface
442 2232 26 75 is
485 2232 149 75 included
650 2232 31 75 in
698 2232 57 75 the
766 2232 85 75 joint
868 2232 41 75 of
927 2232 56 75 the
1010 2232 97 75 wrift,
1131 2232 57 75 be-

161 2277 57 75 ing
239 2277 140 75 oppofed
394 2277 35 75 to
446 2277 54 75 the
516 2277 100 75 lower
631 2277 64 75 end
711 2277 39 75 of
768 2277 55 75 the
845 2277 250 75 ulna.—Below
1110 2277 78 75 this,

160 2324 56 75 the
233 2324 176 75 cuneiform
428 2324 83 75 bone
527 2324 57 75 has
602 2324 18 75 a
636 2324 102 75 rough
755 2324 90 75 foffa,
871 2324 138 75 wherein
1030 2324 55 75 the
1109 2324 80 75 liga-

160 2370 89 75 ment
264 2370 41 75 of
316 2370 54 75 the
389 2370 203 75 articulation
608 2370 41 75 of
671 2370 55 75 the
749 2370 85 75 wrift
860 2370 27 75 is
912 2370 205 75 fixed.—On
1133 2370 56 75 the

159 2415 136 75 internal
312 2415 63 75 fide
392 2415 40 75 of
450 2415 63 75 this
531 2415 94 75 bone,
650 2415 108 75 where
774 2415 25 75 it
815 2415 27 75 is
860 2415 188 75 contiguous
1072 2415 35 75 to
1131 2415 59 75 the

157 2461 39 75 os
209 2461 122 75 lunare,
357 2461 26 75 it
399 2461 26 75 is
442 2461 125 75 fmooth
584 2461 64 75 and
671 2461 129 75 fiightly
822 2461 247 75 concave.—Its
1086 2461 104 75 lower

161 2508 135 75 furface,
314 2508 106 75 where
432 2508 27 75 it
474 2508 26 75 is
514 2508 188 75 contiguous
720 2508 34 75 to
766 2508 56 75 the
834 2508 36 75 os
887 2508 188 75 unciforme,
1092 2508 26 75 is
1132 2508 57 75 ob-

159 2554 89 75 long,
272 2554 175 75 fomewhat
479 2554 106 75 fpiral,
611 2554 63 75 and
691 2554 288 75 concave.—Near
996 2554 55 75 the
1066 2554 122 75 middle

159 2602 40 75 of
210 2602 42 75 its
270 2602 138 75 anterior
420 2602 132 75 furface,
566 2602 18 75 a
596 2602 135 75 circular
745 2602 91 75 plane
848 2602 144 75 appears,
1010 2602 106 75 where
1133 2602 56 75 the

160 2647 34 75 os
212 2647 160 75 pififorme
388 2647 26 75 is
431 2647 165 75 fuftained.

207 2694 48 75 Os
283 2694 159 75 pififorme
457 2694 27 75 is
503 2694 110 75 almoft
628 2694 168 75 fpherical,
820 2694 117 75 except
961 2694 60 75 one
1053 2694 136 75 circular

160 2740 104 75 plane,
290 2740 38 75 or
344 2740 128 75 flightly
488 2740 119 75 hollow
630 2740 135 75 furface,
790 2740 105 75 which
912 2740 26 75 is
957 2740 134 75 covered
1109 2740 79 75 with

159 2786 152 75 cartilage
335 2786 51 75 for
402 2786 40 75 its
460 2786 121 75 motion
609 2786 42 75 on
678 2786 56 75 the
762 2786 195 75 cuneiforme
981 2786 95 75 bone,
1101 2786 85 75 from

159 2831 106 75 which
281 2831 42 75 its
339 2831 106 75 whole
460 2831 104 75 rough
588 2831 88 75 body
698 2831 28 75 is
749 2831 180 75 prominent
944 2831 156 75 forwards
1117 2831 70 75 into

159 2877 55 75 the
230 2877 104 75 palm;
361 2877 117 75 having
495 2877 54 75 the
572 2877 119 75 tendon
709 2877 40 75 of
760 2877 55 75 the
832 2877 103 75 flexor
951 2877 85 75 carpi
1053 2877 131 75 ulnaris,

155 2922 65 75 and
236 2922 19 75 a
271 2922 152 75 ligament
436 2922 83 75 from
531 2922 55 75 the
602 2922 115 75 ftyloid
729 2922 123 75 procefs
869 2922 41 75 of
920 2922 55 75 the
991 2922 87 75 ulna,
1095 2922 89 75 fixed

159 2968 35 75 to
207 2968 40 75 its
264 2968 99 75 upper
379 2968 93 75 part;
498 2968 56 75 the
570 2968 173 75 tranfverfe
759 2968 153 75 ligament
928 2968 41 75 of
986 2968 54 75 the
1056 2968 85 75 wrift
1156 2968 27 75 is

156 3017 174 75 £oone<fted
342 3017 34 75 to
390 3017 43 75 its
450 3017 135 75 internal
601 3017 85 75 fide;
711 3017 169 75 ligaments
898 3017 161 75 extended
1074 3017 36 75 to
1126 3017 56 75 the

1328 167 40 75 O
1486 167 47 75 M
1649 167 50 75 Y.

2108 167 98 75 Part
2226 167 30 75 I.

1225 235 158 75 unciform
1398 235 98 75 bone,
1522 235 63 75 and
1601 235 35 75 to
1653 235 56 75 the
1725 235 36 75 os
1777 235 174 75 metacarpi
1968 235 41 75 of
2021 235 56 75 the
2100 235 84 75 little
2201 235 60 75 fin-

1227 281 69 75 ger,
1321 281 54 75 are
1391 281 150 75 attached
1558 281 35 75 to
1615 281 43 75 its
1686 281 98 75 lower
1810 281 91 75 part;
1928 281 55 75 the
2000 281 153 75 abdudlor
2168 281 94 75 mini-

1230 328 41 75 mi
1288 328 93 75 digiti
1401 328 57 75 has
1477 328 40 75 its
1545 328 103 75 origin
1671 328 85 75 from
1781 328 41 75 its
1852 328 179 75 fore-part;
2058 328 75 75 and,
2158 328 32 75 at
2208 328 56 75 the

1229 373 137 75 internal
1382 373 63 75 fide
1463 373 39 75 of
1513 373 39 75 it,
1578 373 19 75 a
1619 373 89 75 fmall
1725 373 173 75 depreffion
1921 373 25 75 is
1964 373 137 75 formed,
2127 373 53 75 for
2208 373 55 75 the

1228 420 123 75 paffage
1372 420 41 75 of
1419 420 61 75 the
1498 420 89 75 ulnar
1603 420 110 75 nerve.

1277 466 200 75 Trapezium
1493 466 57 75 has
1574 466 74 75 four
1675 466 138 75 unequal
1840 466 79 75 fides
1940 466 63 75 and
2030 466 107 75 angles
2161 466 32 75 in
2221 466 42 75 its

1230 512 184 75 back-part,
1440 512 83 75 from
1540 512 106 75 which
1662 512 26 75 it
1705 512 56 75 has
1788 512 56 75 got
1866 512 42 75 its
1934 512 329 75 name.——Above,

1231 559 43 75 its
1302 559 122 75 furface
1452 559 26 75 is
1506 559 139 75 fmooth;
1676 559 128 75 flightly
1828 559 174 75 hollowed,
2035 559 63 75 and
2124 559 139 75 femicir-

1233 605 100 75 cular,
1358 605 53 75 for
1425 605 45 75 its
1486 605 201 75 conjundlion
1703 605 80 75 with
1796 605 55 75 the
1867 605 37 75 os
1921 605 197 75 fcaphoides.
2215 605 49 75 Its

1232 651 146 75 external
1403 651 63 75 fide
1489 651 26 75 is
1544 651 39 75 an
1612 651 119 75 oblong
1759 651 138 75 concave
1924 651 125 75 fquare,
2085 651 53 75 for
2166 651 97 75 recei-

1232 697 75 75 ving
1339 697 54 75 the
1426 697 168 75 following
1621 697 94 75 bone.
1813 697 77 75 The
1925 697 132 75 inferior
2084 697 123 75 furface
2236 697 27 75 is

1232 744 127 75 formed
1385 744 69 75 into
1483 744 19 75 a
1528 744 109 75 pulley
1655 744 11 75 ;
1709 744 55 75 the
1793 744 68 75 tv/o
1883 744 210 75 protuberant
2120 744 79 75 fides
2227 744 41 75 of

1232 790 107 75 which
1365 790 53 75 are
1443 790 144 75 external
1613 790 63 75 and
1700 790 148 75 internal.
1913 790 54 75 On
1996 790 63 75 this
2085 790 108 75 pulley
2208 790 56 75 the

1233 836 63 75 firft
1324 836 82 75 bone
1431 836 41 75 of
1490 836 55 75 the
1576 836 114 75 thumb
1712 836 27 75 is
1764 836 127 75 moved.
1988 836 50 75 At
2072 836 55 75 the
2154 836 109 75 exter-

1233 883 51 75 nal
1306 883 66 75 fide
1397 883 41 75 of
1459 883 56 75 the
1537 883 146 75 external
1707 883 243 75 protuberance,
1986 883 20 75 a
2022 883 96 75 fmall
2144 883 120 75 oblong

1233 930 125 75 fmooth
1383 930 124 75 furface
1534 930 27 75 is
1578 930 125 75 formed
1726 930 42 75 by
1792 930 56 75 the
1875 930 36 75 os
1940 930 172 75 metacarpi
2136 930 125 75 indicis.

1232 977 125 75 -—The
1384 977 159 75 fore-part
1570 977 40 75 of
1629 977 56 75 the
1702 977 179 75 trapezium
1906 977 26 75 is
1961 977 180 75 prominent
2157 977 32 75 in
2206 977 58 75 the

1233 1023 98 75 palm,
1357 1023 74 75 and,
1457 1023 75 75 near
1553 1023 36 75 to
1617 1023 56 75 the
1697 1023 146 75 external
1860 1023 75 75 fide,
1959 1023 58 75 has
2033 1023 20 75 a
2068 1023 146 75 finuofity
2231 1023 31 75 in

1233 1070 38 75 it,
1297 1070 107 75 where
1420 1070 56 75 the
1496 1070 119 75 tendon
1631 1070 41 75 of
1684 1070 55 75 the
1756 1070 104 75 flexor
1877 1070 85 75 carpi
1991 1070 128 75 radialis
2135 1070 27 75 is
2190 1070 71 75 lod-

1233 1116 62 75 ged
1309 1116 10 75 ;
1346 1116 41 75 on
1405 1116 55 75 the
1476 1116 210 75 ligamentous
1703 1116 109 75 flieath
1836 1116 40 75 of
1893 1116 107 75 which
2017 1116 56 75 the
2089 1116 124 75 tendon
2228 1116 40 75 of

1234 1162 54 75 the
1304 1162 104 75 flexor
1424 1162 88 75 tertii
1527 1162 170 75 internodii
1714 1162 125 75 pollicis
1856 1162 110 75 plays:
1999 1162 78 75 And
2094 1162 60 75 ftill
2174 1162 89 75 more

1232 1208 182 75 externally
1428 1208 56 75 the
1504 1208 83 75 bone
1602 1208 26 75 is
1645 1208 161 75 fcabrous,
1831 1208 108 75 where
1960 1208 57 75 the
2034 1208 172 75 tranfverfe
2223 1208 39 75 li-

1233 1254 128 75 gament
1372 1254 41 75 of
1423 1254 55 75 the
1496 1254 84 75 wrift
1595 1254 27 75 is
1640 1254 183 75 conne&ed,
1848 1254 55 75 the
1920 1254 154 75 abdudtor
2083 1254 64 75 and
2157 1254 105 75 flexor

1233 1301 92 75 primi
1342 1301 169 75 internodii
1532 1301 124 75 pollicis
1673 1301 81 75 have
1770 1301 85 75 their
1870 1301 117 75 origin,
2013 1301 63 75 and
2091 1301 170 75 ligaments

1234 1348 43 75 go
1292 1348 57 75 out
1369 1348 35 75 to
1424 1348 56 75 the
1496 1348 64 75 firft
1576 1348 83 75 bone
1676 1348 39 75 of
1730 1348 55 75 the
1801 1348 126 75 thumb.

1281 1394 48 75 Os
1349 1394 213 75 trapezoides,
1587 1394 34 75 fo
1637 1394 104 75 called
1757 1394 85 75 from
1857 1394 55 75 the
1932 1394 155 75 irregular
2102 1394 159 75 quadran-

1233 1440 92 75 gular
1341 1440 100 75 figure
1458 1440 39 75 of
1508 1440 41 75 its
1565 1440 182 75 back-part,
1772 1440 27 75 is
1816 1440 56 75 the
1888 1440 135 75 fmalleft
2039 1440 82 75 bone
2143 1440 41 75 of
2205 1440 58 75 the

1232 1487 96 75 wrift,
1353 1487 116 75 except
1485 1487 55 75 the
1556 1487 297 75 pififorme.—The
1870 1487 101 75 figure
1988 1487 40 75 of
2037 1487 28 75 it
2081 1487 26 75 is
2125 1487 40 75 an
2180 1487 80 75 irre-

1231 1533 93 75 gular
1340 1533 173 75 cube.—It
1540 1533 58 75 has
1621 1533 18 75 a
1665 1533 89 75 fmall
1779 1533 123 75 hollow
1927 1533 124 75 furface
2078 1533 114 75 above,
2217 1533 44 75 by

1232 1579 105 75 which
1357 1579 24 75 it
1397 1579 88 75 joins
1501 1579 56 75 the
1572 1579 204 75 fcaphoides;
1810 1579 18 75 a
1851 1579 75 75 long
1942 1579 126 75 convex
2084 1579 61 75 one
2161 1579 98 75 inter-

1231 1627 98 75 nally,
1354 1627 107 75 where
1478 1627 25 75 it
1520 1627 25 75 is
1563 1627 188 75 contiguous
1769 1627 34 75 to
1820 1627 55 75 the
1899 1627 177 75 trapezium
2091 1627 10 75 ;
2129 1627 18 75 a
2170 1627 93 75 fmall

1232 1672 144 75 external
1393 1672 73 75 one,
1492 1672 52 75 for
1558 1672 42 75 its
1618 1672 200 75 conjunction
1842 1672 78 75 with
1945 1672 55 75 the
2023 1672 36 75 os
2083 1672 148 75 magnum
2247 1672 9 75 ;

1231 1720 63 75 and
1311 1720 39 75 an
1365 1720 132 75 inferior
1521 1720 125 75 convex
1662 1720 135 75 furface,
1822 1720 56 75 the
1905 1720 97 75 edges
2030 1720 41 75 of
2082 1720 105 75 which
2204 1720 54 75 are

1231 1765 148 75 however
1395 1765 35 75 fo
1447 1765 101 75 raifed
1565 1765 109 75 before
1692 1765 59 75 and
1768 1765 132 75 behind,
1925 1765 73 75 that
2015 1765 19 75 a
2049 1765 65 75 fort
2130 1765 40 75 of
2187 1765 71 75 pul-

1231 1812 53 75 ley
1302 1812 28 75 is
1346 1812 139 75 formed,
1510 1812 107 75 where
1632 1812 26 75 it
1673 1812 128 75 fuftains
1818 1812 55 75 the
1889 1812 35 75 os
1946 1812 170 75 metacarpi
2131 1812 127 75 indicis.

1278 1858 48 75 Os
1344 1858 160 75 magnum,
1522 1858 34 75 fo
1573 1858 103 75 called
1694 1858 131 75 becaufe
1845 1858 25 75 it
1886 1858 26 75 is
1929 1858 56 75 the
2000 1858 114 75 largeft
2127 1858 80 75 bone
2224 1858 41 75 of

1232 1903 55 75 the
1315 1903 125 75 carpus,
1467 1903 27 75 is
1522 1903 131 75 oblong,
1679 1903 117 75 having
1822 1903 74 75 four
1912 1903 236 75 quadrangular
2164 1903 92 75 fides,

1232 1950 79 75 with
1329 1950 17 75 a
1363 1950 103 75 round
1481 1950 100 75 upper
1599 1950 75 75 end,
1700 1950 63 75 and
1785 1950 18 75 a
1830 1950 174 75 triangular
2026 1950 84 75 plain
2127 1950 60 75 one
2204 1950 54 75 be-

1231 1996 202 75 low.—The
1449 1996 104 75 round
1567 1996 83 75 head
1666 1996 27 75 is
1710 1996 129 75 divided
1854 1996 45 75 by
1915 1996 19 75 a
1948 1996 88 75 fmall
2062 1996 106 75 rifing,
2200 1996 58 75 op-

1232 2043 98 75 pofite
1346 2043 34 75 to
1396 2043 56 75 the
1468 2043 186 75 connection
1670 2043 40 75 of
1732 2043 56 75 the
1804 2043 36 75 os
1856 2043 182 75 fcaphoides
2055 2043 63 75 and
2134 2043 123 75 lunare,

1232 2089 106 75 which
1354 2089 148 75 together
1519 2089 84 75 form
1619 2089 56 75 the
1688 2089 106 75 cavity
1810 2089 52 75 for
1876 2089 160 75 receiving
2050 2089 142 75 it.—On
2204 2089 55 75 the

1233 2136 108 75 infide,
1367 2136 19 75 a
1400 2136 85 75 flrort
1507 2136 86 75 plain
1609 2136 123 75 furface
1745 2136 86 75 joins
1855 2136 56 75 the
1927 2136 36 75 os
1987 2136 149 75 magnum
2151 2136 36 75 to
2203 2136 57 75 the

1233 2180 318 75 trapezoides.—On
1567 2180 56 75 the
1638 2180 120 75 outfide
1778 2180 26 75 is
1827 2180 19 75 a
1872 2180 76 75 long
1972 2180 126 75 narrow
2123 2180 137 75 concave

1232 2229 136 75 furface,
1392 2229 108 75 where
1512 2229 25 75 it
1553 2229 27 75 is
1597 2229 188 75 contiguous
1801 2229 36 75 to
1848 2229 56 75 the
1920 2229 36 75 os
1975 2229 189 75 unciforme.

1233 2275 76 75 The
1337 2275 99 75 lower
1463 2275 74 75 end,
1571 2275 105 75 which
1709 2275 126 75 fuftains
1867 2275 56 75 the
1955 2275 189 75 metacarpal
2176 2275 84 75 bone

1235 2321 39 75 of
1291 2321 56 75 the
1378 2321 120 75 middle
1522 2321 112 75 finger,
1659 2321 26 75 is
1713 2321 186 75 triangular,
1924 2321 130 75 flightly
2083 2321 175 75 hollowed,

1235 2367 62 75 and
1312 2367 123 75 farther
1460 2367 161 75 advanced
1649 2367 40 75 on
1715 2367 55 75 the
1792 2367 136 75 internal
1951 2367 63 75 fide
2038 2367 78 75 than
2139 2367 41 75 on
2204 2367 57 75 the

1235 2414 157 75 external,
1416 2414 119 75 having
1554 2414 19 75 a
1588 2414 26 75 c'
1614 2414 188 75 onfiderable
1821 2414 119 75 oblong
1967 2414 174 75 depreflion
2168 2414 92 75 made

1235 2460 40 75 on
1292 2460 56 75 the
1376 2460 159 75 advanced
1552 2460 95 75 infide
1668 2460 46 75 by
1744 2460 55 75 the
1827 2460 191 75 metacarpal
2047 2460 82 75 bone
2145 2460 42 75 of
2204 2460 56 75 the

1234 2505 207 75 fore-finger;
1467 2505 63 75 and
1545 2505 163 75 generally
1723 2505 91 75 there
1830 2505 27 75 is
1882 2505 19 75 a
1927 2505 89 75 fmall
2037 2505 92 75 mark
2152 2505 41 75 of
2204 2505 55 75 the

1234 2552 35 75 os
1286 2552 172 75 metacarpi
1475 2552 93 75 digiti
1585 2552 159 75 annularis
1760 2552 42 75 on
1822 2552 40 75 its
1878 2552 146 75 external
2042 2552 75 75 fide.

1281 2598 48 75 Os
1345 2598 177 75 unciforme
1540 2598 58 75 has
1612 2598 56 75 got
1686 2598 42 75 its
1740 2598 99 75 name
1849 2598 84 75 from
1950 2598 19 75 a
1984 2598 70 75 thin
2069 2598 102 75 broad
2184 2598 75 75 pro-

1235 2645 63 75 cefs
1316 2645 70 75 that
1407 2645 103 75 Hands
1527 2645 58 75 out
1601 2645 83 75 from
1701 2645 26 75 it
1746 2645 157 75 forwards
1919 2645 69 75 into
2004 2645 55 75 the
2075 2645 96 75 palm,
2197 2645 63 75 and

1233 2691 25 75 is
1275 2691 122 75 hollow
1414 2691 40 75 on
1471 2691 42 75 its
1530 2691 109 75 infide,
1664 2691 51 75 for
1739 2691 159 75 affording
1920 2691 123 75 paffage
2059 2691 35 75 to
2109 2691 56 75 the
2189 2691 70 75 ten-

1233 2737 79 75 dons
1329 2737 41 75 of
1380 2737 56 75 the
1452 2737 118 75 flexors
1588 2737 39 75 of
1640 2737 54 75 the
1710 2737 128 75 fingers.
1886 2737 60 75 To
1965 2737 62 75 this
2052 2737 124 75 prtcefs
2194 2737 65 75 alfo

1232 2784 56 75 the
1303 2784 175 75 tranfverfe
1502 2784 153 75 ligament
1678 2784 27 75 is
1729 2784 100 75 fixed,
1855 2784 70 75 that
1954 2784 92 75 binds
2073 2784 95 75 down
2196 2784 63 75 and

1230 2831 135 75 defends
1392 2831 89 75 thefe
1507 2831 157 75 tendons;
1701 2831 63 75 and
1791 2831 56 75 the
1874 2831 106 75 flexor
2011 2831 62 75 and
2105 2831 154 75 abduCtor

1230 2875 133 75 mufcles
1380 2875 43 75 of
1432 2875 56 75 the
1506 2875 85 75 little
1608 2875 98 75 finger
1723 2875 80 75 have
1821 2875 70 75 part
1904 2875 40 75 of
1955 2875 84 75 their
2055 2875 103 75 origin
2173 2875 84 75 from

1230 2922 163 75 it.-»-The
1409 2922 100 75 upper
1523 2922 85 75 plain
1624 2922 122 75 furface
1764 2922 26 75 is
1808 2922 101 75 fmall,
1935 2922 136 75 convex,
2097 2922 60 75 aad
2171 2922 86 75 join-

1228 2969 40 75 ed
1286 2969 77 75 with
1379 2969 57 75 the
1460 2969 36 75 os
1506 2969 272 75 Junare:—The
1793 2969 137 75 internal
1947 2969 62 75 fide
2029 2969 26 75 is
2080 2969 89 75 long,
2194 2969 63 75 and

1225 3015 129 75 flightly
1370 3015 138 75 convex,
1534 3015 138 75 adapted
1695 3015 36 75 to
1749 3015 55 75 the
1820 3015 188 75 contiguous
2026 3015 35 75 os
2085 3015 145 75 magnum
2244 3015 10 75 :
