2456 3337
516 115 41 60 A
615 115 37 60 C
710 115 41 60 A

1107 115 19 60 (
1190 115 12 60 i

209 198 140 37 mafters,
364 198 75 37 who
455 198 85 37 meet
555 198 79 37 once
651 198 146 37 a-month
809 198 10 37 ;
847 198 62 37 and
924 198 65 37 two
1001 198 41 37 of
1052 198 54 37 the
1119 198 70 37 aca-

210 244 123 37 de’mifts
351 244 93 37 teach
459 244 45 37 by
520 244 90 37 turns
627 244 55 37 the
698 244 51 37 art
766 244 39 37 of
816 244 147 37 dancing,
989 244 125 37 ancient
1126 244 63 37 and

211 290 144 37 modern.

253 336 77 37 The
354 336 125 37 French
504 336 80 37 have
610 336 64 37 alfo
700 336 176 37 academies
893 336 32 37 in
949 336 79 37 moft
1044 336 41 37 of
1105 336 84 37 their

208 382 89 37 great
313 382 103 37 cities,
442 382 46 37 as,
514 382 55 37 the
594 382 166 37 Academy
784 382 40 37 of
844 382 145 37 Sciences
1017 382 33 37 at
1075 382 113 37 Mont-

207 428 112 37 pelier,
345 428 70 37 that
439 428 40 37 of
497 428 56 37 the
569 428 197 37 Lanternifts
785 428 33 37 at
833 428 209 37 Thouloufe;
1069 428 118 37 befides

209 475 109 37 others
346 475 33 37 at
406 475 142 37 Nifmes,
572 475 111 37 Arles,
708 475 151 37 Angiers,
886 475 124 37 Lyons,
1043 475 88 37 Caen
1156 475 32 37 in

208 519 205 37 Normandy,
438 519 88 37 &c.;
560 519 64 37 and
650 519 56 37 the
730 519 204 37 Chirurgical
962 519 167 37 Academy
1155 519 34 37 at

207 565 91 37 Paris
315 565 26 37 is
360 565 18 37 a
393 565 131 37 modern
540 565 175 37 inilitution
731 565 52 37 for
799 565 55 37 the
878 565 128 37 general
1030 565 158 37 improve-

208 612 88 37 ment
312 612 41 37 of
370 612 55 37 the
449 612 64 37 art,
538 612 62 37 and
615 612 35 37 to
667 612 134 37 compile
823 612 62 37 and
909 612 121 37 publilh
1054 612 56 37 the
1133 612 55 37 an-

210 657 84 37 cient
311 657 63 37 and
390 657 131 37 modern
537 657 172 37 hiftoryof
723 657 38 37 it.

164 703 101 37 Royal
284 703 138 37 SpaniJlj
438 704 194 36 ACADEMY
651 703 33 37 at
699 703 147 37 Madrid,
870 703 58 37 has
946 703 51 37 for
1019 703 42 37 its
1084 703 105 37 objedl

209 749 56 37 the
281 749 184 37 cultivation
482 749 40 37 of
540 749 55 37 the
612 749 150 37 Caftilian
787 749 130 37 tongue,
942 749 63 37 and
1027 749 65 37 was
1110 749 80 37 efta-

210 795 120 37 blilhed
346 795 31 37 in
396 795 86 37 1714
499 795 44 37 by
559 795 55 37 the
631 795 100 37 Duke
746 795 203 37 d’Efcalona,
968 795 79 37 v/ith
1059 795 56 37 the
1133 795 55 37 ap-

209 841 166 37 probation
386 841 42 37 of
438 841 56 37 the
505 841 88 37 King
606 841 40 37 of
658 841 111 37 Spain.
817 841 32 37 It
862 841 122 37 conlifts
998 841 40 37 of
1049 841 139 37 twenty-

209 886 73 37 four
299 886 195 37 academifts,
519 886 165 37 including
704 886 68 37 the.
783 886 137 37 director
937 886 63 37 and
1016 886 170 37 fecretary.

256 933 37 37 In
311 933 167 37 Portugal,
496 933 85 37 John
598 933 46 37 V.
662 933 143 37 founded
817 933 38 37 an
867 933 157 37 hiftorical
1037 933 152 37 academy

208 979 34 37 at
258 979 132 37 Lilbon,
415 979 34 37 in
465 979 56 37 the
539 979 75 37 year
635 979 101 37 1720,
761 979 53 37 for
830 979 167 37 collecting
1009 979 62 37 and
1087 979 101 37 afcer-

209 1024 121 37 taining
347 1024 54 37 the
416 1024 120 37 hiftory
553 1024 39 37 of
610 1024 51 37 his
679 1024 71 37 own
767 1024 192 37 dominions.
1009 1024 32 37 It
1065 1024 124 37 confifts

209 1072 40 37 of
268 1072 73 37 fifty
357 1072 170 37 members,
551 1072 19 37 a
593 1072 149 37 director,
766 1072 23 37 f
803 1072 38 37 ur
865 1072 138 37 cenfors,
1029 1072 61 37 and
1108 1072 18 37 a
1142 1072 48 37 fe-

209 1117 138 37 cretary.

256 1163 38 37 In
311 1163 178 37 Germany,
515 1163 77 37 they
615 1163 80 37 have
718 1163 56 37 the
797 1163 168 37 Academy
987 1163 40 37 of
1047 1163 144 37 Naturae

209 1209 136 37 Curioji,
378 1209 169 37 otherwife
580 1209 103 37 called
710 1209 55 37 the
798 1209 188 37 Leopoldine
1015 1209 172 37 Academy^

208 1256 142 37 founded
376 1256 34 37 in
439 1256 85 37 1652
551 1256 45 37 by
612 1256 55 37 Jo.
693 1256 103 37 Laur.
821 1256 125 37 Baufch
973 1256 19 37 a
1015 1256 172 37 phyfician,

209 1301 74 37 and,
308 1301 32 37 in
362 1301 100 37 1670,
486 1301 96 37 taken
598 1301 101 37 under
714 1301 54 37 the
784 1301 178 37 protection
977 1301 41 37 of
1036 1301 55 37 the
1107 1301 80 37 Em-

209 1347 94 37 peror
326 1347 162 37 Leopold.
534 1347 78 37 The
636 1347 106 37 defign
767 1347 40 37 of
825 1347 64 37 this
913 1347 120 37 fociety
1059 1347 65 37 was
1153 1347 34 37 to

211 1394 144 37 promote
367 1394 134 37 medical
519 1394 200 37 knowledge.
766 1394 101 37 They
882 1394 101 37 began
998 1394 32 37 in
1051 1394 88 37 1684
1152 1385 35 24 to

209 1439 121 37 publilh
347 1439 84 37 their
446 1439 111 37 obferv
568 1439 106 37 itions,
699 1439 101 37 under
816 1439 56 37 the
888 1439 72 37 title
976 1439 40 37 of
1034 1439 147 37 Epheme-

210 1486 89 37 rides
310 1486 9 37 ;
346 1486 105 37 which
467 1486 194 37 publication
674 1486 57 37 has
747 1486 79 37 been
838 1486 171 37 continued
1026 1486 160 37 annually,

208 1531 81 37 with
317 1531 85 37 fome
426 1531 242 37 interruptions,
702 1531 62 37 and
787 1531 101 37 under
909 1531 150 37 different
1085 1531 102 37 titles.

205 1578 89 37 This
310 1578 151 37 academy
477 1578 124 37 conlifts
618 1578 41 37 of
678 1578 18 37 a
716 1578 168 37 prefident,
909 1578 65 37 two
991 1578 143 37 adjuncts
1151 1578 38 37 or

209 1625 195 37 fecretaries,
430 1625 61 37 and
507 1625 178 37 colleagues
705 1625 38 37 or
766 1625 157 37 members
946 1625 139 37 without
1105 1625 84 37 limi-

211 1670 118 37 tation.

166 1717 117 30 Berlin
312 1713 209 36 ACADEMY,
554 1712 66 37 was
645 1712 142 37 founded
813 1712 44 37 by
881 1712 174 37 Frederick
1079 1712 30 37 I.
1135 1712 56 37 the

211 1756 66 37 late
301 1756 88 37 King
414 1756 40 37 of
471 1756 130 37 Pruflia,
625 1756 34 37 in
682 1756 57 37 the
763 1756 76 37 year
859 1756 101 37 1700.
1008 1756 33 37 It
1066 1756 56 37 has
1139 1756 53 37 for

211 1801 42 37 its
269 1801 119 37 objeCts
405 1801 54 37 the
476 1801 228 37 improvement
721 1801 40 37 of
770 1801 125 37 natural
911 1801 200 37 knowledge,
1128 1801 62 37 and

211 1847 57 37 the
292 1847 98 37 belles
414 1847 122 37 lettres.
584 1847 77 37 The
685 1847 127 37 charter
835 1847 40 37 of
893 1847 64 37 this
979 1847 120 37 fociety
1125 1847 64 37 was

209 1893 155 37 amended
380 1893 32 37 in
431 1893 102 37 1710,
559 1893 62 37 and
636 1893 44 37 by
696 1893 26 37 it
738 1893 55 37 the
809 1893 156 37 prefident
980 1893 26 37 is
1023 1893 36 37 to
1075 1893 40 37 be
1130 1893 59 37 no-

207 1939 142 37 minated
365 1939 43 37 by
424 1939 55 37 the
495 1939 89 37 king.
632 1939 77 37 The
726 1939 156 37 members
900 1939 53 37 are
973 1939 130 37 divided
1119 1939 70 37 into

207 1984 75 37 four
299 1984 105 37 claffes
416 1984 10 37 ;
457 1984 31 37 1.
513 1984 52 37 for
581 1984 118 37 phyfic,
724 1984 169 37 medicine,
918 1984 64 37 and
998 1984 189 37 chemiftry;

209 2033 34 37 2.
262 2033 50 37 for
324 2033 232 37 mathematics,
575 2033 191 37 aftronomy,
783 2033 62 37 and
856 2033 200 37 mechanics;
1086 2027 32 45 5.
1137 2033 53 37 for

208 2077 55 37 the
280 2077 143 37 German
436 2077 166 37 language,
621 2077 63 37 and
699 2077 54 37 the
770 2077 120 37 hiftory
905 2077 41 37 of
956 2077 55 37 the
1029 2077 157 37 country;

209 2123 35 37 4.
269 2123 53 37 for
337 2123 147 37 Oriental
500 2123 156 37 learning,
681 2123 206 37 particularly
903 2123 87 37 what
1014 2123 116 37 relates
1153 2123 36 37 to

208 2169 56 37 the
287 2169 206 37 propagation
517 2169 41 37 of
579 2169 54 37 the
657 2169 107 37 gofpel
789 2169 114 37 among
926 2169 138 37 infidels.
1112 2169 77 37 The

207 2215 92 37 great
315 2215 162 37 promoter
493 2215 40 37 of
551 2215 64 37 this
631 2215 190 37 foundation
837 2215 66 37 was
929 2215 55 37 the
1009 2215 181 37 celebrated

208 2260 58 37 Mr
283 2260 166 37 Leibnitz.

162 2307 128 37 Ruffian
302 2308 195 36 ACADEMY
510 2307 64 37 was
587 2307 142 37 founded
740 2301 43 45 by
795 2301 88 45 Czar
895 2307 97 37 Peter
1001 2307 55 37 the
1068 2307 119 37 Great,

209 2352 32 37 at
257 2352 201 37 Peterlburg,
482 2352 84 37 upon
584 2352 53 37 the
654 2352 72 37 plan
745 2352 40 37 of
803 2352 55 37 the
874 2352 165 37 Academy
1057 2352 40 37 of
1118 2352 70 37 Sci-

208 2400 91 37 ences
317 2400 32 37 at
371 2400 90 37 Paris
476 2400 10 37 ;
513 2400 119 37 befides
648 2400 119 37 which,
793 2394 76 45 they
892 2394 75 45 take
982 2400 33 37 in
1031 2400 55 37 the
1103 2400 85 37 Ruf-

209 2444 61 37 fian
287 2444 166 37 language.

162 2493 193 36 ACADEMY
373 2492 27 37 is
413 2492 65 37 alfo
494 2486 18 45 a
527 2492 83 37 term
622 2492 50 37 for
685 2492 125 37 fchools
827 2492 61 37 and
905 2492 93 37 other
1009 2492 179 37 feminaries

209 2537 39 37 of
266 2537 142 37 learning
426 2537 113 37 among
563 2537 54 37 the
635 2537 99 37 Jews,
759 2537 107 37 where
884 2537 83 37 their
982 2537 128 37 rabbins
1126 2537 62 37 and

207 2585 127 37 doctors
350 2585 168 37 inftruCted
534 2585 82 37 their
633 2585 101 37 youth
751 2585 32 37 in
800 2585 55 37 the
867 2585 141 37 Hebrew
1019 2585 168 37 language,

207 2629 64 37 and
287 2629 170 37 explained
472 2629 36 37 to
524 2629 87 37 them
623 2629 55 37 the
694 2629 157 37 Talmud,
876 2629 62 37 and
954 2629 55 37 the
1021 2629 116 37 fecrets
1153 2629 41 37 of

207 2676 56 37 the
288 2676 164 37 Cabbala:
483 2676 112 37 Thofe
619 2676 40 37 of
676 2676 152 37 Tiberias
852 2676 62 37 and
936 2676 147 37 Babylon
1107 2676 81 37 have

208 2722 79 37 been
303 2722 55 37 the
374 2722 80 37 moft:
469 2722 111 37 noted.

162 2769 194 36 ACADEMY
370 2768 27 37 is
414 2768 89 37 often
519 2768 76 37 ufed
610 2768 79 37 with
706 2768 37 37 us
760 2768 35 37 to
812 2768 115 37 denote
943 2768 19 37 a
978 2768 76 37 kind
1071 2768 41 37 of
1122 2762 67 45 col-

209 2814 114 37 legiate
339 2814 122 37 fchool,
484 2814 108 37 where
608 2814 101 37 youth
728 2814 52 37 are
797 2814 167 37 inftruCted
987 2814 32 37 in
1044 2814 65 37 arts
1126 2814 63 37 and

209 2861 148 37 fciences.
411 2861 111 37 There
545 2861 27 37 is
597 2861 60 37 one
679 2861 32 37 at
735 2861 206 37 Portfmouth
967 2861 50 37 for
1042 2861 147 37 teaching

209 2907 195 37 navigation,
422 2907 157 37 drawing,
605 2907 89 37 <kc.;
721 2907 133 37 another
871 2907 34 37 at
921 2907 200 37 Woolwich,
1139 2907 51 37 for

211 2954 216 37 fortification,
450 2954 156 37 gunnery,
633 2954 63 37 <bc.

1220 118 15 52 i
1297 118 19 52 )

1674 118 41 52 A
1773 118 35 52 C
1866 118 41 52 A

1236 193 195 36 ACADEMY
1449 186 27 45 is
1493 186 139 45 likewife
1648 186 19 45 a
1690 186 92 45 name
1806 186 92 45 given
1921 186 36 45 to
1981 186 19 45 a
2023 186 244 45 riding-fchool,

1284 232 105 45 where
1406 232 107 45 young
1529 232 179 45 gentlemen
1733 232 53 45 are
1810 232 115 45 taught
1948 232 35 45 to
2008 232 69 45 ride
2101 232 56 45 the
2174 232 93 45 great

1284 277 103 45 horfe,
1412 283 66 37 <bc.
1504 277 63 45 and
1589 277 56 45 the
1669 277 125 45 ground
1818 277 136 45 allotted
1976 277 52 45 for
2051 277 27 45 it
2099 277 28 45 is
2143 277 125 45 ufually

1284 323 101 45 called
1403 323 54 45 the
1474 329 156 37 Menage.

1237 378 195 36 ACADEMY
1449 377 122 37 figure,
1603 371 19 45 a
1645 371 143 45 drawing
1814 371 41 45 of
1873 371 18 45 a
1916 371 104 45 naked
2043 371 72 45 man
2138 371 38 45 or
2198 371 68 45 wo-

1283 415 85 45 man,
1393 415 95 45 taken
1510 415 85 45 from
1617 415 55 45 the
1696 415 69 45 life,
1792 415 105 45 which
1923 415 26 45 is
1973 415 124 45 ufually
2116 415 84 45 done
2225 415 43 45 on

1284 461 95 45 paper
1395 461 79 45 with
1498 461 60 45 red
1581 461 37 45 or
1643 461 94 45 black
1761 461 109 45 chalk,
1895 461 64 45 and
1983 461 179 45 fometimes
2185 461 81 45 with

1283 508 104 45 paftils
1404 508 37 45 or
1458 508 147 45 crayons.

1236 561 200 37 ACADIE,
1461 561 37 37 or
1515 562 172 36 ACADIA,
1712 555 32 45 in
1762 561 198 37 geography,
1987 561 18 37 a
2022 561 91 37 name
2130 561 136 37 former-

1282 607 35 37 ly
1333 607 93 37 given
1442 607 36 37 to
1494 607 97 37 Nova
1608 607 122 37 Scotia,
1756 607 61 37 one
1841 607 41 37 of
1901 607 59 37 our
1984 607 175 37 American
2177 607 89 37 colo-

1284 653 80 37 nies.
1415 653 61 37 See
1493 654 114 36 NOVA
1627 654 164 36 SCOTIA.

1236 699 193 37 ACANA,
1454 699 33 37 in
1504 699 172 37 antiquity,
1702 699 19 37 a
1745 699 142 37 Grecian
1913 699 142 37 meafure
2080 699 42 37 of
2139 699 125 37 length,

1283 745 96 37 being
1395 745 19 37 a
1429 745 55 37 ten
1500 745 66 37 feet
1584 745 71 37 rod,
1673 745 77 37 ufed
1765 745 34 37 in
1815 745 179 37 meafuring
2010 745 86 37 their
2112 745 107 37 lands.

1236 791 230 37 ACAIABA.
1516 791 62 37 See
1594 792 170 36 ACAJOU.

1236 838 169 37 ACAJA,
1430 838 32 37 in
1479 838 134 37 botany,
1637 838 20 37 a
1682 838 163 37 lynanime
1869 838 41 37 of
1929 838 55 37 the
2002 838 146 37 fpondias
2165 838 101 37 lutea,

1284 885 38 37 an
1335 885 172 37 American
1524 885 81 37 tree.
1656 885 62 37 See
1736 886 207 36 SPONDIAS.

1236 930 205 37 ACAJOU,
1466 930 33 37 in
1515 930 131 37 botany,
1664 930 19 37 a
1698 930 161 37 fynonime
1875 930 40 37 of
1926 930 56 37 the
1993 930 202 37 anacardium
2211 930 55 37 oc-

1284 975 168 37 cidentale,
1478 975 38 37 or
1533 975 290 37 calhew-nut-tree.
1874 975 61 37 See
1951 976 286 36 ANACARDIUM.

1237 1023 289 37 ACALEPTIC,
1551 1023 33 37 in
1610 1023 123 37 ancient
1759 1023 151 37 profody,
1936 1023 18 37 a
1979 1023 159 37 complete
2162 1023 104 37 verfe.

1236 1069 189 37 ACALIS,
1449 1069 34 37 in
1499 1063 132 45 botany,
1656 1063 38 45 an
1715 1069 141 37 obfolete
1879 1069 92 37 name
1996 1069 41 37 of
2056 1069 55 37 the
2128 1069 138 37 Cerato-

1284 1107 63 45 nia.
1398 1113 62 37 See
1476 1114 248 36 CERATONIA.

1236 1161 276 37 ACALYPHA,
1537 1161 33 37 in
1595 1161 133 37 botany,
1754 1161 19 37 a
1789 1161 99 37 genus
1912 1161 42 37 of
1970 1161 106 37 plants
2093 1161 176 37 belonging

1284 1205 34 37 to
1342 1205 55 37 the
1418 1205 158 37 monoecia
1599 1205 226 37 monadelphia
1847 1205 94 37 clafs.
1988 1205 114 37 There
2118 1205 54 37 are
2188 1205 80 37 only

1283 1251 73 37 four
1381 1251 116 37 fpecies
1526 1251 40 37 of
1592 1251 65 37 this
1684 1251 112 37 plant;
1834 1251 55 37 the
1917 1251 155 37 acalypha
2100 1251 166 37 virginica,

1282 1298 105 37 which
1403 1298 27 37 is
1449 1298 18 37 a
1482 1298 106 37 native
1603 1298 41 37 of
1662 1298 148 37 Ceylon;
1837 1298 55 37 the
1909 1298 136 37 virgata,
2061 1298 117 37 indica,
2205 1298 63 37 and

1283 1344 153 37 auftralis,
1469 1344 43 37 all
1538 1344 121 37 natives
1685 1344 40 37 of
1743 1344 164 37 America.
1967 1344 53 37 Sir
2045 1344 91 37 Hans
2168 1344 105 37 Sloatt

1282 1390 93 37 ranks
1392 1390 64 37 this
1472 1390 88 37 plant
1577 1390 79 37 with
1669 1390 55 37 the
1736 1390 112 37 nettle,
1866 1390 99 37 under
1982 1390 56 37 the
2054 1390 91 37 name
2158 1390 40 37 of
2209 1390 59 37 ur-

1281 1436 69 37 tica
1367 1436 105 37 minor
1490 1436 88 37 iners
1593 1436 144 37 fipicata.

1234 1482 287 37 ACAMATOS,
1547 1482 18 37 a
1580 1482 91 37 word
1686 1482 77 37 ufed
1774 1482 35 37 to
1821 1482 130 37 exprefs
1967 1482 57 37 the
2040 1482 66 37 beft
2121 1482 92 37 fhape
2231 1482 41 37 of

1282 1528 56 37 the
1353 1528 119 37 human
1488 1528 100 37 body.

1235 1575 255 37 ACAMBOU,
1516 1575 18 37 a
1548 1575 153 37 kingdom
1717 1575 42 37 on
1775 1575 56 37 the
1855 1575 86 37 coaft
1963 1575 40 37 of
2021 1575 130 37 Guinea
2166 1575 33 37 in
2214 1575 54 37 A-

1284 1621 93 37 frica.

1236 1668 254 37 ACAMEEH,
1515 1668 115 37 among
1641 1668 85 37 fome
1742 1668 42 37 of
1793 1668 56 37 the
1865 1668 56 37 old
1937 1668 158 37 chemifts,
2120 1668 56 37 the
2194 1668 73 37 fco-

1284 1711 54 37 riae
1354 1711 40 37 of
1404 1711 112 37 filver;
1543 1711 38 37 as-
1594 1711 64 37 alfo
1675 1711 19 37 a
1708 1711 186 37 fuperfluity
1910 1711 40 37 of
1961 1711 55 37 the
2028 1711 167 37 humidum
2208 1711 55 37 ra-

1286 1757 115 37 dicale.

1237 1806 329 37 ACANACEOUS
1597 1806 130 37 plants,
1766 1806 77 37 fuch
1875 1806 34 37 as
1944 1806 54 37 are
2035 1806 110 37 armed
2181 1806 84 37 with

1283 1849 151 37 prickles.

1235 1897 348 37 ACANAPHORA,
1608 1897 32 37 in
1664 1897 133 37 botany,
1823 1897 38 37 an
1884 1897 141 37 obfolete
2042 1897 92 37 name
2150 1897 41 37 of
2208 1897 59 37 the

1283 1943 168 37 centaurea
1462 1943 103 37 jacea,
1590 1943 37 37 or
1643 1943 189 37 knapweed.
1881 1943 62 37 See
1960 1944 257 36 CENTAUREA.

1235 1990 208 37 ACANES,
1467 1984 32 45 in
1513 1984 195 45 geography.
1759 1991 244 36 SCCAKANIS.

1235 2035 233 37 ACANGIS,
1490 2035 72 37 that
1585 2035 40 37 is,
1652 2035 157 37 ravagers
1825 2035 36 37 ox
1876 2035 237 37 adventurers',
2139 2035 20 37 a
2174 2035 93 37 name

1282 2080 106 37 which
1414 2080 53 37 the
1491 2080 112 37 Turks
1628 2080 73 37 give
1723 2080 85 37 their
1831 2080 120 37 huffars
1977 2080 36 37 or
2037 2080 229 37 light-troops,

1283 2126 74 37 who
1374 2126 52 37 are
1439 2126 162 37 generally
1617 2126 67 37 fent
1700 2126 57 37 out
1779 2126 33 37 in
1836 2126 220 37 detachments
2080 2126 36 37 to
2131 2126 136 37 procure

1283 2173 213 37 intelligence,
1520 2173 106 37 harafs
1643 2173 55 37 the
1714 2173 126 37 enemy,
1865 2173 37 37 or
1914 2173 114 37 ravage
2045 2173 55 37 the
2113 2173 149 37 country.

1235 2219 216 37 ACANNY,
1477 2219 38 37 an
1530 2219 109 37 inland
1656 2219 136 37 country
1809 2219 41 37 on
1867 2219 55 37 the
1934 2219 78 37 gold
2028 2219 84 37 coaft
2128 2219 39 37 of
2179 2219 88 37 Gui-

1283 2264 58 37 nea
1367 2264 33 37 in
1425 2264 129 37 Africa,
1578 2264 107 37 which
1709 2264 121 37 affords
1854 2264 56 37 the
1934 2264 65 37 beft
2023 2264 91 37 gold,
2146 2264 63 37 and
2232 2264 34 37 in

1282 2311 90 37 great
1385 2311 123 37 plenty.
1556 2311 111 37 There
1683 2311 28 37 is
1728 2311 19 37 a
1763 2311 89 37 town
1869 2311 37 37 or
1916 2311 117 37 village
2049 2311 41 37 of
2108 2311 56 37 the
2180 2311 87 37 fame

1283 2357 103 37 name,
1411 2357 61 37 W.
1489 2357 90 37 Jong.
1596 2357 35 37 o.
1653 2357 32 37 5.
1710 2357 59 37 lat.
1787 2357 34 37 8.
1842 2357 57 37 30.

1235 2404 253 37 ACANTHA,
1514 2404 31 37 in
1561 2404 133 37 botany,
1719 2404 55 37 the
1791 2404 122 37 prickle
1929 2404 41 37 of
1989 2404 61 37 any
2067 2404 102 37 plant.

1234 2451 209 36 ACANTHA,
1467 2444 33 45 in
1524 2444 155 45 zoology,
1704 2444 18 45 a
1737 2444 83 45 term
1836 2444 52 45 for
1910 2444 56 45 the
1982 2444 86 45 fpine
2085 2444 37 45 or
2138 2444 128 45 prickly

1281 2490 59 45 fins
1356 2490 40 45 of
1414 2490 103 45 fifties.

1234 2542 252 37 ACANTHA,
1510 2542 32 37 in
1559 2542 160 37 anatomy,
1745 2542 39 37 an
1801 2542 141 37 obfolete
1957 2542 83 37 term
2063 2542 51 37 for
2130 2542 56 37 the
2202 2542 63 37 fpi-

1282 2588 51 37 nal
1350 2588 156 37 proceffes
1520 2588 40 37 of
1578 2588 55 37 the
1649 2588 95 37 back.

1235 2636 415 37 ACANTHABOLUS,
1686 2636 32 37 in
1746 2636 143 37 furgery,
1931 2636 39 37 an
1998 2636 186 37 inftrument
2211 2636 54 37 for

1282 2679 122 37 pulling
1420 2679 126 37 thorns,
1571 2679 37 37 or
1624 2679 56 37 the
1697 2679 77 37 like,
1799 2679 56 37 out
1873 2679 39 37 of
1930 2679 55 37 the
2001 2679 79 37 fldn.

1235 2727 372 37 ACANTHACEOU
1622 2727 27 37 ',
1674 2727 116 37 among
1806 2727 124 37 ancient
1947 2727 163 37 botanifts,
2133 2727 39 37 an
2196 2727 68 37 epi-

1283 2772 68 37 thet
1368 2772 91 37 given
1476 2772 35 37 to
1528 2772 121 37 thirties
1666 2772 62 37 and
1743 2772 94 37 other
1853 2772 125 37 prickly
1993 2772 119 37 plants.

1236 2820 251 37 ACANTHE,
1512 2814 32 45 in
1560 2814 134 45 botany,
1720 2814 38 45 an
1782 2814 140 45 obfolete
1946 2814 90 45 name
2052 2814 53 45 for
2121 2814 55 45 the
2194 2820 68 37 Cy-

1284 2859 75 45 nara
1375 2859 36 45 or
1429 2859 177 45 artichoak.
1657 2866 250 36 SCCCYNARA.

1235 2912 299 37 ACANTHIAS,
1557 2912 33 37 in
1613 2912 222 37 ichthyology,
1861 2912 55 37 the
1941 2912 107 37 trivial
2071 2912 92 37 name
2186 2912 40 37 of
2245 2912 19 37 a

1284 2959 118 37 fpecies
1415 2959 40 37 of
1473 2959 142 37 fqualus.
1665 2959 62 37 See
1740 2964 193 30 SCUALUS.

2112 3004 152 37 ACAN-
