2517 3387
593 156 237 75 BOO

1140 155 18 75 (
1190 155 78 75 '62

402 272 193 75 Addendum
619 272 35 75 to
678 272 57 75 the
759 272 110 75 article
893 272 162 75 Book.

262 366 6 75 •
306 366 58 75 All
382 366 123 75 foreign
526 366 110 75 boupd
655 366 102 75 books
781 366 62 75 pay
863 366 81 75 duty
971 366 42 75 on
1038 366 207 75 importation

265 411 75 75 14s.
366 411 52 75 for
434 411 97 75 every
551 411 119 75 ualb.
720 411 50 75 As
788 411 35 75 to
849 411 152 75 unbound
1028 411 115 75 books,
1168 411 78 75 they

260 458 53 75 are
341 458 182 75 commonly
547 458 132 75 entered
702 458 44 75 by
770 458 54 75 the
848 458 147 75 hundred
1017 458 131 75 weight,
1182 458 64 75 and

260 504 74 75 pay,
362 504 30 75 if
413 504 137 75 French,
582 504 38 75 13
635 504 28 75 s.

797 504 34 75 d-
865 504 21 75 b
886 486 37 49 ut
947 504 34 75 if
1002 504 85 75 from
1115 504 62 75 any
1208 504 36 75 o-

259 549 74 75 ther
364 549 148 75 country,
538 549 78 75 only
641 549 55 75 7s.
726 549 133 75 y-j-^d.
907 549 33 75 It
956 549 26 75 is
999 549 65 75 alfo
1080 549 35 75 to
1132 549 38 75 be
1187 549 58 75 ob-

260 595 121 75 ferved,
399 595 71 75 that
487 595 42 75 all
545 595 108 75 popilh
677 595 102 75 books
796 595 54 75 are
873 595 182 75 prohibited
1079 595 34 75 to
1130 595 39 75 be
1185 595 59 75 im-

258 643 115 75 ported
385 643 10 75 ;
422 643 32 75 as
483 643 53 75 are
553 643 42 75 all
611 643 131 75 Englifh
759 643 100 75 books
880 643 126 75 printed
1030 643 130 75 abroad,
1186 643 42 75 un
1237 643 7 75 •

261 689 59 75 lefs
344 689 81 75 with
453 689 55 75 the
531 689 131 75 confent
686 689 39 75 of
745 689 55 75 the
824 689 178 75 proprietor
1018 689 40 75 of
1069 689 56 75 the
1149 689 94 75 copy.

212 734 396 75 Common-place-^ooK.
659 734 61 75 See
741 734 172 75 Common
919 734 205 75 -place-book.

215 782 227 75 T«t/-Book.
491 782 61 75 See
568 782 130 75 Text.

214 829 111 75 Book
345 829 143 75 binding.
514 829 75 75 The
601 829 49 75 art
662 829 40 75 of
707 829 170 75 gathering
892 829 63 75 and
966 829 118 75 fewing
1095 829 150 75 together

262 874 53 75 the
330 874 101 75 (beets
443 874 40 75 of
496 874 19 75 a
527 874 97 75 book,
642 874 62 75 and
717 874 149 75 covering
882 874 25 75 it
923 874 78 75 with
1023 874 19 75 a
1058 874 93 75 back,
1177 874 65 75 tec.

261 920 30 75 It
308 920 26 75 is
352 920 182 75 performed
549 920 74 75 thus
639 920 9 75 :
676 920 75 75 The
764 920 105 75 leaves
885 920 54 75 are
955 920 65 75 firfl:
1036 920 110 75 folded
1163 920 80 75 with

260 967 19 75 a
294 967 232 75 folding-ftick,
553 967 61 75 and
638 967 64 75 laid
727 967 77 75 over
820 967 78 75 each
916 967 94 75 other
1026 967 31 75 in
1075 967 55 75 the
1147 967 96 75 order

259 1013 39 75 of
316 1013 56 75 the
398 1013 177 75 fignature;
602 1013 77 75 then
697 1013 113 75 beaten
826 1013 42 75 on
885 1013 17 75 a
919 1013 87 75 (tone
1022 1013 80 75 with
1120 1013 18 75 a
1154 1013 89 75 ham-

259 1059 78 75 mer,
364 1059 36 75 to
415 1059 93 75 mike
525 1059 86 75 them
628 1059 126 75 fmooth
771 1059 61 75 and
853 1059 81 75 open
954 1059 87 75 well,
1066 1059 62 75 and
1145 1059 97 75 after-

260 1104 105 75 wards
390 1104 133 75 prefled.
587 1104 100 75 They
711 1104 54 75 are
780 1104 103 75 fewed
900 1104 83 75 upon
1000 1104 112 75 bands,
1137 1104 106 75 which

261 1151 53 75 are
331 1151 102 75 pieces
454 1151 39 75 of
512 1151 80 75 cord
607 1151 38 75 or
662 1151 213 75 packthread;
901 1151 46 75 fix
965 1151 99 75 bands
1081 1151 34 75 to
1133 1151 17 75 a
1167 1151 80 75 folio

260 1197 98 75 book,
383 1197 62 75 five
461 1197 35 75 to
509 1197 19 75 a
545 1197 128 75 quarto;
699 1197 122 75 odtavo,
847 1197 66 75 he.
938 1197 105 75 which
1060 1197 27 75 is
1100 1197 83 75 done
1200 1197 44 75 by

259 1243 144 75 drawing
420 1243 17 75 a
453 1243 114 75 thread
597 1243 142 75 through
763 1243 56 75 the
846 1243 119 75 middle
982 1243 41 75 of
1033 1243 84 75 .each
1143 1243 99 75 fheet,

260 1289 61 75 and
344 1289 108 75 giving
469 1289 24 75 it
510 1289 18 75 a
550 1289 74 75 turn
642 1289 102 75 round
759 1289 78 75 each
854 1289 96 75 band,
976 1289 171 75 beginning
1164 1289 77 75 with

259 1336 55 75 the
331 1336 75 75 firft,
432 1336 62 75 and
511 1336 190 75 proceeding
725 1336 35 75 to
788 1336 55 75 the
871 1336 69 75 laA.
993 1336 94 75 After
1105 1336 63 75 this
1185 1336 56 75 the

261 1381 100 75 books
385 1381 53 75 are
467 1381 108 75 glued,
601 1381 61 75 and
679 1381 55 75 the
750 1381 100 75 bands
876 1381 122 75 opened
1015 1381 63 75 and
1098 1381 143 75 feraped,

264 1427 51 75 for
332 1427 55 75 the
411 1427 106 75 better
541 1427 101 75 fixing
669 1427 56 75 the
753 1427 222 75 palleboards;
1017 1427 56 75 the
1105 1427 81 75 back
1217 1427 27 75 is

262 1473 115 75 turned
396 1473 78 75 with
500 1473 17 75 a
535 1473 155 75 hammer,
716 1473 62 75 and
794 1473 54 75 the
865 1473 87 75 book
969 1473 87 75 fixed
1072 1473 31 75 in
1121 1473 18 75 a
1155 1473 85 75 prefs

261 1519 144 75 between
421 1519 65 75 two
513 1519 129 75 boards,
667 1519 30 75 in
717 1519 96 75 order
841 1519 35 75 to
903 1519 91 75 make
1011 1519 19 75 a
1045 1519 120 75 groove
1191 1519 53 75 for

260 1566 100 75 fixing
378 1566 55 75 the
450 1566 216 75 palteboards;
692 1566 87 75 thefe
796 1566 95 75 being
908 1566 137 75 applied,
1079 1566 90 75 holes
1186 1566 56 75 are

260 1612 92 75 made
369 1612 50 75 for
436 1612 102 75 fixing
561 1612 87 75 them
677 1612 34 75 to
728 1612 55 75 the
800 1612 97 75 book,
923 1612 106 75 which
1045 1612 25 75 is
1088 1612 120 75 prefled
1224 1612 19 75 a

260 1659 87 75 third
367 1659 87 75 time.
503 1659 99 75 Then
627 1659 56 75 the
698 1659 86 75 book
800 1659 26 75 is
850 1659 32 75 at
899 1659 56 75 laft
975 1659 56 75 put
1048 1659 35 75 to
1099 1659 55 75 the
1171 1659 67 75 cut-

261 1705 68 75 ting
346 1705 96 75 prefs,
468 1705 137 75 betwixt
632 1705 66 75 two
723 1705 127 75 boards,
877 1705 55 75 the
960 1705 59 75 one
1047 1705 89 75 lying
1164 1705 78 75 even

261 1749 78 75 with
357 1749 55 75 the
428 1749 27 75 p'
455 1749 71 75 refs,
552 1749 51 75 for
618 1749 56 75 the
690 1749 88 75 knife
804 1749 35 75 to
867 1749 58 75 run
954 1749 97 75 upon,
1078 1749 55 75 the
1149 1749 94 75 other

262 1797 100 75 above
389 1797 38 75 it,
453 1797 53 75 for
532 1797 55 75 the
613 1797 89 75 knife
718 1797 36 75 to
771 1797 58 75 run
854 1797 138 75 againft:
1019 1797 99 75 After
1135 1797 106 75 which

261 1843 54 75 the
332 1843 215 75 pafte-boards
571 1843 52 75 are
647 1843 146 75 fquared.

306 1890 76 75 The
399 1890 78 75 next
494 1890 163 75 operation
682 1890 26 75 is
738 1890 54 75 the
814 1890 174 75 fprinkling
1012 1890 54 75 the
1086 1890 104 75 leaves
1207 1890 40 75 of

260 1936 54 75 the
331 1936 96 75 book,
453 1936 104 75 which
574 1936 28 75 is
619 1936 82 75 done
718 1936 44 75 by
777 1936 131 75 dipping
925 1936 17 75 a
960 1936 91 75 brufh
1078 1936 69 75 into
1171 1936 70 75 ver-

259 1982 107 75 milion
385 1982 63 75 and
465 1982 176 75 fap-green,
668 1982 134 75 holding
824 1982 55 75 the
908 1982 92 75 brufh
1017 1982 31 75 in
1066 1982 60 75 one
1142 1982 98 75 hand,

260 2029 62 75 and
337 2029 166 75 fpreading
518 2029 55 75 the
589 2029 70 75 hair
677 2029 76 75 with
771 2029 56 75 the
844 2029 112 75 other;
991 2029 44 75 by
1051 2029 104 75 which
1172 2029 69 75 mo-

258 2073 69 75 tion
343 2073 56 75 the
411 2073 95 75 edges
522 2073 41 75 of
574 2073 55 75 the
651 2073 105 75 leaves
774 2073 53 75 are
840 2073 160 75 fprinkled
1020 2073 31 75 in
1075 2073 18 75 a
1117 2073 125 75 regular

261 2118 143 75 manner,
428 2118 138 75 without
593 2118 62 75 any
682 2118 86 75 fpots
793 2118 93 75 being
913 2118 111 75 bigger
1042 2118 76 75 than
1136 2118 53 75 the
1207 2118 35 75 o-

261 2164 101 75 thers.

308 2209 97 75 Then
423 2209 133 75 remains
580 2209 55 75 the
652 2209 123 75 covers,
800 2209 105 75 which
924 2209 53 75 are
993 2209 103 75 either
1113 2209 39 75 of
1163 2209 79 75 calf-

262 2255 77 75 fkin,
364 2255 38 75 or
418 2255 40 75 of
468 2255 172 75 (heep-fkin
653 2255 9 75 ;
690 2255 86 75 thefe
800 2255 94 75 being
916 2255 171 75 moiflened
1116 2255 30 75 in
1177 2255 64 75 wa-

262 2302 61 75 ter,
348 2302 53 75 are
418 2302 54 75 cut
488 2302 57 75 out
562 2302 34 75 to
613 2302 53 75 the
683 2302 62 75 fize
762 2302 39 75 of
812 2302 55 75 the
884 2302 98 75 book,
1008 2302 75 75 then
1101 2302 142 75 fmeared

262 2348 76 75 over
354 2348 80 75 with
457 2348 83 75 pafte
564 2348 92 75 made
673 2348 40 75 of
735 2348 104 75 wheat
858 2348 92 75 flour,
976 2348 62 75 and
1054 2348 188 75 afterwards

259 2395 159 75 ftretched
445 2395 76 75 oyer
549 2395 54 75 the
634 2395 182 75 pafteboard
852 2395 41 75 on
921 2395 57 75 the
1010 2395 133 75 outfide,
1181 2395 62 75 and

261 2441 141 75 doubled
418 2441 76 75 over
510 2441 54 75 the
593 2441 95 75 edges
712 2441 174 75 withinfide
900 2441 11 75 ;
938 2441 83 75 after
1040 2441 116 75 having
1178 2441 65 75 firfl:

262 2488 92 75 taken
369 2488 50 75 off
427 2488 54 75 the
498 2488 73 75 four
589 2488 118 75 angles,
725 2488 62 75 and
802 2488 152 75 indented
971 2488 62 75 and
1049 2488 122 75 platted
1188 2488 55 75 the

260 2534 94 75 cover
371 2534 34 75 at
420 2534 56 75 the
492 2534 199 75 head-band:
719 2534 104 75 which
840 2534 95 75 dope,
960 2534 55 75 the
1033 2534 87 75 book
1135 2534 27 75 is
1185 2534 56 75 co-

260 2580 109 75 vered,
395 2580 62 75 and
473 2580 109 75 bound
598 2580 104 75 firmly
718 2580 144 75 between
875 2580 65 75 two
951 2580 114 75 bands,
1092 2580 61 75 and
1165 2580 77 75 then

259 2626 46 75 fet
322 2626 35 75 to
374 2626 62 75 dry
496 2626 207 75 Afterwards
714 2626 26 75 it
755 2626 27 75 is
799 2626 123 75 waflied
938 2626 77 75 over
1031 2626 78 75 with
1122 2626 20 75 a
1156 2626 86 75 little

259 2672 84 75 pafte
360 2672 61 75 and
437 2672 112 75 water,
573 2672 63 75 and
652 2672 76 75 then
745 2672 160 75 fprinkled
921 2672 60 75 fine
1007 2672 78 75 with
1102 2672 18 75 a
1136 2672 105 75 brufh,

259 2719 104 75 unlefs
380 2719 25 75 it
421 2719 113 75 fhould
548 2719 39 75 be
604 2719 163 75 marbled;
792 2719 93 75 when
903 2719 55 75 the
972 2719 86 75 fpots
1075 2719 53 75 are
1144 2719 35 75 to
1204 2719 38 75 be

260 2764 91 75 made
368 2764 116 75 larger,
508 2764 44 75 by
568 2764 124 75 mixing
720 2764 55 75 the
791 2764 55 75 ink
862 2764 79 75 with
959 2764 119 75 vitriol.
1142 2764 100 75 After

259 2810 65 75 this
341 2810 54 75 the
415 2810 83 75 book
520 2810 26 75 is
575 2810 115 75 glazed
712 2810 93 75 twice
829 2810 77 75 with
935 2810 55 75 the
1017 2810 98 75 white
1141 2810 41 75 of
1204 2810 39 75 an

259 2857 61 75 egg
335 2857 127 75 beaten,
488 2857 59 75 and
565 2857 33 75 at
612 2857 57 75 lafl
686 2857 141 75 polifhed
851 2857 78 75 with
959 2857 18 75 a
1002 2857 241 75 polifhing.-iron

260 2902 102 75 palled
379 2902 58 75 hot
454 2902 76 75 over
546 2902 54 75 the
616 2902 116 75 glazed
751 2902 108 75 cover.

212 2950 335 75 BOOKSELLER,
574 2950 59 75 one
651 2950 72 75 who
740 2950 106 75 trades
863 2950 32 75 in
911 2950 115 75 books,
1043 2950 145 75 whether
1201 2950 40 75 he

258 2995 100 75 prints
375 2995 88 75 them
478 2995 141 75 hinjfelf*
641 2995 38 75 or
696 2995 87 75 gives
800 2995 88 75 them
915 2995 35 75 to
978 2995 40 75 be
1045 2995 129 75 printed
1198 2995 43 75 by

257 3042 122 75 others.

304 3089 97 75 Vol.
424 3089 31 75 I.
503 3089 71 75 No.
594 3089 57 75 26.

1076 3089 18 75 3

1282 154 13 75 i
1359 154 18 75 )

1743 154 237 75 BOO

1389 223 202 75 Bookfellers
1615 223 53 75 are
1684 223 32 75 in
1733 223 95 75 many
1849 223 106 75 places
1984 223 119 75 ranked
2130 223 116 75 among
2269 223 55 75 the

1340 269 155 75 members
1522 269 41 75 of
1584 269 206 75 uriiverfities,
1816 269 62 75 and
1894 269 136 75 entitled
2045 269 35 75 to
2097 269 55 75 the
2167 269 156 75 privilege

1339 315 40 75 of
1402 315 152 75 ftudents,
1588 315 33 75 as
1650 315 32 75 at
1710 315 187 75 Tubingen,
1924 315 173 75 Salifburg,
2123 315 59 75 and
2216 315 104 75 Paris,

1340 362 105 75 where
1462 362 77 75 they
1556 362 80 75 have
1653 362 118 75 always
1800 362 78 75 been
1906 362 221 75 diftinguifhed
2155 362 84 75 from
2266 362 56 75 the

1338 408 113 75 vulgar
1467 408 62 75 and
1545 408 192 75 mechanical
1755 408 136 75 traders,
1909 408 63 75 and
1987 408 171 75 exempted
2174 408 82 75 from
2273 408 49 75 di-

1339 455 70 75 vers
1427 455 91 75 taxes
1536 455 61 75 and
1613 455 194 75 impofitions
1824 455 65 75 laid
1906 455 83 75 upon
2006 455 94 75 other
2112 455 193 75 companies.

1384 502 75 75 The
1476 502 103 75 traffic
1594 502 40 75 of
1646 502 101 75 books
1765 502 64 75 was
1856 502 160 75 anciently
2031 502 79 75 very
2133 502 188 75 inconfider-

1338 547 82 75 able,
1438 547 32 75 in
1486 547 34 75 fo
1532 547 108 75 much,
1658 547 70 75 that
1741 547 57 75 the
1809 547 283 75 book-merchants
2105 547 40 75 of
2156 547 164 75 England^

1339 594 133 75 France,
1497 594 60 75 and
1585 594 108 75 Spain,
1720 594 62 75 and
1805 594 94 75 other
1916 594 172 75 countries,
2114 594 83 75 were
2213 594 107 75 diftin-

1338 640 127 75 guifhed
1483 640 43 75 by
1542 640 54 75 the
1613 640 190 75 appellation
1827 640 43 75 of
1875 640 75 75 flat
1952 640 117 75 toners,
2095 640 32 75 as
2142 640 120 75 having
2279 640 42 75 no

1339 686 104 75 (hops,
1470 686 56 75 but
1549 686 76 75 only
1647 686 84 75 flails
1756 686 62 75 and
1835 686 103 75 (lands
1954 686 32 75 in
2001 686 58 75 the
2075 686 122 75 ftreets.
2247 686 74 75 Du-

1338 732 70 75 ring
1424 732 63 75 this
1504 732 89 75 (late,
1618 732 56 75 the
1690 732 73 75 civil
1780 732 197 75 magiftrates
2004 732 91 75 took’
2106 732 85 75 little
2215 732 107 75 notice

1338 778 40 75 of
1389 778 54 75 the
1460 778 206 75 bookfellers,
1691 778 125 75 leaving
1835 778 57 75 the
1907 778 208 75 government
2131 778 41 75 of
2183 778 85 75 them
2286 778 36 75 to

1337 825 54 75 the
1410 825 204 75 univerfities,
1633 825 34 75 to
1679 825 106 75 whom
1802 825 76 75 they
1890 825 36 75 w'
1926 825 49 75 ere
1990 825 167 75 fuppofed'
2157 825 90 75 more
2263 825 58 75 im-

1337 873 136 75 mediate
1491 873 151 75 retainers
1657 873 11 75 ;
1695 873 73 75 who
1794 873 203 75 accordingly
2020 873 80 75 gave
2127 873 88 75 them
2242 873 78 75 laws

1337 917 63 75 and
1417 917 205 75 regulations,
1640 917 87 75 fixed
1743 917 102 75 prices
1863 917 40 75 on
1920 917 84 75 their
2020 917 114 75 books,
2151 917 172 75 examined

1337 964 85 75 their
1437 964 203 75 corredlnefs,
1665 964 63 75 and
1749 964 150 75 puniffied
1915 964 87 75 them
2019 964 32 75 at
2067 964 182 75 diferetion.

1384 1011 65 75 But
1466 1011 105 75 when,
1598 1011 41 75 by
1656 1011 55 75 the
1728 1011 161 75 invention
1906 1011 40 75 of
1965 1011 150 75 printing,
2141 1011 100 75 books
2259 1011 62 75 and

1338 1058 193 75 bookfellers
1555 1058 102 75 began
1686 1058 35 75 to
1745 1058 160 75 multiply,
1930 1058 28 75 it
1972 1058 130 75 became
2118 1058 19 75 a
2153 1058 117 75 matter
2285 1058 42 75 of

1337 1103 88 75 more
1442 1103 227 75 confequence,
1695 1103 62 75 and
1773 1103 55 75 the
1848 1103 179 75 fovereigns
2044 1103 79 75 took
2145 1103 54 75 the
2216 1103 104 75 direc-

1338 1149 66 75 tion
1420 1149 41 75 of
1471 1149 88 75 them
1576 1149 68 75 into
1666 1149 84 75 their
1772 1149 72 75 own
1862 1149 101 75 hands
1978 1149 10 75 ;
2015 1149 107 75 giving
2146 1149 87 75 them
2251 1149 70 75 new

1337 1197 140 75 ftatutes,
1502 1197 185 75 appointing
1702 1197 125 75 officers
1844 1197 34 75 to
1894 1197 48 75 fix
1956 1197 115 75 prices,
2096 1197 62 75 and
2173 1197 149 75 granting

1338 1243 146 75 licences,
1510 1243 182 75 privileges,
1718 1243 65 75 foe.

1289 1291 236 75 BOOKING,
1551 1291 115 75 among
1683 1291 192 75 merchants,
1901 1291 55 75 the
1972 1291 129 75 making
2121 1291 39 75 an
2176 1291 94 75 entry
2285 1291 41 75 of

1337 1337 61 75 any
1416 1337 91 75 thing
1524 1337 31 75 in
1574 1337 18 75 a
1609 1337 147 75 Journal.
1807 1337 62 75 See
1886 1337 315 75 Book-keeping.

1289 1382 152 75 BOOM,
1467 1382 32 75 in
1516 1382 55 75 the
1587 1382 234 75 fea-language,
1839 1382 18 75 a
1872 1382 76 75 long
1962 1382 87 75 piece
2065 1382 39 75 of
2116 1382 113 75 timber
2242 1382 79 75 with

1336 1428 105 75 which
1458 1428 56 75 the
1530 1428 80 75 clew
1623 1428 41 75 of
1674 1428 55 75 the
1747 1428 218 75 ftudding-fail
1978 1428 26 75 is
2020 1428 112 75 fpread
2148 1428 81 75 out;
2256 1428 66 75 and

1335 1475 179 75 fbmetimes
1531 1475 55 75 the
1603 1475 95 75 boom
1715 1475 26 75 is
1758 1475 77 75 ufed
1846 1475 34 75 to
1896 1475 112 75 fpread
2024 1475 37 75 or
2077 1475 98 75 boom
2189 1475 57 75 out
2264 1475 58 75 the

1335 1520 80 75 clew
1431 1520 40 75 of
1484 1520 55 75 the
1556 1520 174 75 mainmaft.

1380 1568 218 75 Boom-fpars,
1624 1568 160 75 imported
1808 1568 84 75 from
1910 1568 54 75 the
1977 1568 117 75 Britifh
2112 1568 205 75 plantations,

1336 1614 52 75 are
1405 1614 89 75 free;
1521 1614 30 75 if
1575 1614 83 75 from
1683 1614 140 75 Ireland,
1850 1614 86 75 Afia,
1962 1614 37 75 or
2016 1614 125 75 Africa,
2167 1614 75 75 they
2260 1614 62 75 pay

1339 1660 55 75 6s.
1416 1660 60 75 jd.
1495 1660 54 75 the
1561 1660 167 75 hundred;
1748 1660 62 75 and
1827 1660 29 75 if
1869 1660 83 75 from
1965 1660 182 75 elfewhere,
2167 1660 50 75 9s.
2237 1660 81 75 6^d.

1289 1706 111 75 Boom
1426 1706 133 75 denotes
1577 1706 64 75 alfo
1658 1706 19 75 a
1692 1706 89 75 cable
1798 1706 158 75 ftretched
1972 1706 138 75 athwart
2127 1706 55 75 the
2207 1706 113 75 mouth

1337 1754 38 75 of
1387 1754 18 75 a
1422 1754 83 75 river
1521 1754 37 75 or
1574 1754 161 75 harbour;
1762 1754 78 75 with
1858 1754 107 75 yards,
1991 1754 162 75 topmafts,
2182 1754 138 75 battling

1336 1798 37 75 or
1389 1798 85 75 fpars
1502 1798 41 75 of
1564 1798 93 75 wood
1681 1798 104 75 lafhed
1803 1798 34 75 to
1853 1798 38 75 it,
1916 1798 35 75 to
1975 1798 131 75 prevent
2123 1798 38 75 an
2178 1798 140 75 enemy’s

1336 1845 125 75 coming
1477 1845 44 75 in.

1288 1894 243 75 BOOMING,
1557 1894 117 75 among
1696 1894 122 75 failors,
1841 1894 133 75 denotes
1993 1894 55 75 the
2065 1894 197 75 application-
2283 1894 41 75 of

1336 1939 18 75 a
1368 1939 97 75 boom
1482 1939 35 75 to
1533 1939 55 75 the
1606 1939 83 75 fails.

1381 1986 34 75 A
1431 1986 64 75 fhip
1512 1986 27 75 is
1556 1986 67 75 faid
1640 1986 34 75 to
1691 1986 91 75 come
1798 1986 150 75 booming
1963 1986 170 75 forwards,
2158 1986 91 75 when
2267 1986 52 75 fhe

1336 2031 107 75 comes
1460 2031 76 75 with
1553 2031 41 75 all
1613 2031 53 75 the
1683 2031 56 75 fail
1755 2031 52 75 fhe
1822 2031 57 75 can
1897 2031 104 75 make.

1289 2080 418 75 BOOPHTHALMUS,
1733 2080 18 75 a
1765 2080 78 75 kind
1860 2080 40 75 of
1920 2080 72 75 agat
2009 2080 78 75 with
2102 2080 89 75 large
2208 2080 110 75 circles

1336 2123 31 75 in
1394 2123 39 75 it,
1459 2123 130 75 bearing
1612 2123 85 75 fome
1714 2123 210 75 refemblance
1941 2123 34 75 to
1991 2123 40 75 an
2048 2123 73 75 ox’s
2137 2123 72 75 eye,
2234 2123 84 75 from

1336 2169 129 75 whence
1482 2169 25 75 it
1530 2169 57 75 has
1604 2169 57 75 got
1677 2169 64 75 this
1758 2169 103 75 name.

1288 2216 166 75 BOOPS,
1479 2216 31 75 in
1529 2216 151 75 zoology,
1705 2216 56 75 the
1790 2216 105 75 trivial
1924 2216 91 75 name
2042 2216 40 75 of
2104 2216 17 75 a
2149 2216 117 75 fpecies
2283 2216 40 75 of

1336 2262 130 75 balsena.
1517 2262 60 75 See
1594 2262 184 75 Bal^ena.

1931 2294 15 49 #

1287 2308 146 75 BOOT,
1459 2308 19 75 a
1501 2308 73 75 well
1590 2308 116 75 known
1723 2308 95 75 cover
1839 2308 53 75 for
1913 2308 56 75 the
1985 2308 65 75 leg,
2076 2308 92 75 made
2193 2308 41 75 of
2251 2308 64 75 lea-

1336 2353 82 75 ther.

1288 2401 111 75 Boot
1419 2401 80 75 tree,
1525 2401 38 75 or
1582 2401 207 75 BooT-/afl,
1815 2401 38 75 an
1875 2401 184 75 inftrument
2075 2401 77 75 ufed
2169 2401 42 75 by
2229 2401 87 75 fhoe-

1334 2446 123 75 makers
1475 2446 35 75 to
1526 2446 103 75 widen
1646 2446 56 75 the
1729 2446 53 75 leg
1808 2446 41 75 of
1871 2446 18 75 a
1916 2446 92 75 boot.
2054 2446 35 75 It
2105 2446 26 75 is
2148 2446 18 75 a
2182 2446 134 75 wooden

1335 2492 141 75 cylinder
1492 2492 48 75 flit
1556 2492 69 75 into
1641 2492 65 75 two
1722 2492 99 75 parts,
1846 2492 143 75 between
2005 2492 117 75 which,
2148 2492 90 75 when
2251 2492 25 75 it
2288 2492 28 75 is

1334 2538 57 75 put
1407 2538 67 75 into
1491 2538 56 75 the
1564 2538 90 75 boot,
1680 2538 77 75 they
1772 2538 90 75 drive
1886 2538 44 75 by
1943 2538 86 75 main
2052 2538 89 75 force
2164 2538 20 75 a
2204 2538 112 75 wedge

1336 2583 36 75 or
1388 2583 111 75 quoin.

1288 2632 204 75 BOOTES,
1518 2632 18 75 a
1552 2632 215 75 conftellation
1791 2632 41 75 of
1854 2632 56 75 the
1934 2632 152 75 northern
2105 2632 209 75 hemifphere,

1336 2680 161 75 confifting
1524 2680 40 75 of
1588 2680 42 75 23
1660 2680 89 75 liars,
1774 2680 170 75 according
1971 2680 35 75 to
2025 2680 176 75 Ptolemy’s
2229 2680 84 75 cata-

1334 2726 107 75 logue,
1466 2726 40 75 of
1529 2726 39 75 18
1595 2726 33 75 in
1648 2726 159 75 Tycho’s,
1832 2726 40 75 of
1887 2726 42 75 34
1946 2726 31 75 in
1995 2726 147 75 Bayer’s,
2167 2726 41 75 of
2222 2726 39 75 £2
2281 2726 33 75 in

1334 2772 207 75 Helvelius’s,
1566 2772 61 75 and
1643 2772 41 75 of
1709 2772 42 75 54
1768 2772 30 75 in
1828 2772 58 75 Mr
1901 2772 205 75 Flamftead’s
2134 2772 179 75 catalogue.

1336 2816 61 75 See
1413 2816 266 75 Astronomy,
1704 2816 33 75 p.
1764 2816 81 75 486.

1288 2865 175 75 BOOTY,
1491 2865 160 75 whatever
1666 2865 26 75 is
1710 2865 93 75 taken
1820 2865 84 75 from
1921 2865 39 75 an
1983 2865 112 75 enemy
2119 2865 32 75 in
2178 2865 75 75 time
2280 2865 40 75 of

1334 2908 77 75 war.

1287 2958 234 75 BOPPART,
1547 2958 18 75 a
1578 2958 85 75 town
1681 2958 40 75 of
1731 2958 56 75 the
1799 2958 169 75 electorate
1979 2958 41 75 of
2030 2958 127 75 Triers,
2182 2958 132 75 fituated

1334 3001 38 75 on
1391 3001 54 75 the
1462 3001 74 75 weft
1551 3001 90 75 fhore
1653 3001 40 75 of
1707 3001 55 75 the
1773 3001 121 75 Rhine,
1912 3001 96 75 about
2020 3001 89 75 eight
2121 3001 90 75 miles
2223 3001 93 75 fouth

1332 3048 38 75 of
1383 3048 164 75 Coblentz
1562 3048 9 75 :
1597 3048 45 75 E.
1658 3048 88 75 long.
1770 3048 16 75 7
1786 3030 24 49 0
1833 3048 65 75 io',
1924 3048 48 75 N.
1988 3048 60 75 lat.
2068 3048 64 75 50°
2157 3048 66 75 so'.

1706 3107 20 75 7
1753 3107 24 75 S

2138 3107 183 75 BOQUE-
