<?xml version="1.0" encoding="UTF-8"?>
<alto xmlns="http://www.loc.gov/standards/alto/v3/alto.xsd"><Description><MeasurementUnit>pixel</MeasurementUnit><sourceImageInformation><fileName>./data/pdfs/c_188936619/i_144133901/188082693.23.pdf</fileName></sourceImageInformation><OCRProcessing ID="IdOcr"><ocrProcessingStep><processingDateTime>Fri Jul 12 10:36:43 2019
</processingDateTime><processingSoftware><softwareCreator>CONTRIBUTORS</softwareCreator><softwareName>pdfalto</softwareName><softwareVersion>0.1</softwareVersion></processingSoftware></ocrProcessingStep></OCRProcessing></Description><Styles><TextStyle ID="font0" FONTFAMILY="times" FONTSIZE="10.000" FONTTYPE="serif" FONTWIDTH="proportional" FONTCOLOR="#WWWWWW" FONTSTYLE=""/><TextStyle ID="font1" FONTFAMILY="times" FONTSIZE="6.500" FONTTYPE="serif" FONTWIDTH="proportional" FONTCOLOR="#WWWWWW" FONTSTYLE="superscript"/><TextStyle ID="font2" FONTFAMILY="invisibleocr" FONTSIZE="10.000" FONTTYPE="sans-serif" FONTWIDTH="proportional" FONTCOLOR="#WWWWWW" FONTSTYLE=""/></Styles><Layout><Page ID="Page159" PHYSICAL_IMG_NR="159" WIDTH="2396" HEIGHT="3377"><PrintSpace><TextLine WIDTH="229" HEIGHT="75" ID="p159_t1" HPOS="476" VPOS="134"><String ID="p159_w1" CONTENT="ALT" HPOS="476" VPOS="134" WIDTH="229" HEIGHT="75" STYLEREFS="font0"/></TextLine><TextLine WIDTH="161" HEIGHT="75" ID="p159_t2" HPOS="1052" VPOS="134"><String ID="p159_w2" CONTENT="(" HPOS="1052" VPOS="134" WIDTH="18" HEIGHT="75" STYLEREFS="font0"/><SP WIDTH="64" VPOS="134" HPOS="1070"/><String ID="p159_w3" CONTENT="127" HPOS="1134" VPOS="134" WIDTH="79" HEIGHT="75" STYLEREFS="font0"/></TextLine><TextLine WIDTH="1043" HEIGHT="75" ID="p159_t3" HPOS="102" VPOS="203"><String ID="p159_w4" CONTENT="ALSWANGEN," HPOS="102" VPOS="203" WIDTH="330" HEIGHT="75" STYLEREFS="font0"/><SP WIDTH="24" VPOS="203" HPOS="432"/><String ID="p159_w5" CONTENT="a" HPOS="456" VPOS="203" WIDTH="19" HEIGHT="75" STYLEREFS="font0"/><SP WIDTH="26" VPOS="203" HPOS="475"/><String ID="p159_w6" CONTENT="town" HPOS="501" VPOS="203" WIDTH="88" HEIGHT="75" STYLEREFS="font0"/><SP WIDTH="16" VPOS="203" HPOS="589"/><String ID="p159_w7" CONTENT="of" HPOS="605" VPOS="203" WIDTH="40" HEIGHT="75" STYLEREFS="font0"/><SP WIDTH="21" VPOS="203" HPOS="645"/><String ID="p159_w8" CONTENT="Livonia," HPOS="666" VPOS="203" WIDTH="149" HEIGHT="75" STYLEREFS="font0"/><SP WIDTH="28" VPOS="203" HPOS="815"/><String ID="p159_w9" CONTENT="in" HPOS="843" VPOS="203" WIDTH="32" HEIGHT="75" STYLEREFS="font0"/><SP WIDTH="18" VPOS="203" HPOS="875"/><String ID="p159_w10" CONTENT="the" HPOS="893" VPOS="203" WIDTH="54" HEIGHT="75" STYLEREFS="font0"/><SP WIDTH="15" VPOS="203" HPOS="947"/><String ID="p159_w11" CONTENT="dutchy" HPOS="962" VPOS="203" WIDTH="126" HEIGHT="75" STYLEREFS="font0"/><SP WIDTH="16" VPOS="203" HPOS="1088"/><String ID="p159_w12" CONTENT="of" HPOS="1104" VPOS="203" WIDTH="41" HEIGHT="75" STYLEREFS="font0"/></TextLine><TextLine WIDTH="639" HEIGHT="75" ID="p159_t4" HPOS="151" VPOS="249"><String ID="p159_w13" CONTENT="Courknd," HPOS="151" VPOS="249" WIDTH="177" HEIGHT="75" STYLEREFS="font0"/><SP WIDTH="17" VPOS="249" HPOS="328"/><String ID="p159_w14" CONTENT="fituated" HPOS="345" VPOS="249" WIDTH="136" HEIGHT="75" STYLEREFS="font0"/><SP WIDTH="15" VPOS="249" HPOS="481"/><String ID="p159_w15" CONTENT="upon" HPOS="496" VPOS="249" WIDTH="87" HEIGHT="75" STYLEREFS="font0"/><SP WIDTH="15" VPOS="249" HPOS="583"/><String ID="p159_w16" CONTENT="the" HPOS="598" VPOS="249" WIDTH="55" HEIGHT="75" STYLEREFS="font0"/><SP WIDTH="16" VPOS="249" HPOS="653"/><String ID="p159_w17" CONTENT="Baltic." HPOS="669" VPOS="249" WIDTH="121" HEIGHT="75" STYLEREFS="font0"/></TextLine><TextLine WIDTH="1038" HEIGHT="75" ID="p159_t5" HPOS="101" VPOS="295"><String ID="p159_w18" CONTENT="ALT," HPOS="101" VPOS="295" WIDTH="116" HEIGHT="75" STYLEREFS="font0"/><SP WIDTH="18" VPOS="295" HPOS="217"/><String ID="p159_w19" CONTENT="in" HPOS="235" VPOS="295" WIDTH="32" HEIGHT="75" STYLEREFS="font0"/><SP WIDTH="17" VPOS="295" HPOS="267"/><String ID="p159_w20" CONTENT="mufic," HPOS="284" VPOS="295" WIDTH="108" HEIGHT="75" STYLEREFS="font0"/><SP WIDTH="26" VPOS="295" HPOS="392"/><String ID="p159_w21" CONTENT="a" HPOS="418" VPOS="295" WIDTH="19" HEIGHT="75" STYLEREFS="font0"/><SP WIDTH="23" VPOS="295" HPOS="437"/><String ID="p159_w22" CONTENT="term" HPOS="460" VPOS="295" WIDTH="82" HEIGHT="75" STYLEREFS="font0"/><SP WIDTH="16" VPOS="295" HPOS="542"/><String ID="p159_w23" CONTENT="applied" HPOS="558" VPOS="295" WIDTH="127" HEIGHT="75" STYLEREFS="font0"/><SP WIDTH="16" VPOS="295" HPOS="685"/><String ID="p159_w24" CONTENT="to" HPOS="701" VPOS="295" WIDTH="34" HEIGHT="75" STYLEREFS="font0"/><SP WIDTH="17" VPOS="295" HPOS="735"/><String ID="p159_w25" CONTENT="the" HPOS="752" VPOS="295" WIDTH="55" HEIGHT="75" STYLEREFS="font0"/><SP WIDTH="16" VPOS="295" HPOS="807"/><String ID="p159_w26" CONTENT="high" HPOS="823" VPOS="295" WIDTH="79" HEIGHT="75" STYLEREFS="font0"/><SP WIDTH="20" VPOS="295" HPOS="902"/><String ID="p159_w27" CONTENT="notes" HPOS="922" VPOS="295" WIDTH="93" HEIGHT="75" STYLEREFS="font0"/><SP WIDTH="17" VPOS="295" HPOS="1015"/><String ID="p159_w28" CONTENT="in" HPOS="1032" VPOS="295" WIDTH="33" HEIGHT="75" STYLEREFS="font0"/><SP WIDTH="17" VPOS="295" HPOS="1065"/><String ID="p159_w29" CONTENT="the" HPOS="1082" VPOS="295" WIDTH="57" HEIGHT="75" STYLEREFS="font0"/></TextLine><TextLine WIDTH="408" HEIGHT="75" ID="p159_t6" HPOS="112" VPOS="342"><String ID="p159_w30" CONTENT="-" HPOS="112" VPOS="342" WIDTH="6" HEIGHT="75" STYLEREFS="font0"/><SP WIDTH="31" VPOS="342" HPOS="118"/><String ID="p159_w31" CONTENT="fcale." HPOS="149" VPOS="342" WIDTH="95" HEIGHT="75" STYLEREFS="font0"/><SP WIDTH="50" VPOS="342" HPOS="244"/><String ID="p159_w32" CONTENT="See" HPOS="294" VPOS="342" WIDTH="62" HEIGHT="75" STYLEREFS="font0"/><SP WIDTH="16" VPOS="342" HPOS="356"/><String ID="p159_w33" CONTENT="Music." HPOS="372" VPOS="342" WIDTH="148" HEIGHT="75" STYLEREFS="font0"/></TextLine><TextLine WIDTH="1036" HEIGHT="75" ID="p159_t7" HPOS="103" VPOS="388"><String ID="p159_w34" CONTENT="ALTAMURA," HPOS="103" VPOS="388" WIDTH="296" HEIGHT="75" STYLEREFS="font0"/><SP WIDTH="18" VPOS="388" HPOS="399"/><String ID="p159_w35" CONTENT="a" HPOS="417" VPOS="388" WIDTH="19" HEIGHT="75" STYLEREFS="font0"/><SP WIDTH="19" VPOS="388" HPOS="436"/><String ID="p159_w36" CONTENT="city" HPOS="455" VPOS="388" WIDTH="67" HEIGHT="75" STYLEREFS="font0"/><SP WIDTH="15" VPOS="388" HPOS="522"/><String ID="p159_w37" CONTENT="in" HPOS="537" VPOS="388" WIDTH="34" HEIGHT="75" STYLEREFS="font0"/><SP WIDTH="15" VPOS="388" HPOS="571"/><String ID="p159_w38" CONTENT="the" HPOS="586" VPOS="388" WIDTH="56" HEIGHT="75" STYLEREFS="font0"/><SP WIDTH="17" VPOS="388" HPOS="642"/><String ID="p159_w39" CONTENT="kingdom" HPOS="659" VPOS="388" WIDTH="154" HEIGHT="75" STYLEREFS="font0"/><SP WIDTH="17" VPOS="388" HPOS="813"/><String ID="p159_w40" CONTENT="of" HPOS="830" VPOS="388" WIDTH="39" HEIGHT="75" STYLEREFS="font0"/><SP WIDTH="11" VPOS="388" HPOS="869"/><String ID="p159_w41" CONTENT="Naples," HPOS="880" VPOS="388" WIDTH="134" HEIGHT="75" STYLEREFS="font0"/><SP WIDTH="19" VPOS="388" HPOS="1014"/><String ID="p159_w42" CONTENT="at" HPOS="1033" VPOS="388" WIDTH="33" HEIGHT="75" STYLEREFS="font0"/><SP WIDTH="16" VPOS="388" HPOS="1066"/><String ID="p159_w43" CONTENT="the" HPOS="1082" VPOS="388" WIDTH="57" HEIGHT="75" STYLEREFS="font0"/></TextLine><TextLine WIDTH="929" HEIGHT="75" ID="p159_t8" HPOS="150" VPOS="417"><String ID="p159_w44" CONTENT="foot" HPOS="150" VPOS="435" WIDTH="69" HEIGHT="75" STYLEREFS="font0"/><SP WIDTH="17" VPOS="435" HPOS="219"/><String ID="p159_w45" CONTENT="of" HPOS="236" VPOS="435" WIDTH="40" HEIGHT="75" STYLEREFS="font0"/><SP WIDTH="11" VPOS="435" HPOS="276"/><String ID="p159_w46" CONTENT="the" HPOS="287" VPOS="435" WIDTH="56" HEIGHT="75" STYLEREFS="font0"/><SP WIDTH="16" VPOS="435" HPOS="343"/><String ID="p159_w47" CONTENT="Apennines." HPOS="359" VPOS="435" WIDTH="198" HEIGHT="75" STYLEREFS="font0"/><SP WIDTH="25" VPOS="435" HPOS="557"/><String ID="p159_w48" CONTENT="E." HPOS="582" VPOS="435" WIDTH="44" HEIGHT="75" STYLEREFS="font0"/><SP WIDTH="21" VPOS="435" HPOS="626"/><String ID="p159_w49" CONTENT="long." HPOS="647" VPOS="435" WIDTH="88" HEIGHT="75" STYLEREFS="font0"/><SP WIDTH="24" VPOS="435" HPOS="735"/><String ID="p159_w50" CONTENT="17°." HPOS="759" VPOS="435" WIDTH="73" HEIGHT="75" STYLEREFS="font0"/><SP WIDTH="26" VPOS="435" HPOS="832"/><String ID="p159_w51" CONTENT="N." HPOS="858" VPOS="435" WIDTH="47" HEIGHT="75" STYLEREFS="font0"/><SP WIDTH="18" VPOS="435" HPOS="905"/><String ID="p159_w52" CONTENT="lat." HPOS="923" VPOS="435" WIDTH="59" HEIGHT="75" STYLEREFS="font0"/><SP WIDTH="20" VPOS="435" HPOS="982"/><String ID="p159_w53" CONTENT="41" HPOS="1002" VPOS="435" WIDTH="40" HEIGHT="75" STYLEREFS="font0"/><String ID="p159_w54" CONTENT="0" HPOS="1042" VPOS="417" WIDTH="23" HEIGHT="49" STYLEREFS="font1"/><String ID="p159_w55" CONTENT="." HPOS="1065" VPOS="435" WIDTH="14" HEIGHT="75" STYLEREFS="font0"/></TextLine><TextLine WIDTH="1050" HEIGHT="75" ID="p159_t9" HPOS="90" VPOS="482"><String ID="p159_w56" CONTENT="," HPOS="90" VPOS="482" WIDTH="3" HEIGHT="75" STYLEREFS="font0"/><SP WIDTH="8" VPOS="482" HPOS="93"/><String ID="p159_w57" CONTENT="ALTAR," HPOS="101" VPOS="482" WIDTH="185" HEIGHT="75" STYLEREFS="font0"/><SP WIDTH="30" VPOS="482" HPOS="286"/><String ID="p159_w58" CONTENT="a" HPOS="316" VPOS="482" WIDTH="19" HEIGHT="75" STYLEREFS="font0"/><SP WIDTH="24" VPOS="482" HPOS="335"/><String ID="p159_w59" CONTENT="place" HPOS="359" VPOS="482" WIDTH="89" HEIGHT="75" STYLEREFS="font0"/><SP WIDTH="28" VPOS="482" HPOS="448"/><String ID="p159_w60" CONTENT="upon" HPOS="476" VPOS="482" WIDTH="85" HEIGHT="75" STYLEREFS="font0"/><SP WIDTH="17" VPOS="482" HPOS="561"/><String ID="p159_w61" CONTENT="which" HPOS="578" VPOS="482" WIDTH="106" HEIGHT="75" STYLEREFS="font0"/><SP WIDTH="23" VPOS="482" HPOS="684"/><String ID="p159_w62" CONTENT="lacrifices" HPOS="707" VPOS="482" WIDTH="154" HEIGHT="75" STYLEREFS="font0"/><SP WIDTH="17" VPOS="482" HPOS="861"/><String ID="p159_w63" CONTENT="were" HPOS="878" VPOS="482" WIDTH="85" HEIGHT="75" STYLEREFS="font0"/><SP WIDTH="16" VPOS="482" HPOS="963"/><String ID="p159_w64" CONTENT="anciently" HPOS="979" VPOS="482" WIDTH="161" HEIGHT="75" STYLEREFS="font0"/></TextLine><TextLine WIDTH="395" HEIGHT="75" ID="p159_t10" HPOS="150" VPOS="528"><String ID="p159_w65" CONTENT="offered" HPOS="150" VPOS="528" WIDTH="124" HEIGHT="75" STYLEREFS="font0"/><SP WIDTH="16" VPOS="528" HPOS="274"/><String ID="p159_w66" CONTENT="to" HPOS="290" VPOS="528" WIDTH="35" HEIGHT="75" STYLEREFS="font0"/><SP WIDTH="17" VPOS="528" HPOS="325"/><String ID="p159_w67" CONTENT="fome" HPOS="342" VPOS="528" WIDTH="86" HEIGHT="75" STYLEREFS="font0"/><SP WIDTH="15" VPOS="528" HPOS="428"/><String ID="p159_w68" CONTENT="deity." HPOS="443" VPOS="528" WIDTH="102" HEIGHT="75" STYLEREFS="font0"/></TextLine><TextLine WIDTH="940" HEIGHT="75" ID="p159_t11" HPOS="195" VPOS="575"><String ID="p159_w69" CONTENT="The" HPOS="195" VPOS="575" WIDTH="76" HEIGHT="75" STYLEREFS="font0"/><SP WIDTH="16" VPOS="575" HPOS="271"/><String ID="p159_w70" CONTENT="heathens" HPOS="287" VPOS="575" WIDTH="154" HEIGHT="75" STYLEREFS="font0"/><SP WIDTH="17" VPOS="575" HPOS="441"/><String ID="p159_w71" CONTENT="at" HPOS="458" VPOS="575" WIDTH="33" HEIGHT="75" STYLEREFS="font0"/><SP WIDTH="16" VPOS="575" HPOS="491"/><String ID="p159_w72" CONTENT="firft" HPOS="507" VPOS="575" WIDTH="64" HEIGHT="75" STYLEREFS="font0"/><SP WIDTH="17" VPOS="575" HPOS="571"/><String ID="p159_w73" CONTENT="made" HPOS="588" VPOS="575" WIDTH="93" HEIGHT="75" STYLEREFS="font0"/><SP WIDTH="16" VPOS="575" HPOS="681"/><String ID="p159_w74" CONTENT="their" HPOS="697" VPOS="575" WIDTH="84" HEIGHT="75" STYLEREFS="font0"/><SP WIDTH="16" VPOS="575" HPOS="781"/><String ID="p159_w75" CONTENT="altars" HPOS="797" VPOS="575" WIDTH="96" HEIGHT="75" STYLEREFS="font0"/><SP WIDTH="17" VPOS="575" HPOS="893"/><String ID="p159_w76" CONTENT="only" HPOS="910" VPOS="575" WIDTH="76" HEIGHT="75" STYLEREFS="font0"/><SP WIDTH="13" VPOS="575" HPOS="986"/><String ID="p159_w77" CONTENT="#f" HPOS="999" VPOS="575" WIDTH="42" HEIGHT="75" STYLEREFS="font0"/><SP WIDTH="7" VPOS="575" HPOS="1041"/><String ID="p159_w78" CONTENT="turf;" HPOS="1048" VPOS="575" WIDTH="87" HEIGHT="75" STYLEREFS="font0"/></TextLine><TextLine WIDTH="995" HEIGHT="75" ID="p159_t12" HPOS="150" VPOS="621"><String ID="p159_w79" CONTENT="afterwards" HPOS="150" VPOS="621" WIDTH="187" HEIGHT="75" STYLEREFS="font0"/><SP WIDTH="28" VPOS="621" HPOS="337"/><String ID="p159_w80" CONTENT="they" HPOS="365" VPOS="621" WIDTH="77" HEIGHT="75" STYLEREFS="font0"/><SP WIDTH="12" VPOS="621" HPOS="442"/><String ID="p159_w81" CONTENT="were" HPOS="454" VPOS="621" WIDTH="85" HEIGHT="75" STYLEREFS="font0"/><SP WIDTH="27" VPOS="621" HPOS="539"/><String ID="p159_w82" CONTENT="made" HPOS="566" VPOS="621" WIDTH="93" HEIGHT="75" STYLEREFS="font0"/><SP WIDTH="27" VPOS="621" HPOS="659"/><String ID="p159_w83" CONTENT="of" HPOS="686" VPOS="621" WIDTH="41" HEIGHT="75" STYLEREFS="font0"/><SP WIDTH="18" VPOS="621" HPOS="727"/><String ID="p159_w84" CONTENT="done," HPOS="745" VPOS="621" WIDTH="98" HEIGHT="75" STYLEREFS="font0"/><SP WIDTH="29" VPOS="621" HPOS="843"/><String ID="p159_w85" CONTENT="of" HPOS="872" VPOS="621" WIDTH="40" HEIGHT="75" STYLEREFS="font0"/><SP WIDTH="29" VPOS="621" HPOS="912"/><String ID="p159_w86" CONTENT="marble," HPOS="941" VPOS="621" WIDTH="133" HEIGHT="75" STYLEREFS="font0"/><SP WIDTH="29" VPOS="621" HPOS="1074"/><String ID="p159_w87" CONTENT="of" HPOS="1103" VPOS="621" WIDTH="42" HEIGHT="75" STYLEREFS="font0"/></TextLine><TextLine WIDTH="986" HEIGHT="75" ID="p159_t13" HPOS="152" VPOS="668"><String ID="p159_w88" CONTENT="wood," HPOS="152" VPOS="668" WIDTH="108" HEIGHT="75" STYLEREFS="font0"/><SP WIDTH="26" VPOS="668" HPOS="260"/><String ID="p159_w89" CONTENT="and" HPOS="286" VPOS="668" WIDTH="63" HEIGHT="75" STYLEREFS="font0"/><SP WIDTH="24" VPOS="668" HPOS="349"/><String ID="p159_w90" CONTENT="even" HPOS="373" VPOS="668" WIDTH="78" HEIGHT="75" STYLEREFS="font0"/><SP WIDTH="16" VPOS="668" HPOS="451"/><String ID="p159_w91" CONTENT="of" HPOS="467" VPOS="668" WIDTH="41" HEIGHT="75" STYLEREFS="font0"/><SP WIDTH="18" VPOS="668" HPOS="508"/><String ID="p159_w92" CONTENT="horn," HPOS="526" VPOS="668" WIDTH="95" HEIGHT="75" STYLEREFS="font0"/><SP WIDTH="26" VPOS="668" HPOS="621"/><String ID="p159_w93" CONTENT="as" HPOS="647" VPOS="668" WIDTH="34" HEIGHT="75" STYLEREFS="font0"/><SP WIDTH="17" VPOS="668" HPOS="681"/><String ID="p159_w94" CONTENT="that" HPOS="698" VPOS="668" WIDTH="71" HEIGHT="75" STYLEREFS="font0"/><SP WIDTH="16" VPOS="668" HPOS="769"/><String ID="p159_w95" CONTENT="of" HPOS="785" VPOS="668" WIDTH="40" HEIGHT="75" STYLEREFS="font0"/><SP WIDTH="11" VPOS="668" HPOS="825"/><String ID="p159_w96" CONTENT="Apollo" HPOS="836" VPOS="668" WIDTH="122" HEIGHT="75" STYLEREFS="font0"/><SP WIDTH="16" VPOS="668" HPOS="958"/><String ID="p159_w97" CONTENT="in" HPOS="974" VPOS="668" WIDTH="32" HEIGHT="75" STYLEREFS="font0"/><SP WIDTH="14" VPOS="668" HPOS="1006"/><String ID="p159_w98" CONTENT="Dtlos." HPOS="1020" VPOS="668" WIDTH="118" HEIGHT="75" STYLEREFS="font0"/></TextLine><TextLine WIDTH="989" HEIGHT="75" ID="p159_t14" HPOS="150" VPOS="715"><String ID="p159_w99" CONTENT="Altars" HPOS="150" VPOS="715" WIDTH="113" HEIGHT="75" STYLEREFS="font0"/><SP WIDTH="15" VPOS="715" HPOS="263"/><String ID="p159_w100" CONTENT="differed" HPOS="278" VPOS="715" WIDTH="137" HEIGHT="75" STYLEREFS="font0"/><SP WIDTH="15" VPOS="715" HPOS="415"/><String ID="p159_w101" CONTENT="in" HPOS="430" VPOS="715" WIDTH="32" HEIGHT="75" STYLEREFS="font0"/><SP WIDTH="17" VPOS="715" HPOS="462"/><String ID="p159_w102" CONTENT="figure" HPOS="479" VPOS="715" WIDTH="100" HEIGHT="75" STYLEREFS="font0"/><SP WIDTH="16" VPOS="715" HPOS="579"/><String ID="p159_w103" CONTENT="as" HPOS="595" VPOS="715" WIDTH="34" HEIGHT="75" STYLEREFS="font0"/><SP WIDTH="16" VPOS="715" HPOS="629"/><String ID="p159_w104" CONTENT="well" HPOS="645" VPOS="715" WIDTH="73" HEIGHT="75" STYLEREFS="font0"/><SP WIDTH="18" VPOS="715" HPOS="718"/><String ID="p159_w105" CONTENT="as" HPOS="736" VPOS="715" WIDTH="34" HEIGHT="75" STYLEREFS="font0"/><SP WIDTH="16" VPOS="715" HPOS="770"/><String ID="p159_w106" CONTENT="in" HPOS="786" VPOS="715" WIDTH="32" HEIGHT="75" STYLEREFS="font0"/><SP WIDTH="17" VPOS="715" HPOS="818"/><String ID="p159_w107" CONTENT="materials." HPOS="835" VPOS="715" WIDTH="176" HEIGHT="75" STYLEREFS="font0"/><SP WIDTH="30" VPOS="715" HPOS="1011"/><String ID="p159_w108" CONTENT="Some" HPOS="1041" VPOS="715" WIDTH="98" HEIGHT="75" STYLEREFS="font0"/></TextLine><TextLine WIDTH="995" HEIGHT="75" ID="p159_t15" HPOS="151" VPOS="762"><String ID="p159_w109" CONTENT="were" HPOS="151" VPOS="762" WIDTH="85" HEIGHT="75" STYLEREFS="font0"/><SP WIDTH="20" VPOS="762" HPOS="236"/><String ID="p159_w110" CONTENT="round," HPOS="256" VPOS="762" WIDTH="115" HEIGHT="75" STYLEREFS="font0"/><SP WIDTH="26" VPOS="762" HPOS="371"/><String ID="p159_w111" CONTENT="others" HPOS="397" VPOS="762" WIDTH="109" HEIGHT="75" STYLEREFS="font0"/><SP WIDTH="27" VPOS="762" HPOS="506"/><String ID="p159_w112" CONTENT="fquare," HPOS="533" VPOS="762" WIDTH="127" HEIGHT="75" STYLEREFS="font0"/><SP WIDTH="25" VPOS="762" HPOS="660"/><String ID="p159_w113" CONTENT="and" HPOS="685" VPOS="762" WIDTH="62" HEIGHT="75" STYLEREFS="font0"/><SP WIDTH="23" VPOS="762" HPOS="747"/><String ID="p159_w114" CONTENT="others" HPOS="770" VPOS="762" WIDTH="109" HEIGHT="75" STYLEREFS="font0"/><SP WIDTH="16" VPOS="762" HPOS="879"/><String ID="p159_w115" CONTENT="oval." HPOS="895" VPOS="762" WIDTH="86" HEIGHT="75" STYLEREFS="font0"/><SP WIDTH="48" VPOS="762" HPOS="981"/><String ID="p159_w116" CONTENT="All" HPOS="1029" VPOS="762" WIDTH="58" HEIGHT="75" STYLEREFS="font0"/><SP WIDTH="17" VPOS="762" HPOS="1087"/><String ID="p159_w117" CONTENT="of" HPOS="1104" VPOS="762" WIDTH="42" HEIGHT="75" STYLEREFS="font0"/></TextLine><TextLine WIDTH="989" HEIGHT="75" ID="p159_t16" HPOS="151" VPOS="809"><String ID="p159_w118" CONTENT="them" HPOS="151" VPOS="809" WIDTH="88" HEIGHT="75" STYLEREFS="font0"/><SP WIDTH="17" VPOS="809" HPOS="239"/><String ID="p159_w119" CONTENT="were" HPOS="256" VPOS="809" WIDTH="84" HEIGHT="75" STYLEREFS="font0"/><SP WIDTH="24" VPOS="809" HPOS="340"/><String ID="p159_w120" CONTENT="turned" HPOS="364" VPOS="809" WIDTH="116" HEIGHT="75" STYLEREFS="font0"/><SP WIDTH="20" VPOS="809" HPOS="480"/><String ID="p159_w121" CONTENT="towards" HPOS="500" VPOS="809" WIDTH="140" HEIGHT="75" STYLEREFS="font0"/><SP WIDTH="17" VPOS="809" HPOS="640"/><String ID="p159_w122" CONTENT="the" HPOS="657" VPOS="809" WIDTH="58" HEIGHT="75" STYLEREFS="font0"/><SP WIDTH="14" VPOS="809" HPOS="715"/><String ID="p159_w123" CONTENT="eaft," HPOS="729" VPOS="809" WIDTH="76" HEIGHT="75" STYLEREFS="font0"/><SP WIDTH="30" VPOS="809" HPOS="805"/><String ID="p159_w124" CONTENT="and" HPOS="835" VPOS="809" WIDTH="63" HEIGHT="75" STYLEREFS="font0"/><SP WIDTH="23" VPOS="809" HPOS="898"/><String ID="p159_w125" CONTENT="flood" HPOS="921" VPOS="809" WIDTH="91" HEIGHT="75" STYLEREFS="font0"/><SP WIDTH="27" VPOS="809" HPOS="1012"/><String ID="p159_w126" CONTENT="lower" HPOS="1039" VPOS="809" WIDTH="101" HEIGHT="75" STYLEREFS="font0"/></TextLine><TextLine WIDTH="988" HEIGHT="75" ID="p159_t17" HPOS="151" VPOS="855"><String ID="p159_w127" CONTENT="than" HPOS="151" VPOS="855" WIDTH="78" HEIGHT="75" STYLEREFS="font0"/><SP WIDTH="27" VPOS="855" HPOS="229"/><String ID="p159_w128" CONTENT="the" HPOS="256" VPOS="855" WIDTH="55" HEIGHT="75" STYLEREFS="font0"/><SP WIDTH="23" VPOS="855" HPOS="311"/><String ID="p159_w129" CONTENT="ftatues" HPOS="334" VPOS="855" WIDTH="117" HEIGHT="75" STYLEREFS="font0"/><SP WIDTH="16" VPOS="855" HPOS="451"/><String ID="p159_w130" CONTENT="of" HPOS="467" VPOS="855" WIDTH="41" HEIGHT="75" STYLEREFS="font0"/><SP WIDTH="22" VPOS="855" HPOS="508"/><String ID="p159_w131" CONTENT="the" HPOS="530" VPOS="855" WIDTH="56" HEIGHT="75" STYLEREFS="font0"/><SP WIDTH="17" VPOS="855" HPOS="586"/><String ID="p159_w132" CONTENT="gods," HPOS="603" VPOS="855" WIDTH="92" HEIGHT="75" STYLEREFS="font0"/><SP WIDTH="19" VPOS="855" HPOS="695"/><String ID="p159_w133" CONTENT="and" HPOS="714" VPOS="855" WIDTH="63" HEIGHT="75" STYLEREFS="font0"/><SP WIDTH="15" VPOS="855" HPOS="777"/><String ID="p159_w134" CONTENT="were" HPOS="792" VPOS="855" WIDTH="85" HEIGHT="75" STYLEREFS="font0"/><SP WIDTH="26" VPOS="855" HPOS="877"/><String ID="p159_w135" CONTENT="generally" HPOS="903" VPOS="855" WIDTH="164" HEIGHT="75" STYLEREFS="font0"/><SP WIDTH="14" VPOS="855" HPOS="1067"/><String ID="p159_w136" CONTENT="ad-" HPOS="1081" VPOS="855" WIDTH="58" HEIGHT="75" STYLEREFS="font0"/></TextLine><TextLine WIDTH="990" HEIGHT="75" ID="p159_t18" HPOS="150" VPOS="903"><String ID="p159_w137" CONTENT="orned" HPOS="150" VPOS="903" WIDTH="102" HEIGHT="75" STYLEREFS="font0"/><SP WIDTH="14" VPOS="903" HPOS="252"/><String ID="p159_w138" CONTENT="with" HPOS="266" VPOS="903" WIDTH="81" HEIGHT="75" STYLEREFS="font0"/><SP WIDTH="16" VPOS="903" HPOS="347"/><String ID="p159_w139" CONTENT="fculpture," HPOS="363" VPOS="903" WIDTH="171" HEIGHT="75" STYLEREFS="font0"/><SP WIDTH="17" VPOS="903" HPOS="534"/><String ID="p159_w140" CONTENT="inferiptions," HPOS="551" VPOS="903" WIDTH="214" HEIGHT="75" STYLEREFS="font0"/><SP WIDTH="27" VPOS="903" HPOS="765"/><String ID="p159_w141" CONTENT="and" HPOS="792" VPOS="903" WIDTH="62" HEIGHT="75" STYLEREFS="font0"/><SP WIDTH="24" VPOS="903" HPOS="854"/><String ID="p159_w142" CONTENT="the" HPOS="878" VPOS="903" WIDTH="55" HEIGHT="75" STYLEREFS="font0"/><SP WIDTH="24" VPOS="903" HPOS="933"/><String ID="p159_w143" CONTENT="leaves" HPOS="957" VPOS="903" WIDTH="105" HEIGHT="75" STYLEREFS="font0"/><SP WIDTH="15" VPOS="903" HPOS="1062"/><String ID="p159_w144" CONTENT="and" HPOS="1077" VPOS="903" WIDTH="63" HEIGHT="75" STYLEREFS="font0"/></TextLine><TextLine WIDTH="988" HEIGHT="75" ID="p159_t19" HPOS="151" VPOS="949"><String ID="p159_w145" CONTENT="flowers" HPOS="151" VPOS="949" WIDTH="125" HEIGHT="75" STYLEREFS="font0"/><SP WIDTH="17" VPOS="949" HPOS="276"/><String ID="p159_w146" CONTENT="of" HPOS="293" VPOS="949" WIDTH="40" HEIGHT="75" STYLEREFS="font0"/><SP WIDTH="11" VPOS="949" HPOS="333"/><String ID="p159_w147" CONTENT="the" HPOS="344" VPOS="949" WIDTH="55" HEIGHT="75" STYLEREFS="font0"/><SP WIDTH="22" VPOS="949" HPOS="399"/><String ID="p159_w148" CONTENT="particular" HPOS="421" VPOS="949" WIDTH="175" HEIGHT="75" STYLEREFS="font0"/><SP WIDTH="16" VPOS="949" HPOS="596"/><String ID="p159_w149" CONTENT="tree" HPOS="612" VPOS="949" WIDTH="68" HEIGHT="75" STYLEREFS="font0"/><SP WIDTH="18" VPOS="949" HPOS="680"/><String ID="p159_w150" CONTENT="confecrafed" HPOS="698" VPOS="949" WIDTH="205" HEIGHT="75" STYLEREFS="font0"/><SP WIDTH="15" VPOS="949" HPOS="903"/><String ID="p159_w151" CONTENT="to" HPOS="918" VPOS="949" WIDTH="35" HEIGHT="75" STYLEREFS="font0"/><SP WIDTH="16" VPOS="949" HPOS="953"/><String ID="p159_w152" CONTENT="the" HPOS="969" VPOS="949" WIDTH="56" HEIGHT="75" STYLEREFS="font0"/><SP WIDTH="11" VPOS="949" HPOS="1025"/><String ID="p159_w153" CONTENT="deity." HPOS="1036" VPOS="949" WIDTH="103" HEIGHT="75" STYLEREFS="font0"/></TextLine><TextLine WIDTH="988" HEIGHT="75" ID="p159_t20" HPOS="150" VPOS="995"><String ID="p159_w154" CONTENT="Thus," HPOS="150" VPOS="995" WIDTH="109" HEIGHT="75" STYLEREFS="font0"/><SP WIDTH="24" VPOS="995" HPOS="259"/><String ID="p159_w155" CONTENT="the" HPOS="283" VPOS="995" WIDTH="55" HEIGHT="75" STYLEREFS="font0"/><SP WIDTH="29" VPOS="995" HPOS="338"/><String ID="p159_w156" CONTENT="altars" HPOS="367" VPOS="995" WIDTH="97" HEIGHT="75" STYLEREFS="font0"/><SP WIDTH="23" VPOS="995" HPOS="464"/><String ID="p159_w157" CONTENT="of" HPOS="487" VPOS="995" WIDTH="40" HEIGHT="75" STYLEREFS="font0"/><SP WIDTH="27" VPOS="995" HPOS="527"/><String ID="p159_w158" CONTENT="Jupiter" HPOS="554" VPOS="995" WIDTH="128" HEIGHT="75" STYLEREFS="font0"/><SP WIDTH="22" VPOS="995" HPOS="682"/><String ID="p159_w159" CONTENT="were" HPOS="704" VPOS="995" WIDTH="85" HEIGHT="75" STYLEREFS="font0"/><SP WIDTH="26" VPOS="995" HPOS="789"/><String ID="p159_w160" CONTENT="decked" HPOS="815" VPOS="995" WIDTH="125" HEIGHT="75" STYLEREFS="font0"/><SP WIDTH="21" VPOS="995" HPOS="940"/><String ID="p159_w161" CONTENT="with" HPOS="961" VPOS="995" WIDTH="79" HEIGHT="75" STYLEREFS="font0"/><SP WIDTH="24" VPOS="995" HPOS="1040"/><String ID="p159_w162" CONTENT="oak," HPOS="1064" VPOS="995" WIDTH="74" HEIGHT="75" STYLEREFS="font0"/></TextLine><TextLine WIDTH="985" HEIGHT="75" ID="p159_t21" HPOS="153" VPOS="1042"><String ID="p159_w163" CONTENT="thofe" HPOS="153" VPOS="1042" WIDTH="90" HEIGHT="75" STYLEREFS="font0"/><SP WIDTH="17" VPOS="1042" HPOS="243"/><String ID="p159_w164" CONTENT="of" HPOS="260" VPOS="1042" WIDTH="39" HEIGHT="75" STYLEREFS="font0"/><SP WIDTH="11" VPOS="1042" HPOS="299"/><String ID="p159_w165" CONTENT="Apollo" HPOS="310" VPOS="1042" WIDTH="122" HEIGHT="75" STYLEREFS="font0"/><SP WIDTH="16" VPOS="1042" HPOS="432"/><String ID="p159_w166" CONTENT="with" HPOS="448" VPOS="1042" WIDTH="79" HEIGHT="75" STYLEREFS="font0"/><SP WIDTH="17" VPOS="1042" HPOS="527"/><String ID="p159_w167" CONTENT="laurel," HPOS="544" VPOS="1042" WIDTH="112" HEIGHT="75" STYLEREFS="font0"/><SP WIDTH="15" VPOS="1042" HPOS="656"/><String ID="p159_w168" CONTENT="thofe" HPOS="671" VPOS="1042" WIDTH="89" HEIGHT="75" STYLEREFS="font0"/><SP WIDTH="15" VPOS="1042" HPOS="760"/><String ID="p159_w169" CONTENT="of" HPOS="775" VPOS="1042" WIDTH="41" HEIGHT="75" STYLEREFS="font0"/><SP WIDTH="12" VPOS="1042" HPOS="816"/><String ID="p159_w170" CONTENT="Venus" HPOS="828" VPOS="1042" WIDTH="110" HEIGHT="75" STYLEREFS="font0"/><SP WIDTH="17" VPOS="1042" HPOS="938"/><String ID="p159_w171" CONTENT="with" HPOS="955" VPOS="1042" WIDTH="79" HEIGHT="75" STYLEREFS="font0"/><SP WIDTH="17" VPOS="1042" HPOS="1034"/><String ID="p159_w172" CONTENT="myr-" HPOS="1051" VPOS="1042" WIDTH="87" HEIGHT="75" STYLEREFS="font0"/></TextLine><TextLine WIDTH="669" HEIGHT="75" ID="p159_t22" HPOS="153" VPOS="1091"><String ID="p159_w173" CONTENT="tle," HPOS="153" VPOS="1091" WIDTH="57" HEIGHT="75" STYLEREFS="font0"/><SP WIDTH="22" VPOS="1091" HPOS="210"/><String ID="p159_w174" CONTENT="and" HPOS="232" VPOS="1091" WIDTH="62" HEIGHT="75" STYLEREFS="font0"/><SP WIDTH="12" VPOS="1091" HPOS="294"/><String ID="p159_w175" CONTENT="thofe" HPOS="306" VPOS="1091" WIDTH="90" HEIGHT="75" STYLEREFS="font0"/><SP WIDTH="17" VPOS="1091" HPOS="396"/><String ID="p159_w176" CONTENT="of" HPOS="413" VPOS="1091" WIDTH="39" HEIGHT="75" STYLEREFS="font0"/><SP WIDTH="11" VPOS="1091" HPOS="452"/><String ID="p159_w177" CONTENT="Minerva" HPOS="463" VPOS="1091" WIDTH="151" HEIGHT="75" STYLEREFS="font0"/><SP WIDTH="16" VPOS="1091" HPOS="614"/><String ID="p159_w178" CONTENT="w" HPOS="630" VPOS="1091" WIDTH="22" HEIGHT="75" STYLEREFS="font0"/><SP WIDTH="9" VPOS="1091" HPOS="652"/><String ID="p159_w179" CONTENT="ith" HPOS="661" VPOS="1091" WIDTH="49" HEIGHT="75" STYLEREFS="font0"/><SP WIDTH="16" VPOS="1091" HPOS="710"/><String ID="p159_w180" CONTENT="olive." HPOS="726" VPOS="1091" WIDTH="96" HEIGHT="75" STYLEREFS="font0"/></TextLine><TextLine WIDTH="941" HEIGHT="75" ID="p159_t23" HPOS="198" VPOS="1136"><String ID="p159_w181" CONTENT="The" HPOS="198" VPOS="1136" WIDTH="77" HEIGHT="75" STYLEREFS="font0"/><SP WIDTH="15" VPOS="1136" HPOS="275"/><String ID="p159_w182" CONTENT="height" HPOS="290" VPOS="1136" WIDTH="112" HEIGHT="75" STYLEREFS="font0"/><SP WIDTH="16" VPOS="1136" HPOS="402"/><String ID="p159_w183" CONTENT="of" HPOS="418" VPOS="1136" WIDTH="39" HEIGHT="75" STYLEREFS="font0"/><SP WIDTH="16" VPOS="1136" HPOS="457"/><String ID="p159_w184" CONTENT="altars" HPOS="473" VPOS="1136" WIDTH="98" HEIGHT="75" STYLEREFS="font0"/><SP WIDTH="18" VPOS="1136" HPOS="571"/><String ID="p159_w185" CONTENT="alfo" HPOS="589" VPOS="1136" WIDTH="63" HEIGHT="75" STYLEREFS="font0"/><SP WIDTH="17" VPOS="1136" HPOS="652"/><String ID="p159_w186" CONTENT="differed" HPOS="669" VPOS="1136" WIDTH="137" HEIGHT="75" STYLEREFS="font0"/><SP WIDTH="22" VPOS="1136" HPOS="806"/><String ID="p159_w187" CONTENT="according" HPOS="828" VPOS="1136" WIDTH="171" HEIGHT="75" STYLEREFS="font0"/><SP WIDTH="24" VPOS="1136" HPOS="999"/><String ID="p159_w188" CONTENT="to" HPOS="1023" VPOS="1136" WIDTH="36" HEIGHT="75" STYLEREFS="font0"/><SP WIDTH="24" VPOS="1136" HPOS="1059"/><String ID="p159_w189" CONTENT="the" HPOS="1083" VPOS="1136" WIDTH="56" HEIGHT="75" STYLEREFS="font0"/></TextLine><TextLine WIDTH="986" HEIGHT="75" ID="p159_t24" HPOS="153" VPOS="1183"><String ID="p159_w190" CONTENT="different" HPOS="153" VPOS="1183" WIDTH="151" HEIGHT="75" STYLEREFS="font0"/><SP WIDTH="16" VPOS="1183" HPOS="304"/><String ID="p159_w191" CONTENT="gods" HPOS="320" VPOS="1183" WIDTH="80" HEIGHT="75" STYLEREFS="font0"/><SP WIDTH="17" VPOS="1183" HPOS="400"/><String ID="p159_w192" CONTENT="to" HPOS="417" VPOS="1183" WIDTH="35" HEIGHT="75" STYLEREFS="font0"/><SP WIDTH="16" VPOS="1183" HPOS="452"/><String ID="p159_w193" CONTENT="whom" HPOS="468" VPOS="1183" WIDTH="106" HEIGHT="75" STYLEREFS="font0"/><SP WIDTH="17" VPOS="1183" HPOS="574"/><String ID="p159_w194" CONTENT="they" HPOS="591" VPOS="1183" WIDTH="78" HEIGHT="75" STYLEREFS="font0"/><SP WIDTH="11" VPOS="1183" HPOS="669"/><String ID="p159_w195" CONTENT="facrificed." HPOS="680" VPOS="1183" WIDTH="175" HEIGHT="75" STYLEREFS="font0"/><SP WIDTH="48" VPOS="1183" HPOS="855"/><String ID="p159_w196" CONTENT="Thoie" HPOS="903" VPOS="1183" WIDTH="111" HEIGHT="75" STYLEREFS="font0"/><SP WIDTH="18" VPOS="1183" HPOS="1014"/><String ID="p159_w197" CONTENT="of" HPOS="1032" VPOS="1183" WIDTH="39" HEIGHT="75" STYLEREFS="font0"/><SP WIDTH="12" VPOS="1183" HPOS="1071"/><String ID="p159_w198" CONTENT="the" HPOS="1083" VPOS="1183" WIDTH="56" HEIGHT="75" STYLEREFS="font0"/></TextLine><TextLine WIDTH="987" HEIGHT="75" ID="p159_t25" HPOS="152" VPOS="1231"><String ID="p159_w199" CONTENT="celeftial" HPOS="152" VPOS="1231" WIDTH="135" HEIGHT="75" STYLEREFS="font0"/><SP WIDTH="24" VPOS="1231" HPOS="287"/><String ID="p159_w200" CONTENT="gods" HPOS="311" VPOS="1231" WIDTH="80" HEIGHT="75" STYLEREFS="font0"/><SP WIDTH="19" VPOS="1231" HPOS="391"/><String ID="p159_w201" CONTENT="were" HPOS="410" VPOS="1231" WIDTH="83" HEIGHT="75" STYLEREFS="font0"/><SP WIDTH="16" VPOS="1231" HPOS="493"/><String ID="p159_w202" CONTENT="raifed" HPOS="509" VPOS="1231" WIDTH="101" HEIGHT="75" STYLEREFS="font0"/><SP WIDTH="15" VPOS="1231" HPOS="610"/><String ID="p159_w203" CONTENT="to" HPOS="625" VPOS="1231" WIDTH="36" HEIGHT="75" STYLEREFS="font0"/><SP WIDTH="23" VPOS="1231" HPOS="661"/><String ID="p159_w204" CONTENT="a" HPOS="684" VPOS="1231" WIDTH="19" HEIGHT="75" STYLEREFS="font0"/><SP WIDTH="24" VPOS="1231" HPOS="703"/><String ID="p159_w205" CONTENT="great" HPOS="727" VPOS="1231" WIDTH="89" HEIGHT="75" STYLEREFS="font0"/><SP WIDTH="16" VPOS="1231" HPOS="816"/><String ID="p159_w206" CONTENT="height" HPOS="832" VPOS="1231" WIDTH="113" HEIGHT="75" STYLEREFS="font0"/><SP WIDTH="16" VPOS="1231" HPOS="945"/><String ID="p159_w207" CONTENT="above" HPOS="961" VPOS="1231" WIDTH="100" HEIGHT="75" STYLEREFS="font0"/><SP WIDTH="22" VPOS="1231" HPOS="1061"/><String ID="p159_w208" CONTENT="the" HPOS="1083" VPOS="1231" WIDTH="56" HEIGHT="75" STYLEREFS="font0"/></TextLine><TextLine WIDTH="985" HEIGHT="75" ID="p159_t26" HPOS="153" VPOS="1277"><String ID="p159_w209" CONTENT="ground;" HPOS="153" VPOS="1277" WIDTH="145" HEIGHT="75" STYLEREFS="font0"/><SP WIDTH="26" VPOS="1277" HPOS="298"/><String ID="p159_w210" CONTENT="thofe" HPOS="324" VPOS="1277" WIDTH="90" HEIGHT="75" STYLEREFS="font0"/><SP WIDTH="24" VPOS="1277" HPOS="414"/><String ID="p159_w211" CONTENT="appointed," HPOS="438" VPOS="1277" WIDTH="177" HEIGHT="75" STYLEREFS="font0"/><SP WIDTH="22" VPOS="1277" HPOS="615"/><String ID="p159_w212" CONTENT="for" HPOS="637" VPOS="1277" WIDTH="52" HEIGHT="75" STYLEREFS="font0"/><SP WIDTH="20" VPOS="1277" HPOS="689"/><String ID="p159_w213" CONTENT="the" HPOS="709" VPOS="1277" WIDTH="55" HEIGHT="75" STYLEREFS="font0"/><SP WIDTH="17" VPOS="1277" HPOS="764"/><String ID="p159_w214" CONTENT="terreflrial," HPOS="781" VPOS="1277" WIDTH="184" HEIGHT="75" STYLEREFS="font0"/><SP WIDTH="25" VPOS="1277" HPOS="965"/><String ID="p159_w215" CONTENT="were" HPOS="990" VPOS="1277" WIDTH="85" HEIGHT="75" STYLEREFS="font0"/><SP WIDTH="17" VPOS="1277" HPOS="1075"/><String ID="p159_w216" CONTENT="al-" HPOS="1092" VPOS="1277" WIDTH="46" HEIGHT="75" STYLEREFS="font0"/></TextLine><TextLine WIDTH="985" HEIGHT="75" ID="p159_t27" HPOS="154" VPOS="1323"><String ID="p159_w217" CONTENT="mofl" HPOS="154" VPOS="1323" WIDTH="78" HEIGHT="75" STYLEREFS="font0"/><SP WIDTH="17" VPOS="1323" HPOS="232"/><String ID="p159_w218" CONTENT="on" HPOS="249" VPOS="1323" WIDTH="40" HEIGHT="75" STYLEREFS="font0"/><SP WIDTH="19" VPOS="1323" HPOS="289"/><String ID="p159_w219" CONTENT="a" HPOS="308" VPOS="1323" WIDTH="17" HEIGHT="75" STYLEREFS="font0"/><SP WIDTH="24" VPOS="1323" HPOS="325"/><String ID="p159_w220" CONTENT="level" HPOS="349" VPOS="1323" WIDTH="83" HEIGHT="75" STYLEREFS="font0"/><SP WIDTH="24" VPOS="1323" HPOS="432"/><String ID="p159_w221" CONTENT="wdth" HPOS="456" VPOS="1323" WIDTH="79" HEIGHT="75" STYLEREFS="font0"/><SP WIDTH="28" VPOS="1323" HPOS="535"/><String ID="p159_w222" CONTENT="the" HPOS="563" VPOS="1323" WIDTH="56" HEIGHT="75" STYLEREFS="font0"/><SP WIDTH="24" VPOS="1323" HPOS="619"/><String ID="p159_w223" CONTENT="furface" HPOS="643" VPOS="1323" WIDTH="122" HEIGHT="75" STYLEREFS="font0"/><SP WIDTH="28" VPOS="1323" HPOS="765"/><String ID="p159_w224" CONTENT="of" HPOS="793" VPOS="1323" WIDTH="40" HEIGHT="75" STYLEREFS="font0"/><SP WIDTH="21" VPOS="1323" HPOS="833"/><String ID="p159_w225" CONTENT="the" HPOS="854" VPOS="1323" WIDTH="57" HEIGHT="75" STYLEREFS="font0"/><SP WIDTH="19" VPOS="1323" HPOS="911"/><String ID="p159_w226" CONTENT="earth." HPOS="930" VPOS="1323" WIDTH="104" HEIGHT="75" STYLEREFS="font0"/><SP WIDTH="50" VPOS="1323" HPOS="1034"/><String ID="p159_w227" CONTENT="On" HPOS="1084" VPOS="1323" WIDTH="55" HEIGHT="75" STYLEREFS="font0"/></TextLine><TextLine WIDTH="984" HEIGHT="75" ID="p159_t28" HPOS="153" VPOS="1370"><String ID="p159_w228" CONTENT="the" HPOS="153" VPOS="1370" WIDTH="54" HEIGHT="75" STYLEREFS="font0"/><SP WIDTH="18" VPOS="1370" HPOS="207"/><String ID="p159_w229" CONTENT="contraryj" HPOS="225" VPOS="1370" WIDTH="163" HEIGHT="75" STYLEREFS="font0"/><SP WIDTH="18" VPOS="1370" HPOS="388"/><String ID="p159_w230" CONTENT="they" HPOS="406" VPOS="1370" WIDTH="78" HEIGHT="75" STYLEREFS="font0"/><SP WIDTH="17" VPOS="1370" HPOS="484"/><String ID="p159_w231" CONTENT="dug" HPOS="501" VPOS="1370" WIDTH="66" HEIGHT="75" STYLEREFS="font0"/><SP WIDTH="17" VPOS="1370" HPOS="567"/><String ID="p159_w232" CONTENT="a" HPOS="584" VPOS="1370" WIDTH="18" HEIGHT="75" STYLEREFS="font0"/><SP WIDTH="15" VPOS="1370" HPOS="602"/><String ID="p159_w233" CONTENT="hole" HPOS="617" VPOS="1370" WIDTH="74" HEIGHT="75" STYLEREFS="font0"/><SP WIDTH="18" VPOS="1370" HPOS="691"/><String ID="p159_w234" CONTENT="for" HPOS="709" VPOS="1370" WIDTH="50" HEIGHT="75" STYLEREFS="font0"/><SP WIDTH="22" VPOS="1370" HPOS="759"/><String ID="p159_w235" CONTENT="the" HPOS="781" VPOS="1370" WIDTH="55" HEIGHT="75" STYLEREFS="font0"/><SP WIDTH="18" VPOS="1370" HPOS="836"/><String ID="p159_w236" CONTENT="altars" HPOS="854" VPOS="1370" WIDTH="96" HEIGHT="75" STYLEREFS="font0"/><SP WIDTH="17" VPOS="1370" HPOS="950"/><String ID="p159_w237" CONTENT="of" HPOS="967" VPOS="1370" WIDTH="38" HEIGHT="75" STYLEREFS="font0"/><SP WIDTH="12" VPOS="1370" HPOS="1005"/><String ID="p159_w238" CONTENT="the" HPOS="1017" VPOS="1370" WIDTH="55" HEIGHT="75" STYLEREFS="font0"/><SP WIDTH="17" VPOS="1370" HPOS="1072"/><String ID="p159_w239" CONTENT="in-" HPOS="1089" VPOS="1370" WIDTH="48" HEIGHT="75" STYLEREFS="font0"/></TextLine><TextLine WIDTH="209" HEIGHT="75" ID="p159_t29" HPOS="152" VPOS="1417"><String ID="p159_w240" CONTENT="fernal" HPOS="152" VPOS="1417" WIDTH="99" HEIGHT="75" STYLEREFS="font0"/><SP WIDTH="17" VPOS="1417" HPOS="251"/><String ID="p159_w241" CONTENT="gods." HPOS="268" VPOS="1417" WIDTH="93" HEIGHT="75" STYLEREFS="font0"/></TextLine><TextLine WIDTH="938" HEIGHT="75" ID="p159_t30" HPOS="200" VPOS="1464"><String ID="p159_w242" CONTENT="Before" HPOS="200" VPOS="1464" WIDTH="120" HEIGHT="75" STYLEREFS="font0"/><SP WIDTH="26" VPOS="1464" HPOS="320"/><String ID="p159_w243" CONTENT="temples" HPOS="346" VPOS="1464" WIDTH="135" HEIGHT="75" STYLEREFS="font0"/><SP WIDTH="28" VPOS="1464" HPOS="481"/><String ID="p159_w244" CONTENT="were" HPOS="509" VPOS="1464" WIDTH="84" HEIGHT="75" STYLEREFS="font0"/><SP WIDTH="25" VPOS="1464" HPOS="593"/><String ID="p159_w245" CONTENT="in" HPOS="618" VPOS="1464" WIDTH="32" HEIGHT="75" STYLEREFS="font0"/><SP WIDTH="28" VPOS="1464" HPOS="650"/><String ID="p159_w246" CONTENT="ufe," HPOS="678" VPOS="1464" WIDTH="65" HEIGHT="75" STYLEREFS="font0"/><SP WIDTH="30" VPOS="1464" HPOS="743"/><String ID="p159_w247" CONTENT="altars" HPOS="773" VPOS="1464" WIDTH="96" HEIGHT="75" STYLEREFS="font0"/><SP WIDTH="26" VPOS="1464" HPOS="869"/><String ID="p159_w248" CONTENT="were," HPOS="895" VPOS="1464" WIDTH="100" HEIGHT="75" STYLEREFS="font0"/><SP WIDTH="17" VPOS="1464" HPOS="995"/><String ID="p159_w249" CONTENT="eredfed" HPOS="1012" VPOS="1464" WIDTH="126" HEIGHT="75" STYLEREFS="font0"/></TextLine><TextLine WIDTH="987" HEIGHT="75" ID="p159_t31" HPOS="151" VPOS="1510"><String ID="p159_w250" CONTENT="fometimes" HPOS="151" VPOS="1510" WIDTH="180" HEIGHT="75" STYLEREFS="font0"/><SP WIDTH="16" VPOS="1510" HPOS="331"/><String ID="p159_w251" CONTENT="in" HPOS="347" VPOS="1510" WIDTH="33" HEIGHT="75" STYLEREFS="font0"/><SP WIDTH="16" VPOS="1510" HPOS="380"/><String ID="p159_w252" CONTENT="groves," HPOS="396" VPOS="1510" WIDTH="127" HEIGHT="75" STYLEREFS="font0"/><SP WIDTH="28" VPOS="1510" HPOS="523"/><String ID="p159_w253" CONTENT="fometifties" HPOS="551" VPOS="1510" WIDTH="177" HEIGHT="75" STYLEREFS="font0"/><SP WIDTH="18" VPOS="1510" HPOS="728"/><String ID="p159_w254" CONTENT="in" HPOS="746" VPOS="1510" WIDTH="31" HEIGHT="75" STYLEREFS="font0"/><SP WIDTH="21" VPOS="1510" HPOS="777"/><String ID="p159_w255" CONTENT="the" HPOS="798" VPOS="1510" WIDTH="55" HEIGHT="75" STYLEREFS="font0"/><SP WIDTH="16" VPOS="1510" HPOS="853"/><String ID="p159_w256" CONTENT="highways," HPOS="869" VPOS="1510" WIDTH="179" HEIGHT="75" STYLEREFS="font0"/><SP WIDTH="27" VPOS="1510" HPOS="1048"/><String ID="p159_w257" CONTENT="and" HPOS="1075" VPOS="1510" WIDTH="63" HEIGHT="75" STYLEREFS="font0"/></TextLine><TextLine WIDTH="985" HEIGHT="75" ID="p159_t32" HPOS="153" VPOS="1557"><String ID="p159_w258" CONTENT="fometimes" HPOS="153" VPOS="1557" WIDTH="178" HEIGHT="75" STYLEREFS="font0"/><SP WIDTH="26" VPOS="1557" HPOS="331"/><String ID="p159_w259" CONTENT="on" HPOS="357" VPOS="1557" WIDTH="40" HEIGHT="75" STYLEREFS="font0"/><SP WIDTH="25" VPOS="1557" HPOS="397"/><String ID="p159_w260" CONTENT="the" HPOS="422" VPOS="1557" WIDTH="56" HEIGHT="75" STYLEREFS="font0"/><SP WIDTH="25" VPOS="1557" HPOS="478"/><String ID="p159_w261" CONTENT="tops" HPOS="503" VPOS="1557" WIDTH="73" HEIGHT="75" STYLEREFS="font0"/><SP WIDTH="17" VPOS="1557" HPOS="576"/><String ID="p159_w262" CONTENT="of" HPOS="593" VPOS="1557" WIDTH="40" HEIGHT="75" STYLEREFS="font0"/><SP WIDTH="17" VPOS="1557" HPOS="633"/><String ID="p159_w263" CONTENT="mountains" HPOS="650" VPOS="1557" WIDTH="180" HEIGHT="75" STYLEREFS="font0"/><SP WIDTH="15" VPOS="1557" HPOS="830"/><String ID="p159_w264" CONTENT=";" HPOS="845" VPOS="1557" WIDTH="10" HEIGHT="75" STYLEREFS="font0"/><SP WIDTH="27" VPOS="1557" HPOS="855"/><String ID="p159_w265" CONTENT="and" HPOS="882" VPOS="1557" WIDTH="63" HEIGHT="75" STYLEREFS="font0"/><SP WIDTH="26" VPOS="1557" HPOS="945"/><String ID="p159_w266" CONTENT="it" HPOS="971" VPOS="1557" WIDTH="26" HEIGHT="75" STYLEREFS="font0"/><SP WIDTH="28" VPOS="1557" HPOS="997"/><String ID="p159_w267" CONTENT="was" HPOS="1025" VPOS="1557" WIDTH="64" HEIGHT="75" STYLEREFS="font0"/><SP WIDTH="29" VPOS="1557" HPOS="1089"/><String ID="p159_w268" CONTENT="a" HPOS="1118" VPOS="1557" WIDTH="20" HEIGHT="75" STYLEREFS="font0"/></TextLine><TextLine WIDTH="987" HEIGHT="75" ID="p159_t33" HPOS="152" VPOS="1605"><String ID="p159_w269" CONTENT="cuftom" HPOS="152" VPOS="1605" WIDTH="118" HEIGHT="75" STYLEREFS="font0"/><SP WIDTH="24" VPOS="1605" HPOS="270"/><String ID="p159_w270" CONTENT="to" HPOS="294" VPOS="1605" WIDTH="36" HEIGHT="75" STYLEREFS="font0"/><SP WIDTH="24" VPOS="1605" HPOS="330"/><String ID="p159_w271" CONTENT="engrave" HPOS="354" VPOS="1605" WIDTH="136" HEIGHT="75" STYLEREFS="font0"/><SP WIDTH="24" VPOS="1605" HPOS="490"/><String ID="p159_w272" CONTENT="upon" HPOS="514" VPOS="1605" WIDTH="85" HEIGHT="75" STYLEREFS="font0"/><SP WIDTH="25" VPOS="1605" HPOS="599"/><String ID="p159_w273" CONTENT="them" HPOS="624" VPOS="1605" WIDTH="88" HEIGHT="75" STYLEREFS="font0"/><SP WIDTH="24" VPOS="1605" HPOS="712"/><String ID="p159_w274" CONTENT="the" HPOS="736" VPOS="1605" WIDTH="56" HEIGHT="75" STYLEREFS="font0"/><SP WIDTH="27" VPOS="1605" HPOS="792"/><String ID="p159_w275" CONTENT="name," HPOS="819" VPOS="1605" WIDTH="104" HEIGHT="75" STYLEREFS="font0"/><SP WIDTH="31" VPOS="1605" HPOS="923"/><String ID="p159_w276" CONTENT="enfign," HPOS="954" VPOS="1605" WIDTH="118" HEIGHT="75" STYLEREFS="font0"/><SP WIDTH="28" VPOS="1605" HPOS="1072"/><String ID="p159_w277" CONTENT="or" HPOS="1100" VPOS="1605" WIDTH="39" HEIGHT="75" STYLEREFS="font0"/></TextLine><TextLine WIDTH="983" HEIGHT="75" ID="p159_t34" HPOS="153" VPOS="1649"><String ID="p159_w278" CONTENT="char" HPOS="153" VPOS="1649" WIDTH="76" HEIGHT="75" STYLEREFS="font0"/><SP WIDTH="2" VPOS="1649" HPOS="229"/><String ID="p159_w279" CONTENT="after" HPOS="231" VPOS="1649" WIDTH="82" HEIGHT="75" STYLEREFS="font0"/><SP WIDTH="28" VPOS="1649" HPOS="313"/><String ID="p159_w280" CONTENT="of" HPOS="341" VPOS="1649" WIDTH="40" HEIGHT="75" STYLEREFS="font0"/><SP WIDTH="33" VPOS="1649" HPOS="381"/><String ID="p159_w281" CONTENT="the" HPOS="414" VPOS="1649" WIDTH="56" HEIGHT="75" STYLEREFS="font0"/><SP WIDTH="27" VPOS="1649" HPOS="470"/><String ID="p159_w282" CONTENT="deity" HPOS="497" VPOS="1649" WIDTH="91" HEIGHT="75" STYLEREFS="font0"/><SP WIDTH="26" VPOS="1649" HPOS="588"/><String ID="p159_w283" CONTENT="to" HPOS="614" VPOS="1649" WIDTH="36" HEIGHT="75" STYLEREFS="font0"/><SP WIDTH="27" VPOS="1649" HPOS="650"/><String ID="p159_w284" CONTENT="whom" HPOS="677" VPOS="1649" WIDTH="108" HEIGHT="75" STYLEREFS="font0"/><SP WIDTH="27" VPOS="1649" HPOS="785"/><String ID="p159_w285" CONTENT="they" HPOS="812" VPOS="1649" WIDTH="78" HEIGHT="75" STYLEREFS="font0"/><SP WIDTH="27" VPOS="1649" HPOS="890"/><String ID="p159_w286" CONTENT="were" HPOS="917" VPOS="1649" WIDTH="84" HEIGHT="75" STYLEREFS="font0"/><SP WIDTH="27" VPOS="1649" HPOS="1001"/><String ID="p159_w287" CONTENT="confe-" HPOS="1028" VPOS="1649" WIDTH="108" HEIGHT="75" STYLEREFS="font0"/></TextLine><TextLine WIDTH="123" HEIGHT="75" ID="p159_t35" HPOS="153" VPOS="1697"><String ID="p159_w288" CONTENT="crated." HPOS="153" VPOS="1697" WIDTH="123" HEIGHT="75" STYLEREFS="font0"/></TextLine><TextLine WIDTH="937" HEIGHT="75" ID="p159_t36" HPOS="199" VPOS="1743"><String ID="p159_w289" CONTENT="In" HPOS="199" VPOS="1743" WIDTH="39" HEIGHT="75" STYLEREFS="font0"/><SP WIDTH="15" VPOS="1743" HPOS="238"/><String ID="p159_w290" CONTENT="the" HPOS="253" VPOS="1743" WIDTH="56" HEIGHT="75" STYLEREFS="font0"/><SP WIDTH="20" VPOS="1743" HPOS="309"/><String ID="p159_w291" CONTENT="great" HPOS="329" VPOS="1743" WIDTH="89" HEIGHT="75" STYLEREFS="font0"/><SP WIDTH="16" VPOS="1743" HPOS="418"/><String ID="p159_w292" CONTENT="temples" HPOS="434" VPOS="1743" WIDTH="133" HEIGHT="75" STYLEREFS="font0"/><SP WIDTH="17" VPOS="1743" HPOS="567"/><String ID="p159_w293" CONTENT="of" HPOS="584" VPOS="1743" WIDTH="40" HEIGHT="75" STYLEREFS="font0"/><SP WIDTH="20" VPOS="1743" HPOS="624"/><String ID="p159_w294" CONTENT="ancient" HPOS="644" VPOS="1743" WIDTH="124" HEIGHT="75" STYLEREFS="font0"/><SP WIDTH="24" VPOS="1743" HPOS="768"/><String ID="p159_w295" CONTENT="Rome," HPOS="792" VPOS="1743" WIDTH="117" HEIGHT="75" STYLEREFS="font0"/><SP WIDTH="23" VPOS="1743" HPOS="909"/><String ID="p159_w296" CONTENT="there" HPOS="932" VPOS="1743" WIDTH="93" HEIGHT="75" STYLEREFS="font0"/><SP WIDTH="26" VPOS="1743" HPOS="1025"/><String ID="p159_w297" CONTENT="were" HPOS="1051" VPOS="1743" WIDTH="85" HEIGHT="75" STYLEREFS="font0"/></TextLine><TextLine WIDTH="1000" HEIGHT="75" ID="p159_t37" HPOS="152" VPOS="1790"><String ID="p159_w298" CONTENT="ordinarily" HPOS="152" VPOS="1790" WIDTH="175" HEIGHT="75" STYLEREFS="font0"/><SP WIDTH="11" VPOS="1790" HPOS="327"/><String ID="p159_w299" CONTENT="three" HPOS="338" VPOS="1790" WIDTH="92" HEIGHT="75" STYLEREFS="font0"/><SP WIDTH="18" VPOS="1790" HPOS="430"/><String ID="p159_w300" CONTENT="altars:" HPOS="448" VPOS="1790" WIDTH="117" HEIGHT="75" STYLEREFS="font0"/><SP WIDTH="36" VPOS="1790" HPOS="565"/><String ID="p159_w301" CONTENT="The" HPOS="601" VPOS="1790" WIDTH="77" HEIGHT="75" STYLEREFS="font0"/><SP WIDTH="28" VPOS="1790" HPOS="678"/><String ID="p159_w302" CONTENT="firfl" HPOS="706" VPOS="1790" WIDTH="64" HEIGHT="75" STYLEREFS="font0"/><SP WIDTH="24" VPOS="1790" HPOS="770"/><String ID="p159_w303" CONTENT="was" HPOS="794" VPOS="1790" WIDTH="64" HEIGHT="75" STYLEREFS="font0"/><SP WIDTH="25" VPOS="1790" HPOS="858"/><String ID="p159_w304" CONTENT="placed" HPOS="883" VPOS="1790" WIDTH="112" HEIGHT="75" STYLEREFS="font0"/><SP WIDTH="24" VPOS="1790" HPOS="995"/><String ID="p159_w305" CONTENT="in" HPOS="1019" VPOS="1790" WIDTH="33" HEIGHT="75" STYLEREFS="font0"/><SP WIDTH="27" VPOS="1790" HPOS="1052"/><String ID="p159_w306" CONTENT="the," HPOS="1079" VPOS="1790" WIDTH="73" HEIGHT="75" STYLEREFS="font0"/></TextLine><TextLine WIDTH="981" HEIGHT="75" ID="p159_t38" HPOS="153" VPOS="1836"><String ID="p159_w307" CONTENT="fanftuary," HPOS="153" VPOS="1836" WIDTH="175" HEIGHT="75" STYLEREFS="font0"/><SP WIDTH="26" VPOS="1836" HPOS="328"/><String ID="p159_w308" CONTENT="at" HPOS="354" VPOS="1836" WIDTH="31" HEIGHT="75" STYLEREFS="font0"/><SP WIDTH="26" VPOS="1836" HPOS="385"/><String ID="p159_w309" CONTENT="the" HPOS="411" VPOS="1836" WIDTH="55" HEIGHT="75" STYLEREFS="font0"/><SP WIDTH="24" VPOS="1836" HPOS="466"/><String ID="p159_w310" CONTENT="foot" HPOS="490" VPOS="1836" WIDTH="71" HEIGHT="75" STYLEREFS="font0"/><SP WIDTH="24" VPOS="1836" HPOS="561"/><String ID="p159_w311" CONTENT="of" HPOS="585" VPOS="1836" WIDTH="40" HEIGHT="75" STYLEREFS="font0"/><SP WIDTH="23" VPOS="1836" HPOS="625"/><String ID="p159_w312" CONTENT="the" HPOS="648" VPOS="1836" WIDTH="55" HEIGHT="75" STYLEREFS="font0"/><SP WIDTH="22" VPOS="1836" HPOS="703"/><String ID="p159_w313" CONTENT="flatue" HPOS="725" VPOS="1836" WIDTH="99" HEIGHT="75" STYLEREFS="font0"/><SP WIDTH="17" VPOS="1836" HPOS="824"/><String ID="p159_w314" CONTENT="of" HPOS="841" VPOS="1836" WIDTH="40" HEIGHT="75" STYLEREFS="font0"/><SP WIDTH="21" VPOS="1836" HPOS="881"/><String ID="p159_w315" CONTENT="the" HPOS="902" VPOS="1836" WIDTH="56" HEIGHT="75" STYLEREFS="font0"/><SP WIDTH="27" VPOS="1836" HPOS="958"/><String ID="p159_w316" CONTENT="divinity," HPOS="985" VPOS="1836" WIDTH="149" HEIGHT="75" STYLEREFS="font0"/></TextLine><TextLine WIDTH="980" HEIGHT="75" ID="p159_t39" HPOS="152" VPOS="1884"><String ID="p159_w317" CONTENT="upon" HPOS="152" VPOS="1884" WIDTH="86" HEIGHT="75" STYLEREFS="font0"/><SP WIDTH="15" VPOS="1884" HPOS="238"/><String ID="p159_w318" CONTENT="which" HPOS="253" VPOS="1884" WIDTH="105" HEIGHT="75" STYLEREFS="font0"/><SP WIDTH="17" VPOS="1884" HPOS="358"/><String ID="p159_w319" CONTENT="incenfe" HPOS="375" VPOS="1884" WIDTH="123" HEIGHT="75" STYLEREFS="font0"/><SP WIDTH="16" VPOS="1884" HPOS="498"/><String ID="p159_w320" CONTENT="was" HPOS="514" VPOS="1884" WIDTH="64" HEIGHT="75" STYLEREFS="font0"/><SP WIDTH="16" VPOS="1884" HPOS="578"/><String ID="p159_w321" CONTENT="burnt," HPOS="594" VPOS="1884" WIDTH="109" HEIGHT="75" STYLEREFS="font0"/><SP WIDTH="18" VPOS="1884" HPOS="703"/><String ID="p159_w322" CONTENT="and" HPOS="721" VPOS="1884" WIDTH="63" HEIGHT="75" STYLEREFS="font0"/><SP WIDTH="20" VPOS="1884" HPOS="784"/><String ID="p159_w323" CONTENT="libations" HPOS="804" VPOS="1884" WIDTH="150" HEIGHT="75" STYLEREFS="font0"/><SP WIDTH="28" VPOS="1884" HPOS="954"/><String ID="p159_w324" CONTENT="offered" HPOS="982" VPOS="1884" WIDTH="125" HEIGHT="75" STYLEREFS="font0"/><SP WIDTH="14" VPOS="1884" HPOS="1107"/><String ID="p159_w325" CONTENT=";" HPOS="1121" VPOS="1884" WIDTH="11" HEIGHT="75" STYLEREFS="font0"/></TextLine><TextLine WIDTH="985" HEIGHT="75" ID="p159_t40" HPOS="151" VPOS="1931"><String ID="p159_w326" CONTENT="the" HPOS="151" VPOS="1931" WIDTH="56" HEIGHT="75" STYLEREFS="font0"/><SP WIDTH="27" VPOS="1931" HPOS="207"/><String ID="p159_w327" CONTENT="fecond" HPOS="234" VPOS="1931" WIDTH="116" HEIGHT="75" STYLEREFS="font0"/><SP WIDTH="16" VPOS="1931" HPOS="350"/><String ID="p159_w328" CONTENT="was" HPOS="366" VPOS="1931" WIDTH="64" HEIGHT="75" STYLEREFS="font0"/><SP WIDTH="25" VPOS="1931" HPOS="430"/><String ID="p159_w329" CONTENT="before" HPOS="455" VPOS="1931" WIDTH="112" HEIGHT="75" STYLEREFS="font0"/><SP WIDTH="22" VPOS="1931" HPOS="567"/><String ID="p159_w330" CONTENT="the" HPOS="589" VPOS="1931" WIDTH="56" HEIGHT="75" STYLEREFS="font0"/><SP WIDTH="27" VPOS="1931" HPOS="645"/><String ID="p159_w331" CONTENT="gate" HPOS="672" VPOS="1931" WIDTH="72" HEIGHT="75" STYLEREFS="font0"/><SP WIDTH="25" VPOS="1931" HPOS="744"/><String ID="p159_w332" CONTENT="of" HPOS="769" VPOS="1931" WIDTH="40" HEIGHT="75" STYLEREFS="font0"/><SP WIDTH="22" VPOS="1931" HPOS="809"/><String ID="p159_w333" CONTENT="the" HPOS="831" VPOS="1931" WIDTH="55" HEIGHT="75" STYLEREFS="font0"/><SP WIDTH="27" VPOS="1931" HPOS="886"/><String ID="p159_w334" CONTENT="temple," HPOS="913" VPOS="1931" WIDTH="130" HEIGHT="75" STYLEREFS="font0"/><SP WIDTH="29" VPOS="1931" HPOS="1043"/><String ID="p159_w335" CONTENT="and" HPOS="1072" VPOS="1931" WIDTH="64" HEIGHT="75" STYLEREFS="font0"/></TextLine><TextLine WIDTH="985" HEIGHT="75" ID="p159_t41" HPOS="151" VPOS="1978"><String ID="p159_w336" CONTENT="upon" HPOS="151" VPOS="1978" WIDTH="84" HEIGHT="75" STYLEREFS="font0"/><SP WIDTH="16" VPOS="1978" HPOS="235"/><String ID="p159_w337" CONTENT="it" HPOS="251" VPOS="1978" WIDTH="26" HEIGHT="75" STYLEREFS="font0"/><SP WIDTH="17" VPOS="1978" HPOS="277"/><String ID="p159_w338" CONTENT="they" HPOS="294" VPOS="1978" WIDTH="76" HEIGHT="75" STYLEREFS="font0"/><SP WIDTH="16" VPOS="1978" HPOS="370"/><String ID="p159_w339" CONTENT="facrificed" HPOS="386" VPOS="1978" WIDTH="160" HEIGHT="75" STYLEREFS="font0"/><SP WIDTH="16" VPOS="1978" HPOS="546"/><String ID="p159_w340" CONTENT="the" HPOS="562" VPOS="1978" WIDTH="54" HEIGHT="75" STYLEREFS="font0"/><SP WIDTH="16" VPOS="1978" HPOS="616"/><String ID="p159_w341" CONTENT="viftims" HPOS="632" VPOS="1978" WIDTH="122" HEIGHT="75" STYLEREFS="font0"/><SP WIDTH="14" VPOS="1978" HPOS="754"/><String ID="p159_w342" CONTENT=";" HPOS="768" VPOS="1978" WIDTH="10" HEIGHT="75" STYLEREFS="font0"/><SP WIDTH="28" VPOS="1978" HPOS="778"/><String ID="p159_w343" CONTENT="and" HPOS="806" VPOS="1978" WIDTH="59" HEIGHT="75" STYLEREFS="font0"/><SP WIDTH="18" VPOS="1978" HPOS="865"/><String ID="p159_w344" CONTENT="the" HPOS="883" VPOS="1978" WIDTH="55" HEIGHT="75" STYLEREFS="font0"/><SP WIDTH="16" VPOS="1978" HPOS="938"/><String ID="p159_w345" CONTENT="third" HPOS="954" VPOS="1978" WIDTH="88" HEIGHT="75" STYLEREFS="font0"/><SP WIDTH="27" VPOS="1978" HPOS="1042"/><String ID="p159_w346" CONTENT="was" HPOS="1069" VPOS="1978" WIDTH="67" HEIGHT="75" STYLEREFS="font0"/></TextLine><TextLine WIDTH="1015" HEIGHT="75" ID="p159_t42" HPOS="121" VPOS="2025"><String ID="p159_w347" CONTENT="*" HPOS="121" VPOS="2025" WIDTH="6" HEIGHT="75" STYLEREFS="font0"/><SP WIDTH="24" VPOS="2025" HPOS="127"/><String ID="p159_w348" CONTENT="a" HPOS="151" VPOS="2025" WIDTH="20" HEIGHT="75" STYLEREFS="font0"/><SP WIDTH="15" VPOS="2025" HPOS="171"/><String ID="p159_w349" CONTENT="portable" HPOS="186" VPOS="2025" WIDTH="146" HEIGHT="75" STYLEREFS="font0"/><SP WIDTH="15" VPOS="2025" HPOS="332"/><String ID="p159_w350" CONTENT="altar," HPOS="347" VPOS="2025" WIDTH="95" HEIGHT="75" STYLEREFS="font0"/><SP WIDTH="27" VPOS="2025" HPOS="442"/><String ID="p159_w351" CONTENT="upon" HPOS="469" VPOS="2025" WIDTH="86" HEIGHT="75" STYLEREFS="font0"/><SP WIDTH="15" VPOS="2025" HPOS="555"/><String ID="p159_w352" CONTENT="which" HPOS="570" VPOS="2025" WIDTH="104" HEIGHT="75" STYLEREFS="font0"/><SP WIDTH="17" VPOS="2025" HPOS="674"/><String ID="p159_w353" CONTENT="W'" HPOS="691" VPOS="2025" WIDTH="40" HEIGHT="75" STYLEREFS="font0"/><String ID="p159_w354" CONTENT="ere" HPOS="731" VPOS="2025" WIDTH="44" HEIGHT="75" STYLEREFS="font0"/><SP WIDTH="17" VPOS="2025" HPOS="775"/><String ID="p159_w355" CONTENT="placed" HPOS="792" VPOS="2025" WIDTH="115" HEIGHT="75" STYLEREFS="font0"/><SP WIDTH="20" VPOS="2025" HPOS="907"/><String ID="p159_w356" CONTENT="the" HPOS="927" VPOS="2025" WIDTH="56" HEIGHT="75" STYLEREFS="font0"/><SP WIDTH="16" VPOS="2025" HPOS="983"/><String ID="p159_w357" CONTENT="offering" HPOS="999" VPOS="2025" WIDTH="137" HEIGHT="75" STYLEREFS="font0"/></TextLine><TextLine WIDTH="396" HEIGHT="75" ID="p159_t43" HPOS="152" VPOS="2075"><String ID="p159_w358" CONTENT="and" HPOS="152" VPOS="2075" WIDTH="66" HEIGHT="75" STYLEREFS="font0"/><SP WIDTH="13" VPOS="2075" HPOS="218"/><String ID="p159_w359" CONTENT="the" HPOS="231" VPOS="2075" WIDTH="54" HEIGHT="75" STYLEREFS="font0"/><SP WIDTH="16" VPOS="2075" HPOS="285"/><String ID="p159_w360" CONTENT="facred" HPOS="301" VPOS="2075" WIDTH="109" HEIGHT="75" STYLEREFS="font0"/><SP WIDTH="16" VPOS="2075" HPOS="410"/><String ID="p159_w361" CONTENT="veffels." HPOS="426" VPOS="2075" WIDTH="122" HEIGHT="75" STYLEREFS="font0"/></TextLine><TextLine WIDTH="936" HEIGHT="75" ID="p159_t44" HPOS="199" VPOS="2118"><String ID="p159_w362" CONTENT="Befides" HPOS="199" VPOS="2118" WIDTH="129" HEIGHT="75" STYLEREFS="font0"/><SP WIDTH="27" VPOS="2118" HPOS="328"/><String ID="p159_w363" CONTENT="thefe" HPOS="355" VPOS="2118" WIDTH="87" HEIGHT="75" STYLEREFS="font0"/><SP WIDTH="28" VPOS="2118" HPOS="442"/><String ID="p159_w364" CONTENT="ufes" HPOS="470" VPOS="2118" WIDTH="68" HEIGHT="75" STYLEREFS="font0"/><SP WIDTH="28" VPOS="2118" HPOS="538"/><String ID="p159_w365" CONTENT="of" HPOS="566" VPOS="2118" WIDTH="41" HEIGHT="75" STYLEREFS="font0"/><SP WIDTH="26" VPOS="2118" HPOS="607"/><String ID="p159_w366" CONTENT="altars," HPOS="633" VPOS="2118" WIDTH="110" HEIGHT="75" STYLEREFS="font0"/><SP WIDTH="33" VPOS="2118" HPOS="743"/><String ID="p159_w367" CONTENT="the" HPOS="776" VPOS="2118" WIDTH="56" HEIGHT="75" STYLEREFS="font0"/><SP WIDTH="29" VPOS="2118" HPOS="832"/><String ID="p159_w368" CONTENT="ancients" HPOS="861" VPOS="2118" WIDTH="140" HEIGHT="75" STYLEREFS="font0"/><SP WIDTH="32" VPOS="2118" HPOS="1001"/><String ID="p159_w369" CONTENT="fwore" HPOS="1033" VPOS="2118" WIDTH="102" HEIGHT="75" STYLEREFS="font0"/></TextLine><TextLine WIDTH="983" HEIGHT="75" ID="p159_t45" HPOS="150" VPOS="2165"><String ID="p159_w370" CONTENT="upon" HPOS="150" VPOS="2165" WIDTH="85" HEIGHT="75" STYLEREFS="font0"/><SP WIDTH="17" VPOS="2165" HPOS="235"/><String ID="p159_w371" CONTENT="them," HPOS="252" VPOS="2165" WIDTH="101" HEIGHT="75" STYLEREFS="font0"/><SP WIDTH="25" VPOS="2165" HPOS="353"/><String ID="p159_w372" CONTENT="and" HPOS="378" VPOS="2165" WIDTH="63" HEIGHT="75" STYLEREFS="font0"/><SP WIDTH="15" VPOS="2165" HPOS="441"/><String ID="p159_w373" CONTENT="fwore" HPOS="456" VPOS="2165" WIDTH="99" HEIGHT="75" STYLEREFS="font0"/><SP WIDTH="17" VPOS="2165" HPOS="555"/><String ID="p159_w374" CONTENT="by" HPOS="572" VPOS="2165" WIDTH="44" HEIGHT="75" STYLEREFS="font0"/><SP WIDTH="15" VPOS="2165" HPOS="616"/><String ID="p159_w375" CONTENT="them," HPOS="631" VPOS="2165" WIDTH="99" HEIGHT="75" STYLEREFS="font0"/><SP WIDTH="28" VPOS="2165" HPOS="730"/><String ID="p159_w376" CONTENT="in" HPOS="758" VPOS="2165" WIDTH="32" HEIGHT="75" STYLEREFS="font0"/><SP WIDTH="28" VPOS="2165" HPOS="790"/><String ID="p159_w377" CONTENT="making" HPOS="818" VPOS="2165" WIDTH="129" HEIGHT="75" STYLEREFS="font0"/><SP WIDTH="25" VPOS="2165" HPOS="947"/><String ID="p159_w378" CONTENT="alliances," HPOS="972" VPOS="2165" WIDTH="161" HEIGHT="75" STYLEREFS="font0"/></TextLine><TextLine WIDTH="984" HEIGHT="75" ID="p159_t46" HPOS="151" VPOS="2212"><String ID="p159_w379" CONTENT="confirming" HPOS="151" VPOS="2212" WIDTH="186" HEIGHT="75" STYLEREFS="font0"/><SP WIDTH="23" VPOS="2212" HPOS="337"/><String ID="p159_w380" CONTENT="treaties" HPOS="360" VPOS="2212" WIDTH="130" HEIGHT="75" STYLEREFS="font0"/><SP WIDTH="21" VPOS="2212" HPOS="490"/><String ID="p159_w381" CONTENT="of" HPOS="511" VPOS="2212" WIDTH="39" HEIGHT="75" STYLEREFS="font0"/><SP WIDTH="20" VPOS="2212" HPOS="550"/><String ID="p159_w382" CONTENT="peace," HPOS="570" VPOS="2212" WIDTH="108" HEIGHT="75" STYLEREFS="font0"/><SP WIDTH="29" VPOS="2212" HPOS="678"/><String ID="p159_w383" CONTENT="and" HPOS="707" VPOS="2212" WIDTH="63" HEIGHT="75" STYLEREFS="font0"/><SP WIDTH="23" VPOS="2212" HPOS="770"/><String ID="p159_w384" CONTENT="other" HPOS="793" VPOS="2212" WIDTH="94" HEIGHT="75" STYLEREFS="font0"/><SP WIDTH="19" VPOS="2212" HPOS="887"/><String ID="p159_w385" CONTENT="fojemn" HPOS="906" VPOS="2212" WIDTH="119" HEIGHT="75" STYLEREFS="font0"/><SP WIDTH="17" VPOS="2212" HPOS="1025"/><String ID="p159_w386" CONTENT="occa-" HPOS="1042" VPOS="2212" WIDTH="93" HEIGHT="75" STYLEREFS="font0"/></TextLine><TextLine WIDTH="993" HEIGHT="75" ID="p159_t47" HPOS="143" VPOS="2258"><String ID="p159_w387" CONTENT=";fions." HPOS="143" VPOS="2258" WIDTH="103" HEIGHT="75" STYLEREFS="font0"/><SP WIDTH="48" VPOS="2258" HPOS="246"/><String ID="p159_w388" CONTENT="Altars" HPOS="294" VPOS="2258" WIDTH="113" HEIGHT="75" STYLEREFS="font0"/><SP WIDTH="21" VPOS="2258" HPOS="407"/><String ID="p159_w389" CONTENT="alfo" HPOS="428" VPOS="2258" WIDTH="64" HEIGHT="75" STYLEREFS="font0"/><SP WIDTH="23" VPOS="2258" HPOS="492"/><String ID="p159_w390" CONTENT="ferved" HPOS="515" VPOS="2258" WIDTH="111" HEIGHT="75" STYLEREFS="font0"/><SP WIDTH="25" VPOS="2258" HPOS="626"/><String ID="p159_w391" CONTENT="as" HPOS="651" VPOS="2258" WIDTH="33" HEIGHT="75" STYLEREFS="font0"/><SP WIDTH="23" VPOS="2258" HPOS="684"/><String ID="p159_w392" CONTENT="places" HPOS="707" VPOS="2258" WIDTH="105" HEIGHT="75" STYLEREFS="font0"/><SP WIDTH="25" VPOS="2258" HPOS="812"/><String ID="p159_w393" CONTENT="of" HPOS="837" VPOS="2258" WIDTH="40" HEIGHT="75" STYLEREFS="font0"/><SP WIDTH="18" VPOS="2258" HPOS="877"/><String ID="p159_w394" CONTENT="refuge" HPOS="895" VPOS="2258" WIDTH="112" HEIGHT="75" STYLEREFS="font0"/><SP WIDTH="24" VPOS="2258" HPOS="1007"/><String ID="p159_w395" CONTENT="to" HPOS="1031" VPOS="2258" WIDTH="36" HEIGHT="75" STYLEREFS="font0"/><SP WIDTH="24" VPOS="2258" HPOS="1067"/><String ID="p159_w396" CONTENT="all" HPOS="1091" VPOS="2258" WIDTH="45" HEIGHT="75" STYLEREFS="font0"/></TextLine><TextLine WIDTH="982" HEIGHT="75" ID="p159_t48" HPOS="151" VPOS="2306"><String ID="p159_w397" CONTENT="thofe" HPOS="151" VPOS="2306" WIDTH="90" HEIGHT="75" STYLEREFS="font0"/><SP WIDTH="27" VPOS="2306" HPOS="241"/><String ID="p159_w398" CONTENT="who" HPOS="268" VPOS="2306" WIDTH="74" HEIGHT="75" STYLEREFS="font0"/><SP WIDTH="26" VPOS="2306" HPOS="342"/><String ID="p159_w399" CONTENT="fled" HPOS="368" VPOS="2306" WIDTH="64" HEIGHT="75" STYLEREFS="font0"/><SP WIDTH="26" VPOS="2306" HPOS="432"/><String ID="p159_w400" CONTENT="to" HPOS="458" VPOS="2306" WIDTH="36" HEIGHT="75" STYLEREFS="font0"/><SP WIDTH="26" VPOS="2306" HPOS="494"/><String ID="p159_w401" CONTENT="them," HPOS="520" VPOS="2306" WIDTH="102" HEIGHT="75" STYLEREFS="font0"/><SP WIDTH="23" VPOS="2306" HPOS="622"/><String ID="p159_w402" CONTENT="whatever" HPOS="645" VPOS="2306" WIDTH="164" HEIGHT="75" STYLEREFS="font0"/><SP WIDTH="23" VPOS="2306" HPOS="809"/><String ID="p159_w403" CONTENT="crime" HPOS="832" VPOS="2306" WIDTH="99" HEIGHT="75" STYLEREFS="font0"/><SP WIDTH="32" VPOS="2306" HPOS="931"/><String ID="p159_w404" CONTENT="they" HPOS="963" VPOS="2306" WIDTH="78" HEIGHT="75" STYLEREFS="font0"/><SP WIDTH="27" VPOS="2306" HPOS="1041"/><String ID="p159_w405" CONTENT="had" HPOS="1068" VPOS="2306" WIDTH="65" HEIGHT="75" STYLEREFS="font0"/></TextLine><TextLine WIDTH="199" HEIGHT="75" ID="p159_t49" HPOS="150" VPOS="2352"><String ID="p159_w406" CONTENT="committed." HPOS="150" VPOS="2352" WIDTH="199" HEIGHT="75" STYLEREFS="font0"/></TextLine><TextLine WIDTH="937" HEIGHT="75" ID="p159_t50" HPOS="197" VPOS="2397"><String ID="p159_w407" CONTENT="Among" HPOS="197" VPOS="2397" WIDTH="130" HEIGHT="75" STYLEREFS="font0"/><SP WIDTH="11" VPOS="2397" HPOS="327"/><String ID="p159_w408" CONTENT="the" HPOS="338" VPOS="2397" WIDTH="55" HEIGHT="75" STYLEREFS="font0"/><SP WIDTH="13" VPOS="2397" HPOS="393"/><String ID="p159_w409" CONTENT="Jews," HPOS="406" VPOS="2397" WIDTH="99" HEIGHT="75" STYLEREFS="font0"/><SP WIDTH="12" VPOS="2397" HPOS="505"/><String ID="p159_w410" CONTENT="altars" HPOS="517" VPOS="2397" WIDTH="98" HEIGHT="75" STYLEREFS="font0"/><SP WIDTH="16" VPOS="2397" HPOS="615"/><String ID="p159_w411" CONTENT="in" HPOS="631" VPOS="2397" WIDTH="32" HEIGHT="75" STYLEREFS="font0"/><SP WIDTH="12" VPOS="2397" HPOS="663"/><String ID="p159_w412" CONTENT="the" HPOS="675" VPOS="2397" WIDTH="55" HEIGHT="75" STYLEREFS="font0"/><SP WIDTH="11" VPOS="2397" HPOS="730"/><String ID="p159_w413" CONTENT="patriarchal" HPOS="741" VPOS="2397" WIDTH="192" HEIGHT="75" STYLEREFS="font0"/><SP WIDTH="12" VPOS="2397" HPOS="933"/><String ID="p159_w414" CONTENT="times" HPOS="945" VPOS="2397" WIDTH="92" HEIGHT="75" STYLEREFS="font0"/><SP WIDTH="12" VPOS="2397" HPOS="1037"/><String ID="p159_w415" CONTENT="were" HPOS="1049" VPOS="2397" WIDTH="85" HEIGHT="75" STYLEREFS="font0"/></TextLine><TextLine WIDTH="983" HEIGHT="104" ID="p159_t51" HPOS="150" VPOS="2419"><String ID="p159_w416" CONTENT="▼ery" HPOS="150" VPOS="2419" WIDTH="78" HEIGHT="104" STYLEREFS="font2"/><SP WIDTH="23" VPOS="2419" HPOS="228"/><String ID="p159_w417" CONTENT="rude." HPOS="251" VPOS="2445" WIDTH="91" HEIGHT="75" STYLEREFS="font0"/><SP WIDTH="47" VPOS="2445" HPOS="342"/><String ID="p159_w418" CONTENT="The" HPOS="389" VPOS="2445" WIDTH="77" HEIGHT="75" STYLEREFS="font0"/><SP WIDTH="23" VPOS="2445" HPOS="466"/><String ID="p159_w419" CONTENT="altar" HPOS="489" VPOS="2445" WIDTH="79" HEIGHT="75" STYLEREFS="font0"/><SP WIDTH="16" VPOS="2445" HPOS="568"/><String ID="p159_w420" CONTENT="which" HPOS="584" VPOS="2445" WIDTH="106" HEIGHT="75" STYLEREFS="font0"/><SP WIDTH="18" VPOS="2445" HPOS="690"/><String ID="p159_w421" CONTENT="Jacob" HPOS="708" VPOS="2445" WIDTH="101" HEIGHT="75" STYLEREFS="font0"/><SP WIDTH="25" VPOS="2445" HPOS="809"/><String ID="p159_w422" CONTENT="fet" HPOS="834" VPOS="2445" WIDTH="47" HEIGHT="75" STYLEREFS="font0"/><SP WIDTH="22" VPOS="2445" HPOS="881"/><String ID="p159_w423" CONTENT="up" HPOS="903" VPOS="2445" WIDTH="42" HEIGHT="75" STYLEREFS="font0"/><SP WIDTH="22" VPOS="2445" HPOS="945"/><String ID="p159_w424" CONTENT="at" HPOS="967" VPOS="2445" WIDTH="32" HEIGHT="75" STYLEREFS="font0"/><SP WIDTH="17" VPOS="2445" HPOS="999"/><String ID="p159_w425" CONTENT="Bethel" HPOS="1016" VPOS="2445" WIDTH="117" HEIGHT="75" STYLEREFS="font0"/></TextLine><TextLine WIDTH="983" HEIGHT="75" ID="p159_t52" HPOS="150" VPOS="2491"><String ID="p159_w426" CONTENT="was" HPOS="150" VPOS="2491" WIDTH="66" HEIGHT="75" STYLEREFS="font0"/><SP WIDTH="16" VPOS="2491" HPOS="216"/><String ID="p159_w427" CONTENT="nothing" HPOS="232" VPOS="2491" WIDTH="134" HEIGHT="75" STYLEREFS="font0"/><SP WIDTH="14" VPOS="2491" HPOS="366"/><String ID="p159_w428" CONTENT="but" HPOS="380" VPOS="2491" WIDTH="59" HEIGHT="75" STYLEREFS="font0"/><SP WIDTH="17" VPOS="2491" HPOS="439"/><String ID="p159_w429" CONTENT="a" HPOS="456" VPOS="2491" WIDTH="19" HEIGHT="75" STYLEREFS="font0"/><SP WIDTH="15" VPOS="2491" HPOS="475"/><String ID="p159_w430" CONTENT="ftone," HPOS="490" VPOS="2491" WIDTH="99" HEIGHT="75" STYLEREFS="font0"/><SP WIDTH="14" VPOS="2491" HPOS="589"/><String ID="p159_w431" CONTENT="which" HPOS="603" VPOS="2491" WIDTH="103" HEIGHT="75" STYLEREFS="font0"/><SP WIDTH="17" VPOS="2491" HPOS="706"/><String ID="p159_w432" CONTENT="ferved" HPOS="723" VPOS="2491" WIDTH="111" HEIGHT="75" STYLEREFS="font0"/><SP WIDTH="16" VPOS="2491" HPOS="834"/><String ID="p159_w433" CONTENT="him" HPOS="850" VPOS="2491" WIDTH="67" HEIGHT="75" STYLEREFS="font0"/><SP WIDTH="12" VPOS="2491" HPOS="917"/><String ID="p159_w434" CONTENT="inflead" HPOS="929" VPOS="2491" WIDTH="118" HEIGHT="75" STYLEREFS="font0"/><SP WIDTH="17" VPOS="2491" HPOS="1047"/><String ID="p159_w435" CONTENT="of" HPOS="1064" VPOS="2491" WIDTH="39" HEIGHT="75" STYLEREFS="font0"/><SP WIDTH="12" VPOS="2491" HPOS="1103"/><String ID="p159_w436" CONTENT="a" HPOS="1115" VPOS="2491" WIDTH="18" HEIGHT="75" STYLEREFS="font0"/></TextLine><TextLine WIDTH="982" HEIGHT="75" ID="p159_t53" HPOS="148" VPOS="2537"><String ID="p159_w437" CONTENT="bolder" HPOS="148" VPOS="2537" WIDTH="117" HEIGHT="75" STYLEREFS="font0"/><SP WIDTH="10" VPOS="2537" HPOS="265"/><String ID="p159_w438" CONTENT="•" HPOS="275" VPOS="2537" WIDTH="9" HEIGHT="75" STYLEREFS="font0"/><SP WIDTH="28" VPOS="2537" HPOS="284"/><String ID="p159_w439" CONTENT="that" HPOS="312" VPOS="2537" WIDTH="70" HEIGHT="75" STYLEREFS="font0"/><SP WIDTH="20" VPOS="2537" HPOS="382"/><String ID="p159_w440" CONTENT="of" HPOS="402" VPOS="2537" WIDTH="41" HEIGHT="75" STYLEREFS="font0"/><SP WIDTH="17" VPOS="2537" HPOS="443"/><String ID="p159_w441" CONTENT="Gideon," HPOS="460" VPOS="2537" WIDTH="144" HEIGHT="75" STYLEREFS="font0"/><SP WIDTH="34" VPOS="2537" HPOS="604"/><String ID="p159_w442" CONTENT="a" HPOS="638" VPOS="2537" WIDTH="19" HEIGHT="75" STYLEREFS="font0"/><SP WIDTH="26" VPOS="2537" HPOS="657"/><String ID="p159_w443" CONTENT="done" HPOS="683" VPOS="2537" WIDTH="86" HEIGHT="75" STYLEREFS="font0"/><SP WIDTH="27" VPOS="2537" HPOS="769"/><String ID="p159_w444" CONTENT="before" HPOS="796" VPOS="2537" WIDTH="112" HEIGHT="75" STYLEREFS="font0"/><SP WIDTH="27" VPOS="2537" HPOS="908"/><String ID="p159_w445" CONTENT="his" HPOS="935" VPOS="2537" WIDTH="49" HEIGHT="75" STYLEREFS="font0"/><SP WIDTH="24" VPOS="2537" HPOS="984"/><String ID="p159_w446" CONTENT="houfe;" HPOS="1008" VPOS="2537" WIDTH="122" HEIGHT="75" STYLEREFS="font0"/></TextLine><TextLine WIDTH="983" HEIGHT="75" ID="p159_t54" HPOS="150" VPOS="2585"><String ID="p159_w447" CONTENT="and" HPOS="150" VPOS="2585" WIDTH="63" HEIGHT="75" STYLEREFS="font0"/><SP WIDTH="22" VPOS="2585" HPOS="213"/><String ID="p159_w448" CONTENT="the" HPOS="235" VPOS="2585" WIDTH="55" HEIGHT="75" STYLEREFS="font0"/><SP WIDTH="24" VPOS="2585" HPOS="290"/><String ID="p159_w449" CONTENT="fird" HPOS="314" VPOS="2585" WIDTH="64" HEIGHT="75" STYLEREFS="font0"/><SP WIDTH="24" VPOS="2585" HPOS="378"/><String ID="p159_w450" CONTENT="which" HPOS="402" VPOS="2585" WIDTH="105" HEIGHT="75" STYLEREFS="font0"/><SP WIDTH="16" VPOS="2585" HPOS="507"/><String ID="p159_w451" CONTENT="God" HPOS="523" VPOS="2585" WIDTH="82" HEIGHT="75" STYLEREFS="font0"/><SP WIDTH="27" VPOS="2585" HPOS="605"/><String ID="p159_w452" CONTENT="commanded" HPOS="632" VPOS="2585" WIDTH="209" HEIGHT="75" STYLEREFS="font0"/><SP WIDTH="15" VPOS="2585" HPOS="841"/><String ID="p159_w453" CONTENT="Mofes" HPOS="856" VPOS="2585" WIDTH="111" HEIGHT="75" STYLEREFS="font0"/><SP WIDTH="24" VPOS="2585" HPOS="967"/><String ID="p159_w454" CONTENT="to" HPOS="991" VPOS="2585" WIDTH="35" HEIGHT="75" STYLEREFS="font0"/><SP WIDTH="23" VPOS="2585" HPOS="1026"/><String ID="p159_w455" CONTENT="ereft" HPOS="1049" VPOS="2585" WIDTH="84" HEIGHT="75" STYLEREFS="font0"/></TextLine><TextLine WIDTH="982" HEIGHT="75" ID="p159_t55" HPOS="149" VPOS="2631"><String ID="p159_w456" CONTENT="yas" HPOS="149" VPOS="2631" WIDTH="64" HEIGHT="75" STYLEREFS="font0"/><SP WIDTH="19" VPOS="2631" HPOS="213"/><String ID="p159_w457" CONTENT="probably" HPOS="232" VPOS="2631" WIDTH="152" HEIGHT="75" STYLEREFS="font0"/><SP WIDTH="16" VPOS="2631" HPOS="384"/><String ID="p159_w458" CONTENT="of" HPOS="400" VPOS="2631" WIDTH="40" HEIGHT="75" STYLEREFS="font0"/><SP WIDTH="12" VPOS="2631" HPOS="440"/><String ID="p159_w459" CONTENT="earth," HPOS="452" VPOS="2631" WIDTH="103" HEIGHT="75" STYLEREFS="font0"/><SP WIDTH="28" VPOS="2631" HPOS="555"/><String ID="p159_w460" CONTENT="or" HPOS="583" VPOS="2631" WIDTH="38" HEIGHT="75" STYLEREFS="font0"/><SP WIDTH="23" VPOS="2631" HPOS="621"/><String ID="p159_w461" CONTENT="unpolilhed" HPOS="644" VPOS="2631" WIDTH="185" HEIGHT="75" STYLEREFS="font0"/><SP WIDTH="22" VPOS="2631" HPOS="829"/><String ID="p159_w462" CONTENT="dones," HPOS="851" VPOS="2631" WIDTH="114" HEIGHT="75" STYLEREFS="font0"/><SP WIDTH="28" VPOS="2631" HPOS="965"/><String ID="p159_w463" CONTENT="without" HPOS="993" VPOS="2631" WIDTH="138" HEIGHT="75" STYLEREFS="font0"/></TextLine><TextLine WIDTH="982" HEIGHT="75" ID="p159_t56" HPOS="150" VPOS="2678"><String ID="p159_w464" CONTENT="any" HPOS="150" VPOS="2678" WIDTH="61" HEIGHT="75" STYLEREFS="font0"/><SP WIDTH="16" VPOS="2678" HPOS="211"/><String ID="p159_w465" CONTENT="iron" HPOS="227" VPOS="2678" WIDTH="70" HEIGHT="75" STYLEREFS="font0"/><SP WIDTH="14" VPOS="2678" HPOS="297"/><String ID="p159_w466" CONTENT=";" HPOS="311" VPOS="2678" WIDTH="11" HEIGHT="75" STYLEREFS="font0"/><SP WIDTH="25" VPOS="2678" HPOS="322"/><String ID="p159_w467" CONTENT="for" HPOS="347" VPOS="2678" WIDTH="53" HEIGHT="75" STYLEREFS="font0"/><SP WIDTH="15" VPOS="2678" HPOS="400"/><String ID="p159_w468" CONTENT="if" HPOS="415" VPOS="2678" WIDTH="32" HEIGHT="75" STYLEREFS="font0"/><SP WIDTH="15" VPOS="2678" HPOS="447"/><String ID="p159_w469" CONTENT="any" HPOS="462" VPOS="2678" WIDTH="61" HEIGHT="75" STYLEREFS="font0"/><SP WIDTH="17" VPOS="2678" HPOS="523"/><String ID="p159_w470" CONTENT="ufe" HPOS="540" VPOS="2678" WIDTH="52" HEIGHT="75" STYLEREFS="font0"/><SP WIDTH="17" VPOS="2678" HPOS="592"/><String ID="p159_w471" CONTENT="was" HPOS="609" VPOS="2678" WIDTH="64" HEIGHT="75" STYLEREFS="font0"/><SP WIDTH="17" VPOS="2678" HPOS="673"/><String ID="p159_w472" CONTENT="made" HPOS="690" VPOS="2678" WIDTH="93" HEIGHT="75" STYLEREFS="font0"/><SP WIDTH="17" VPOS="2678" HPOS="783"/><String ID="p159_w473" CONTENT="of" HPOS="800" VPOS="2678" WIDTH="40" HEIGHT="75" STYLEREFS="font0"/><SP WIDTH="22" VPOS="2678" HPOS="840"/><String ID="p159_w474" CONTENT="that" HPOS="862" VPOS="2678" WIDTH="70" HEIGHT="75" STYLEREFS="font0"/><SP WIDTH="17" VPOS="2678" HPOS="932"/><String ID="p159_w475" CONTENT="metal," HPOS="949" VPOS="2678" WIDTH="110" HEIGHT="75" STYLEREFS="font0"/><SP WIDTH="17" VPOS="2678" HPOS="1059"/><String ID="p159_w476" CONTENT="the" HPOS="1076" VPOS="2678" WIDTH="56" HEIGHT="75" STYLEREFS="font0"/></TextLine><TextLine WIDTH="478" HEIGHT="75" ID="p159_t57" HPOS="149" VPOS="2724"><String ID="p159_w477" CONTENT="altar" HPOS="149" VPOS="2724" WIDTH="80" HEIGHT="75" STYLEREFS="font0"/><SP WIDTH="16" VPOS="2724" HPOS="229"/><String ID="p159_w478" CONTENT="was" HPOS="245" VPOS="2724" WIDTH="65" HEIGHT="75" STYLEREFS="font0"/><SP WIDTH="18" VPOS="2724" HPOS="310"/><String ID="p159_w479" CONTENT="declared" HPOS="328" VPOS="2724" WIDTH="150" HEIGHT="75" STYLEREFS="font0"/><SP WIDTH="14" VPOS="2724" HPOS="478"/><String ID="p159_w480" CONTENT="impure." HPOS="492" VPOS="2724" WIDTH="135" HEIGHT="75" STYLEREFS="font0"/></TextLine><TextLine WIDTH="935" HEIGHT="75" ID="p159_t58" HPOS="195" VPOS="2771"><String ID="p159_w481" CONTENT="The" HPOS="195" VPOS="2771" WIDTH="77" HEIGHT="75" STYLEREFS="font0"/><SP WIDTH="15" VPOS="2771" HPOS="272"/><String ID="p159_w482" CONTENT="principal" HPOS="287" VPOS="2771" WIDTH="152" HEIGHT="75" STYLEREFS="font0"/><SP WIDTH="16" VPOS="2771" HPOS="439"/><String ID="p159_w483" CONTENT="altars" HPOS="455" VPOS="2771" WIDTH="97" HEIGHT="75" STYLEREFS="font0"/><SP WIDTH="16" VPOS="2771" HPOS="552"/><String ID="p159_w484" CONTENT="of" HPOS="568" VPOS="2771" WIDTH="40" HEIGHT="75" STYLEREFS="font0"/><SP WIDTH="14" VPOS="2771" HPOS="608"/><String ID="p159_w485" CONTENT="the" HPOS="622" VPOS="2771" WIDTH="58" HEIGHT="75" STYLEREFS="font0"/><SP WIDTH="23" VPOS="2771" HPOS="680"/><String ID="p159_w486" CONTENT="Jews" HPOS="703" VPOS="2771" WIDTH="87" HEIGHT="75" STYLEREFS="font0"/><SP WIDTH="17" VPOS="2771" HPOS="790"/><String ID="p159_w487" CONTENT="were" HPOS="807" VPOS="2771" WIDTH="84" HEIGHT="75" STYLEREFS="font0"/><SP WIDTH="24" VPOS="2771" HPOS="891"/><String ID="p159_w488" CONTENT="thofe" HPOS="915" VPOS="2771" WIDTH="89" HEIGHT="75" STYLEREFS="font0"/><SP WIDTH="17" VPOS="2771" HPOS="1004"/><String ID="p159_w489" CONTENT="of" HPOS="1021" VPOS="2771" WIDTH="41" HEIGHT="75" STYLEREFS="font0"/><SP WIDTH="17" VPOS="2771" HPOS="1062"/><String ID="p159_w490" CONTENT="in-" HPOS="1079" VPOS="2771" WIDTH="51" HEIGHT="75" STYLEREFS="font0"/></TextLine><TextLine WIDTH="981" HEIGHT="75" ID="p159_t59" HPOS="149" VPOS="2817"><String ID="p159_w491" CONTENT="cenfe," HPOS="149" VPOS="2817" WIDTH="99" HEIGHT="75" STYLEREFS="font0"/><SP WIDTH="24" VPOS="2817" HPOS="248"/><String ID="p159_w492" CONTENT="of" HPOS="272" VPOS="2817" WIDTH="43" HEIGHT="75" STYLEREFS="font0"/><SP WIDTH="14" VPOS="2817" HPOS="315"/><String ID="p159_w493" CONTENT="burnt-offering," HPOS="329" VPOS="2817" WIDTH="262" HEIGHT="75" STYLEREFS="font0"/><SP WIDTH="26" VPOS="2817" HPOS="591"/><String ID="p159_w494" CONTENT="and" HPOS="617" VPOS="2817" WIDTH="63" HEIGHT="75" STYLEREFS="font0"/><SP WIDTH="12" VPOS="2817" HPOS="680"/><String ID="p159_w495" CONTENT="the" HPOS="692" VPOS="2817" WIDTH="56" HEIGHT="75" STYLEREFS="font0"/><SP WIDTH="24" VPOS="2817" HPOS="748"/><String ID="p159_w496" CONTENT="altar," HPOS="772" VPOS="2817" WIDTH="104" HEIGHT="75" STYLEREFS="font0"/><SP WIDTH="26" VPOS="2817" HPOS="876"/><String ID="p159_w497" CONTENT="or" HPOS="902" VPOS="2817" WIDTH="37" HEIGHT="75" STYLEREFS="font0"/><SP WIDTH="16" VPOS="2817" HPOS="939"/><String ID="p159_w498" CONTENT="table," HPOS="955" VPOS="2817" WIDTH="97" HEIGHT="75" STYLEREFS="font0"/><SP WIDTH="13" VPOS="2817" HPOS="1052"/><String ID="p159_w499" CONTENT="for" HPOS="1065" VPOS="2817" WIDTH="65" HEIGHT="75" STYLEREFS="font0"/></TextLine><TextLine WIDTH="281" HEIGHT="75" ID="p159_t60" HPOS="150" VPOS="2845"><String ID="p159_w500" CONTENT="the" HPOS="150" VPOS="2863" WIDTH="52" HEIGHT="75" STYLEREFS="font0"/><SP WIDTH="4" VPOS="2863" HPOS="202"/><String ID="p159_w501" CONTENT="Jhe" HPOS="206" VPOS="2863" WIDTH="63" HEIGHT="75" STYLEREFS="font0"/><String ID="p159_w502" CONTENT="t" HPOS="269" VPOS="2845" WIDTH="10" HEIGHT="49" STYLEREFS="font1"/><String ID="p159_w503" CONTENT="w-bread." HPOS="279" VPOS="2863" WIDTH="152" HEIGHT="75" STYLEREFS="font0"/></TextLine><TextLine WIDTH="934" HEIGHT="75" ID="p159_t61" HPOS="194" VPOS="2909"><String ID="p159_w504" CONTENT="The" HPOS="194" VPOS="2909" WIDTH="76" HEIGHT="75" STYLEREFS="font0"/><SP WIDTH="23" VPOS="2909" HPOS="270"/><String ID="p159_w505" CONTENT="altar" HPOS="293" VPOS="2909" WIDTH="82" HEIGHT="75" STYLEREFS="font0"/><SP WIDTH="14" VPOS="2909" HPOS="375"/><String ID="p159_w506" CONTENT="of" HPOS="389" VPOS="2909" WIDTH="40" HEIGHT="75" STYLEREFS="font0"/><SP WIDTH="21" VPOS="2909" HPOS="429"/><String ID="p159_w507" CONTENT="incenfe" HPOS="450" VPOS="2909" WIDTH="125" HEIGHT="75" STYLEREFS="font0"/><SP WIDTH="15" VPOS="2909" HPOS="575"/><String ID="p159_w508" CONTENT="was" HPOS="590" VPOS="2909" WIDTH="65" HEIGHT="75" STYLEREFS="font0"/><SP WIDTH="18" VPOS="2909" HPOS="655"/><String ID="p159_w509" CONTENT="a" HPOS="673" VPOS="2909" WIDTH="18" HEIGHT="75" STYLEREFS="font0"/><SP WIDTH="24" VPOS="2909" HPOS="691"/><String ID="p159_w510" CONTENT="fmall" HPOS="715" VPOS="2909" WIDTH="89" HEIGHT="75" STYLEREFS="font0"/><SP WIDTH="22" VPOS="2909" HPOS="804"/><String ID="p159_w511" CONTENT="table" HPOS="826" VPOS="2909" WIDTH="87" HEIGHT="75" STYLEREFS="font0"/><SP WIDTH="19" VPOS="2909" HPOS="913"/><String ID="p159_w512" CONTENT="of" HPOS="932" VPOS="2909" WIDTH="40" HEIGHT="75" STYLEREFS="font0"/><SP WIDTH="22" VPOS="2909" HPOS="972"/><String ID="p159_w513" CONTENT="fhittim-" HPOS="994" VPOS="2909" WIDTH="134" HEIGHT="75" STYLEREFS="font0"/></TextLine><TextLine WIDTH="982" HEIGHT="75" ID="p159_t62" HPOS="147" VPOS="2955"><String ID="p159_w514" CONTENT="wood," HPOS="147" VPOS="2955" WIDTH="107" HEIGHT="75" STYLEREFS="font0"/><SP WIDTH="17" VPOS="2955" HPOS="254"/><String ID="p159_w515" CONTENT="covered" HPOS="271" VPOS="2955" WIDTH="137" HEIGHT="75" STYLEREFS="font0"/><SP WIDTH="14" VPOS="2955" HPOS="408"/><String ID="p159_w516" CONTENT="with" HPOS="422" VPOS="2955" WIDTH="80" HEIGHT="75" STYLEREFS="font0"/><SP WIDTH="25" VPOS="2955" HPOS="502"/><String ID="p159_w517" CONTENT="plates" HPOS="527" VPOS="2955" WIDTH="101" HEIGHT="75" STYLEREFS="font0"/><SP WIDTH="28" VPOS="2955" HPOS="628"/><String ID="p159_w518" CONTENT="of" HPOS="656" VPOS="2955" WIDTH="40" HEIGHT="75" STYLEREFS="font0"/><SP WIDTH="17" VPOS="2955" HPOS="696"/><String ID="p159_w519" CONTENT="gold," HPOS="713" VPOS="2955" WIDTH="90" HEIGHT="75" STYLEREFS="font0"/><SP WIDTH="28" VPOS="2955" HPOS="803"/><String ID="p159_w520" CONTENT="of" HPOS="831" VPOS="2955" WIDTH="40" HEIGHT="75" STYLEREFS="font0"/><SP WIDTH="19" VPOS="2955" HPOS="871"/><String ID="p159_w521" CONTENT="one" HPOS="890" VPOS="2955" WIDTH="60" HEIGHT="75" STYLEREFS="font0"/><SP WIDTH="27" VPOS="2955" HPOS="950"/><String ID="p159_w522" CONTENT="cubit" HPOS="977" VPOS="2955" WIDTH="88" HEIGHT="75" STYLEREFS="font0"/><SP WIDTH="30" VPOS="2955" HPOS="1065"/><String ID="p159_w523" CONTENT="in" HPOS="1095" VPOS="2955" WIDTH="34" HEIGHT="75" STYLEREFS="font0"/></TextLine><TextLine WIDTH="824" HEIGHT="75" ID="p159_t63" HPOS="147" VPOS="3002"><String ID="p159_w524" CONTENT="length," HPOS="147" VPOS="3002" WIDTH="122" HEIGHT="75" STYLEREFS="font0"/><SP WIDTH="25" VPOS="3002" HPOS="269"/><String ID="p159_w525" CONTENT="another" HPOS="294" VPOS="3002" WIDTH="135" HEIGHT="75" STYLEREFS="font0"/><SP WIDTH="25" VPOS="3002" HPOS="429"/><String ID="p159_w526" CONTENT="in" HPOS="454" VPOS="3002" WIDTH="34" HEIGHT="75" STYLEREFS="font0"/><SP WIDTH="16" VPOS="3002" HPOS="488"/><String ID="p159_w527" CONTENT="width," HPOS="504" VPOS="3002" WIDTH="116" HEIGHT="75" STYLEREFS="font0"/><SP WIDTH="18" VPOS="3002" HPOS="620"/><String ID="p159_w528" CONTENT="and" HPOS="638" VPOS="3002" WIDTH="64" HEIGHT="75" STYLEREFS="font0"/><SP WIDTH="15" VPOS="3002" HPOS="702"/><String ID="p159_w529" CONTENT="two" HPOS="717" VPOS="3002" WIDTH="66" HEIGHT="75" STYLEREFS="font0"/><SP WIDTH="15" VPOS="3002" HPOS="783"/><String ID="p159_w530" CONTENT="in" HPOS="798" VPOS="3002" WIDTH="33" HEIGHT="75" STYLEREFS="font0"/><SP WIDTH="15" VPOS="3002" HPOS="831"/><String ID="p159_w531" CONTENT="height." HPOS="846" VPOS="3002" WIDTH="125" HEIGHT="75" STYLEREFS="font0"/></TextLine><TextLine WIDTH="18" HEIGHT="75" ID="p159_t64" HPOS="1272" VPOS="132"><String ID="p159_w532" CONTENT=")" HPOS="1272" VPOS="132" WIDTH="18" HEIGHT="75" STYLEREFS="font0"/></TextLine><TextLine WIDTH="229" HEIGHT="75" ID="p159_t65" HPOS="1637" VPOS="132"><String ID="p159_w533" CONTENT="ALT" HPOS="1637" VPOS="132" WIDTH="229" HEIGHT="75" STYLEREFS="font0"/></TextLine><TextLine WIDTH="944" HEIGHT="75" ID="p159_t66" HPOS="1277" VPOS="201"><String ID="p159_w534" CONTENT="At" HPOS="1277" VPOS="201" WIDTH="48" HEIGHT="75" STYLEREFS="font0"/><SP WIDTH="16" VPOS="201" HPOS="1325"/><String ID="p159_w535" CONTENT="the" HPOS="1341" VPOS="201" WIDTH="55" HEIGHT="75" STYLEREFS="font0"/><SP WIDTH="17" VPOS="201" HPOS="1396"/><String ID="p159_w536" CONTENT="four" HPOS="1413" VPOS="201" WIDTH="74" HEIGHT="75" STYLEREFS="font0"/><SP WIDTH="16" VPOS="201" HPOS="1487"/><String ID="p159_w537" CONTENT="corners," HPOS="1503" VPOS="201" WIDTH="143" HEIGHT="75" STYLEREFS="font0"/><SP WIDTH="17" VPOS="201" HPOS="1646"/><String ID="p159_w538" CONTENT="were" HPOS="1663" VPOS="201" WIDTH="85" HEIGHT="75" STYLEREFS="font0"/><SP WIDTH="16" VPOS="201" HPOS="1748"/><String ID="p159_w539" CONTENT="four" HPOS="1764" VPOS="201" WIDTH="74" HEIGHT="75" STYLEREFS="font0"/><SP WIDTH="15" VPOS="201" HPOS="1838"/><String ID="p159_w540" CONTENT="kinds" HPOS="1853" VPOS="201" WIDTH="94" HEIGHT="75" STYLEREFS="font0"/><SP WIDTH="17" VPOS="201" HPOS="1947"/><String ID="p159_w541" CONTENT="of" HPOS="1964" VPOS="201" WIDTH="41" HEIGHT="75" STYLEREFS="font0"/><SP WIDTH="21" VPOS="201" HPOS="2005"/><String ID="p159_w542" CONTENT="horns," HPOS="2026" VPOS="201" WIDTH="111" HEIGHT="75" STYLEREFS="font0"/><SP WIDTH="19" VPOS="201" HPOS="2137"/><String ID="p159_w543" CONTENT="and" HPOS="2156" VPOS="201" WIDTH="65" HEIGHT="75" STYLEREFS="font0"/></TextLine><TextLine WIDTH="988" HEIGHT="75" ID="p159_t67" HPOS="1232" VPOS="247"><String ID="p159_w544" CONTENT="all" HPOS="1232" VPOS="247" WIDTH="42" HEIGHT="75" STYLEREFS="font0"/><SP WIDTH="17" VPOS="247" HPOS="1274"/><String ID="p159_w545" CONTENT="round" HPOS="1291" VPOS="247" WIDTH="103" HEIGHT="75" STYLEREFS="font0"/><SP WIDTH="15" VPOS="247" HPOS="1394"/><String ID="p159_w546" CONTENT="a" HPOS="1409" VPOS="247" WIDTH="20" HEIGHT="75" STYLEREFS="font0"/><SP WIDTH="14" VPOS="247" HPOS="1429"/><String ID="p159_w547" CONTENT="little" HPOS="1443" VPOS="247" WIDTH="85" HEIGHT="75" STYLEREFS="font0"/><SP WIDTH="18" VPOS="247" HPOS="1528"/><String ID="p159_w548" CONTENT="border" HPOS="1546" VPOS="247" WIDTH="118" HEIGHT="75" STYLEREFS="font0"/><SP WIDTH="21" VPOS="247" HPOS="1664"/><String ID="p159_w549" CONTENT="or" HPOS="1685" VPOS="247" WIDTH="38" HEIGHT="75" STYLEREFS="font0"/><SP WIDTH="23" VPOS="247" HPOS="1723"/><String ID="p159_w550" CONTENT="crown" HPOS="1746" VPOS="247" WIDTH="108" HEIGHT="75" STYLEREFS="font0"/><SP WIDTH="16" VPOS="247" HPOS="1854"/><String ID="p159_w551" CONTENT="over" HPOS="1870" VPOS="247" WIDTH="76" HEIGHT="75" STYLEREFS="font0"/><SP WIDTH="18" VPOS="247" HPOS="1946"/><String ID="p159_w552" CONTENT="it." HPOS="1964" VPOS="247" WIDTH="38" HEIGHT="75" STYLEREFS="font0"/><SP WIDTH="48" VPOS="247" HPOS="2002"/><String ID="p159_w553" CONTENT="This" HPOS="2050" VPOS="247" WIDTH="86" HEIGHT="75" STYLEREFS="font0"/><SP WIDTH="16" VPOS="247" HPOS="2136"/><String ID="p159_w554" CONTENT="was" HPOS="2152" VPOS="247" WIDTH="68" HEIGHT="75" STYLEREFS="font0"/></TextLine><TextLine WIDTH="989" HEIGHT="75" ID="p159_t68" HPOS="1232" VPOS="294"><String ID="p159_w555" CONTENT="the" HPOS="1232" VPOS="294" WIDTH="54" HEIGHT="75" STYLEREFS="font0"/><SP WIDTH="17" VPOS="294" HPOS="1286"/><String ID="p159_w556" CONTENT="altar" HPOS="1303" VPOS="294" WIDTH="81" HEIGHT="75" STYLEREFS="font0"/><SP WIDTH="15" VPOS="294" HPOS="1384"/><String ID="p159_w557" CONTENT="hidden" HPOS="1399" VPOS="294" WIDTH="119" HEIGHT="75" STYLEREFS="font0"/><SP WIDTH="16" VPOS="294" HPOS="1518"/><String ID="p159_w558" CONTENT="by" HPOS="1534" VPOS="294" WIDTH="45" HEIGHT="75" STYLEREFS="font0"/><SP WIDTH="12" VPOS="294" HPOS="1579"/><String ID="p159_w559" CONTENT="Jeremiah" HPOS="1591" VPOS="294" WIDTH="160" HEIGHT="75" STYLEREFS="font0"/><SP WIDTH="18" VPOS="294" HPOS="1751"/><String ID="p159_w560" CONTENT="before" HPOS="1769" VPOS="294" WIDTH="110" HEIGHT="75" STYLEREFS="font0"/><SP WIDTH="16" VPOS="294" HPOS="1879"/><String ID="p159_w561" CONTENT="the" HPOS="1895" VPOS="294" WIDTH="56" HEIGHT="75" STYLEREFS="font0"/><SP WIDTH="15" VPOS="294" HPOS="1951"/><String ID="p159_w562" CONTENT="captivity;" HPOS="1966" VPOS="294" WIDTH="175" HEIGHT="75" STYLEREFS="font0"/><SP WIDTH="16" VPOS="294" HPOS="2141"/><String ID="p159_w563" CONTENT="and" HPOS="2157" VPOS="294" WIDTH="64" HEIGHT="75" STYLEREFS="font0"/></TextLine><TextLine WIDTH="991" HEIGHT="75" ID="p159_t69" HPOS="1231" VPOS="342"><String ID="p159_w564" CONTENT="upon" HPOS="1231" VPOS="342" WIDTH="85" HEIGHT="75" STYLEREFS="font0"/><SP WIDTH="27" VPOS="342" HPOS="1316"/><String ID="p159_w565" CONTENT="it" HPOS="1343" VPOS="342" WIDTH="26" HEIGHT="75" STYLEREFS="font0"/><SP WIDTH="24" VPOS="342" HPOS="1369"/><String ID="p159_w566" CONTENT="the" HPOS="1393" VPOS="342" WIDTH="56" HEIGHT="75" STYLEREFS="font0"/><SP WIDTH="23" VPOS="342" HPOS="1449"/><String ID="p159_w567" CONTENT="officiating" HPOS="1472" VPOS="342" WIDTH="175" HEIGHT="75" STYLEREFS="font0"/><SP WIDTH="25" VPOS="342" HPOS="1647"/><String ID="p159_w568" CONTENT="pried" HPOS="1672" VPOS="342" WIDTH="94" HEIGHT="75" STYLEREFS="font0"/><SP WIDTH="27" VPOS="342" HPOS="1766"/><String ID="p159_w569" CONTENT="offered," HPOS="1793" VPOS="342" WIDTH="137" HEIGHT="75" STYLEREFS="font0"/><SP WIDTH="29" VPOS="342" HPOS="1930"/><String ID="p159_w570" CONTENT="every" HPOS="1959" VPOS="342" WIDTH="97" HEIGHT="75" STYLEREFS="font0"/><SP WIDTH="16" VPOS="342" HPOS="2056"/><String ID="p159_w571" CONTENT="morning" HPOS="2072" VPOS="342" WIDTH="150" HEIGHT="75" STYLEREFS="font0"/></TextLine><TextLine WIDTH="989" HEIGHT="75" ID="p159_t70" HPOS="1232" VPOS="388"><String ID="p159_w572" CONTENT="and" HPOS="1232" VPOS="388" WIDTH="62" HEIGHT="75" STYLEREFS="font0"/><SP WIDTH="15" VPOS="388" HPOS="1294"/><String ID="p159_w573" CONTENT="evening," HPOS="1309" VPOS="388" WIDTH="146" HEIGHT="75" STYLEREFS="font0"/><SP WIDTH="17" VPOS="388" HPOS="1455"/><String ID="p159_w574" CONTENT="incenfe" HPOS="1472" VPOS="388" WIDTH="125" HEIGHT="75" STYLEREFS="font0"/><SP WIDTH="16" VPOS="388" HPOS="1597"/><String ID="p159_w575" CONTENT="of" HPOS="1613" VPOS="388" WIDTH="42" HEIGHT="75" STYLEREFS="font0"/><SP WIDTH="10" VPOS="388" HPOS="1655"/><String ID="p159_w576" CONTENT="a" HPOS="1665" VPOS="388" WIDTH="20" HEIGHT="75" STYLEREFS="font0"/><SP WIDTH="18" VPOS="388" HPOS="1685"/><String ID="p159_w577" CONTENT="particular" HPOS="1703" VPOS="388" WIDTH="175" HEIGHT="75" STYLEREFS="font0"/><SP WIDTH="16" VPOS="388" HPOS="1878"/><String ID="p159_w578" CONTENT="compofition." HPOS="1894" VPOS="388" WIDTH="219" HEIGHT="75" STYLEREFS="font0"/><SP WIDTH="44" VPOS="388" HPOS="2113"/><String ID="p159_w579" CONTENT="See" HPOS="2157" VPOS="388" WIDTH="64" HEIGHT="75" STYLEREFS="font0"/></TextLine><TextLine WIDTH="299" HEIGHT="75" ID="p159_t71" HPOS="1233" VPOS="434"><String ID="p159_w580" CONTENT="plate" HPOS="1233" VPOS="434" WIDTH="86" HEIGHT="75" STYLEREFS="font0"/><SP WIDTH="16" VPOS="434" HPOS="1319"/><String ID="p159_w581" CONTENT="XL" HPOS="1335" VPOS="434" WIDTH="64" HEIGHT="75" STYLEREFS="font0"/><SP WIDTH="26" VPOS="434" HPOS="1399"/><String ID="p159_w582" CONTENT="fig." HPOS="1425" VPOS="434" WIDTH="55" HEIGHT="75" STYLEREFS="font0"/><SP WIDTH="20" VPOS="434" HPOS="1480"/><String ID="p159_w583" CONTENT="2." HPOS="1500" VPOS="434" WIDTH="32" HEIGHT="75" STYLEREFS="font0"/></TextLine><TextLine WIDTH="943" HEIGHT="75" ID="p159_t72" HPOS="1277" VPOS="482"><String ID="p159_w584" CONTENT="The" HPOS="1277" VPOS="482" WIDTH="76" HEIGHT="75" STYLEREFS="font0"/><SP WIDTH="16" VPOS="482" HPOS="1353"/><String ID="p159_w585" CONTENT="altar" HPOS="1369" VPOS="482" WIDTH="82" HEIGHT="75" STYLEREFS="font0"/><SP WIDTH="15" VPOS="482" HPOS="1451"/><String ID="p159_w586" CONTENT="of" HPOS="1466" VPOS="482" WIDTH="41" HEIGHT="75" STYLEREFS="font0"/><SP WIDTH="17" VPOS="482" HPOS="1507"/><String ID="p159_w587" CONTENT="burnt-offerings" HPOS="1524" VPOS="482" WIDTH="268" HEIGHT="75" STYLEREFS="font0"/><SP WIDTH="17" VPOS="482" HPOS="1792"/><String ID="p159_w588" CONTENT="was" HPOS="1809" VPOS="482" WIDTH="65" HEIGHT="75" STYLEREFS="font0"/><SP WIDTH="23" VPOS="482" HPOS="1874"/><String ID="p159_w589" CONTENT="made" HPOS="1897" VPOS="482" WIDTH="94" HEIGHT="75" STYLEREFS="font0"/><SP WIDTH="16" VPOS="482" HPOS="1991"/><String ID="p159_w590" CONTENT="of" HPOS="2007" VPOS="482" WIDTH="41" HEIGHT="75" STYLEREFS="font0"/><SP WIDTH="20" VPOS="482" HPOS="2048"/><String ID="p159_w591" CONTENT="Shittim-" HPOS="2068" VPOS="482" WIDTH="152" HEIGHT="75" STYLEREFS="font0"/></TextLine><TextLine WIDTH="985" HEIGHT="75" ID="p159_t73" HPOS="1234" VPOS="529"><String ID="p159_w592" CONTENT="wood," HPOS="1234" VPOS="529" WIDTH="105" HEIGHT="75" STYLEREFS="font0"/><SP WIDTH="17" VPOS="529" HPOS="1339"/><String ID="p159_w593" CONTENT="and" HPOS="1356" VPOS="529" WIDTH="63" HEIGHT="75" STYLEREFS="font0"/><SP WIDTH="15" VPOS="529" HPOS="1419"/><String ID="p159_w594" CONTENT="carried" HPOS="1434" VPOS="529" WIDTH="124" HEIGHT="75" STYLEREFS="font0"/><SP WIDTH="15" VPOS="529" HPOS="1558"/><String ID="p159_w595" CONTENT="upon" HPOS="1573" VPOS="529" WIDTH="84" HEIGHT="75" STYLEREFS="font0"/><SP WIDTH="17" VPOS="529" HPOS="1657"/><String ID="p159_w596" CONTENT="tire" HPOS="1674" VPOS="529" WIDTH="55" HEIGHT="75" STYLEREFS="font0"/><SP WIDTH="17" VPOS="529" HPOS="1729"/><String ID="p159_w597" CONTENT="fhoulders" HPOS="1746" VPOS="529" WIDTH="161" HEIGHT="75" STYLEREFS="font0"/><SP WIDTH="17" VPOS="529" HPOS="1907"/><String ID="p159_w598" CONTENT="of" HPOS="1924" VPOS="529" WIDTH="41" HEIGHT="75" STYLEREFS="font0"/><SP WIDTH="10" VPOS="529" HPOS="1965"/><String ID="p159_w599" CONTENT="the" HPOS="1975" VPOS="529" WIDTH="56" HEIGHT="75" STYLEREFS="font0"/><SP WIDTH="17" VPOS="529" HPOS="2031"/><String ID="p159_w600" CONTENT="prieds" HPOS="2048" VPOS="529" WIDTH="109" HEIGHT="75" STYLEREFS="font0"/><SP WIDTH="17" VPOS="529" HPOS="2157"/><String ID="p159_w601" CONTENT="by" HPOS="2174" VPOS="529" WIDTH="45" HEIGHT="75" STYLEREFS="font0"/></TextLine><TextLine WIDTH="988" HEIGHT="75" ID="p159_t74" HPOS="1232" VPOS="576"><String ID="p159_w602" CONTENT="daves" HPOS="1232" VPOS="576" WIDTH="98" HEIGHT="75" STYLEREFS="font0"/><SP WIDTH="18" VPOS="576" HPOS="1330"/><String ID="p159_w603" CONTENT="of" HPOS="1348" VPOS="576" WIDTH="40" HEIGHT="75" STYLEREFS="font0"/><SP WIDTH="17" VPOS="576" HPOS="1388"/><String ID="p159_w604" CONTENT="the" HPOS="1405" VPOS="576" WIDTH="56" HEIGHT="75" STYLEREFS="font0"/><SP WIDTH="13" VPOS="576" HPOS="1461"/><String ID="p159_w605" CONTENT="fame" HPOS="1474" VPOS="576" WIDTH="86" HEIGHT="75" STYLEREFS="font0"/><SP WIDTH="17" VPOS="576" HPOS="1560"/><String ID="p159_w606" CONTENT="wood," HPOS="1577" VPOS="576" WIDTH="109" HEIGHT="75" STYLEREFS="font0"/><SP WIDTH="17" VPOS="576" HPOS="1686"/><String ID="p159_w607" CONTENT="overlaid" HPOS="1703" VPOS="576" WIDTH="145" HEIGHT="75" STYLEREFS="font0"/><SP WIDTH="16" VPOS="576" HPOS="1848"/><String ID="p159_w608" CONTENT="with" HPOS="1864" VPOS="576" WIDTH="79" HEIGHT="75" STYLEREFS="font0"/><SP WIDTH="16" VPOS="576" HPOS="1943"/><String ID="p159_w609" CONTENT="brafs." HPOS="1959" VPOS="576" WIDTH="100" HEIGHT="75" STYLEREFS="font0"/><SP WIDTH="49" VPOS="576" HPOS="2059"/><String ID="p159_w610" CONTENT="In" HPOS="2108" VPOS="576" WIDTH="38" HEIGHT="75" STYLEREFS="font0"/><SP WIDTH="17" VPOS="576" HPOS="2146"/><String ID="p159_w611" CONTENT="the" HPOS="2163" VPOS="576" WIDTH="57" HEIGHT="75" STYLEREFS="font0"/></TextLine><TextLine WIDTH="990" HEIGHT="75" ID="p159_t75" HPOS="1231" VPOS="622"><String ID="p159_w612" CONTENT="time" HPOS="1231" VPOS="622" WIDTH="76" HEIGHT="75" STYLEREFS="font0"/><SP WIDTH="17" VPOS="622" HPOS="1307"/><String ID="p159_w613" CONTENT="of" HPOS="1324" VPOS="622" WIDTH="40" HEIGHT="75" STYLEREFS="font0"/><SP WIDTH="22" VPOS="622" HPOS="1364"/><String ID="p159_w614" CONTENT="Mofes," HPOS="1386" VPOS="622" WIDTH="123" HEIGHT="75" STYLEREFS="font0"/><SP WIDTH="29" VPOS="622" HPOS="1509"/><String ID="p159_w615" CONTENT="this" HPOS="1538" VPOS="622" WIDTH="64" HEIGHT="75" STYLEREFS="font0"/><SP WIDTH="19" VPOS="622" HPOS="1602"/><String ID="p159_w616" CONTENT="altar" HPOS="1621" VPOS="622" WIDTH="82" HEIGHT="75" STYLEREFS="font0"/><SP WIDTH="16" VPOS="622" HPOS="1703"/><String ID="p159_w617" CONTENT="was" HPOS="1719" VPOS="622" WIDTH="64" HEIGHT="75" STYLEREFS="font0"/><SP WIDTH="21" VPOS="622" HPOS="1783"/><String ID="p159_w618" CONTENT="five" HPOS="1804" VPOS="622" WIDTH="60" HEIGHT="75" STYLEREFS="font0"/><SP WIDTH="18" VPOS="622" HPOS="1864"/><String ID="p159_w619" CONTENT="cubits" HPOS="1882" VPOS="622" WIDTH="103" HEIGHT="75" STYLEREFS="font0"/><SP WIDTH="17" VPOS="622" HPOS="1985"/><String ID="p159_w620" CONTENT="fquare," HPOS="2002" VPOS="622" WIDTH="127" HEIGHT="75" STYLEREFS="font0"/><SP WIDTH="26" VPOS="622" HPOS="2129"/><String ID="p159_w621" CONTENT="and" HPOS="2155" VPOS="622" WIDTH="66" HEIGHT="75" STYLEREFS="font0"/></TextLine><TextLine WIDTH="988" HEIGHT="75" ID="p159_t76" HPOS="1231" VPOS="669"><String ID="p159_w622" CONTENT="three" HPOS="1231" VPOS="669" WIDTH="89" HEIGHT="75" STYLEREFS="font0"/><SP WIDTH="16" VPOS="669" HPOS="1320"/><String ID="p159_w623" CONTENT="high" HPOS="1336" VPOS="669" WIDTH="78" HEIGHT="75" STYLEREFS="font0"/><SP WIDTH="15" VPOS="669" HPOS="1414"/><String ID="p159_w624" CONTENT=";" HPOS="1429" VPOS="669" WIDTH="10" HEIGHT="75" STYLEREFS="font0"/><SP WIDTH="23" VPOS="669" HPOS="1439"/><String ID="p159_w625" CONTENT="but" HPOS="1462" VPOS="669" WIDTH="57" HEIGHT="75" STYLEREFS="font0"/><SP WIDTH="16" VPOS="669" HPOS="1519"/><String ID="p159_w626" CONTENT="in" HPOS="1535" VPOS="669" WIDTH="31" HEIGHT="75" STYLEREFS="font0"/><SP WIDTH="20" VPOS="669" HPOS="1566"/><String ID="p159_w627" CONTENT="Solomon’s" HPOS="1586" VPOS="669" WIDTH="182" HEIGHT="75" STYLEREFS="font0"/><SP WIDTH="17" VPOS="669" HPOS="1768"/><String ID="p159_w628" CONTENT="temple" HPOS="1785" VPOS="669" WIDTH="117" HEIGHT="75" STYLEREFS="font0"/><SP WIDTH="16" VPOS="669" HPOS="1902"/><String ID="p159_w629" CONTENT="it" HPOS="1918" VPOS="669" WIDTH="26" HEIGHT="75" STYLEREFS="font0"/><SP WIDTH="16" VPOS="669" HPOS="1944"/><String ID="p159_w630" CONTENT="was" HPOS="1960" VPOS="669" WIDTH="66" HEIGHT="75" STYLEREFS="font0"/><SP WIDTH="16" VPOS="669" HPOS="2026"/><String ID="p159_w631" CONTENT="much" HPOS="2042" VPOS="669" WIDTH="96" HEIGHT="75" STYLEREFS="font0"/><SP WIDTH="16" VPOS="669" HPOS="2138"/><String ID="p159_w632" CONTENT="lar-" HPOS="2154" VPOS="669" WIDTH="65" HEIGHT="75" STYLEREFS="font0"/></TextLine><TextLine WIDTH="988" HEIGHT="75" ID="p159_t77" HPOS="1231" VPOS="715"><String ID="p159_w633" CONTENT="ger," HPOS="1231" VPOS="715" WIDTH="68" HEIGHT="75" STYLEREFS="font0"/><SP WIDTH="13" VPOS="715" HPOS="1299"/><String ID="p159_w634" CONTENT="being" HPOS="1312" VPOS="715" WIDTH="96" HEIGHT="75" STYLEREFS="font0"/><SP WIDTH="16" VPOS="715" HPOS="1408"/><String ID="p159_w635" CONTENT="twenty," HPOS="1424" VPOS="715" WIDTH="125" HEIGHT="75" STYLEREFS="font0"/><SP WIDTH="8" VPOS="715" HPOS="1549"/><String ID="p159_w636" CONTENT="cubits" HPOS="1557" VPOS="715" WIDTH="104" HEIGHT="75" STYLEREFS="font0"/><SP WIDTH="16" VPOS="715" HPOS="1661"/><String ID="p159_w637" CONTENT="fquare," HPOS="1677" VPOS="715" WIDTH="125" HEIGHT="75" STYLEREFS="font0"/><SP WIDTH="19" VPOS="715" HPOS="1802"/><String ID="p159_w638" CONTENT="and" HPOS="1821" VPOS="715" WIDTH="63" HEIGHT="75" STYLEREFS="font0"/><SP WIDTH="15" VPOS="715" HPOS="1884"/><String ID="p159_w639" CONTENT="ten" HPOS="1899" VPOS="715" WIDTH="54" HEIGHT="75" STYLEREFS="font0"/><SP WIDTH="17" VPOS="715" HPOS="1953"/><String ID="p159_w640" CONTENT="in" HPOS="1970" VPOS="715" WIDTH="31" HEIGHT="75" STYLEREFS="font0"/><SP WIDTH="17" VPOS="715" HPOS="2001"/><String ID="p159_w641" CONTENT="height." HPOS="2018" VPOS="715" WIDTH="126" HEIGHT="75" STYLEREFS="font0"/><SP WIDTH="41" VPOS="715" HPOS="2144"/><String ID="p159_w642" CONTENT="It" HPOS="2185" VPOS="715" WIDTH="34" HEIGHT="75" STYLEREFS="font0"/></TextLine><TextLine WIDTH="990" HEIGHT="75" ID="p159_t78" HPOS="1231" VPOS="762"><String ID="p159_w643" CONTENT="was" HPOS="1231" VPOS="762" WIDTH="64" HEIGHT="75" STYLEREFS="font0"/><SP WIDTH="19" VPOS="762" HPOS="1295"/><String ID="p159_w644" CONTENT="covered" HPOS="1314" VPOS="762" WIDTH="136" HEIGHT="75" STYLEREFS="font0"/><SP WIDTH="15" VPOS="762" HPOS="1450"/><String ID="p159_w645" CONTENT="with" HPOS="1465" VPOS="762" WIDTH="79" HEIGHT="75" STYLEREFS="font0"/><SP WIDTH="16" VPOS="762" HPOS="1544"/><String ID="p159_w646" CONTENT="brafs;" HPOS="1560" VPOS="762" WIDTH="106" HEIGHT="75" STYLEREFS="font0"/><SP WIDTH="15" VPOS="762" HPOS="1666"/><String ID="p159_w647" CONTENT="and" HPOS="1681" VPOS="762" WIDTH="62" HEIGHT="75" STYLEREFS="font0"/><SP WIDTH="12" VPOS="762" HPOS="1743"/><String ID="p159_w648" CONTENT="at" HPOS="1755" VPOS="762" WIDTH="32" HEIGHT="75" STYLEREFS="font0"/><SP WIDTH="18" VPOS="762" HPOS="1787"/><String ID="p159_w649" CONTENT="each" HPOS="1805" VPOS="762" WIDTH="78" HEIGHT="75" STYLEREFS="font0"/><SP WIDTH="16" VPOS="762" HPOS="1883"/><String ID="p159_w650" CONTENT="corner" HPOS="1899" VPOS="762" WIDTH="113" HEIGHT="75" STYLEREFS="font0"/><SP WIDTH="12" VPOS="762" HPOS="2012"/><String ID="p159_w651" CONTENT="was" HPOS="2024" VPOS="762" WIDTH="65" HEIGHT="75" STYLEREFS="font0"/><SP WIDTH="13" VPOS="762" HPOS="2089"/><String ID="p159_w652" CONTENT="a" HPOS="2102" VPOS="762" WIDTH="18" HEIGHT="75" STYLEREFS="font0"/><SP WIDTH="15" VPOS="762" HPOS="2120"/><String ID="p159_w653" CONTENT="horn" HPOS="2135" VPOS="762" WIDTH="86" HEIGHT="75" STYLEREFS="font0"/></TextLine><TextLine WIDTH="989" HEIGHT="75" ID="p159_t79" HPOS="1231" VPOS="808"><String ID="p159_w654" CONTENT="or" HPOS="1231" VPOS="808" WIDTH="37" HEIGHT="75" STYLEREFS="font0"/><SP WIDTH="13" VPOS="808" HPOS="1268"/><String ID="p159_w655" CONTENT="fpire" HPOS="1281" VPOS="808" WIDTH="80" HEIGHT="75" STYLEREFS="font0"/><SP WIDTH="12" VPOS="808" HPOS="1361"/><String ID="p159_w656" CONTENT="wrought" HPOS="1373" VPOS="808" WIDTH="148" HEIGHT="75" STYLEREFS="font0"/><SP WIDTH="9" VPOS="808" HPOS="1521"/><String ID="p159_w657" CONTENT="out" HPOS="1530" VPOS="808" WIDTH="56" HEIGHT="75" STYLEREFS="font0"/><SP WIDTH="16" VPOS="808" HPOS="1586"/><String ID="p159_w658" CONTENT="of" HPOS="1602" VPOS="808" WIDTH="41" HEIGHT="75" STYLEREFS="font0"/><SP WIDTH="10" VPOS="808" HPOS="1643"/><String ID="p159_w659" CONTENT="the" HPOS="1653" VPOS="808" WIDTH="55" HEIGHT="75" STYLEREFS="font0"/><SP WIDTH="8" VPOS="808" HPOS="1708"/><String ID="p159_w660" CONTENT="fame" HPOS="1716" VPOS="808" WIDTH="84" HEIGHT="75" STYLEREFS="font0"/><SP WIDTH="11" VPOS="808" HPOS="1800"/><String ID="p159_w661" CONTENT="wood" HPOS="1811" VPOS="808" WIDTH="96" HEIGHT="75" STYLEREFS="font0"/><SP WIDTH="9" VPOS="808" HPOS="1907"/><String ID="p159_w662" CONTENT="with" HPOS="1916" VPOS="808" WIDTH="78" HEIGHT="75" STYLEREFS="font0"/><SP WIDTH="9" VPOS="808" HPOS="1994"/><String ID="p159_w663" CONTENT="the" HPOS="2003" VPOS="808" WIDTH="55" HEIGHT="75" STYLEREFS="font0"/><SP WIDTH="13" VPOS="808" HPOS="2058"/><String ID="p159_w664" CONTENT="altar," HPOS="2071" VPOS="808" WIDTH="94" HEIGHT="75" STYLEREFS="font0"/><SP WIDTH="17" VPOS="808" HPOS="2165"/><String ID="p159_w665" CONTENT="to" HPOS="2182" VPOS="808" WIDTH="38" HEIGHT="75" STYLEREFS="font0"/></TextLine><TextLine WIDTH="988" HEIGHT="75" ID="p159_t80" HPOS="1232" VPOS="855"><String ID="p159_w666" CONTENT="which" HPOS="1232" VPOS="855" WIDTH="105" HEIGHT="75" STYLEREFS="font0"/><SP WIDTH="28" VPOS="855" HPOS="1337"/><String ID="p159_w667" CONTENT="the" HPOS="1365" VPOS="855" WIDTH="56" HEIGHT="75" STYLEREFS="font0"/><SP WIDTH="24" VPOS="855" HPOS="1421"/><String ID="p159_w668" CONTENT="facrifiies" HPOS="1445" VPOS="855" WIDTH="154" HEIGHT="75" STYLEREFS="font0"/><SP WIDTH="23" VPOS="855" HPOS="1599"/><String ID="p159_w669" CONTENT="were" HPOS="1622" VPOS="855" WIDTH="84" HEIGHT="75" STYLEREFS="font0"/><SP WIDTH="24" VPOS="855" HPOS="1706"/><String ID="p159_w670" CONTENT="tied." HPOS="1730" VPOS="855" WIDTH="79" HEIGHT="75" STYLEREFS="font0"/><SP WIDTH="49" VPOS="855" HPOS="1809"/><String ID="p159_w671" CONTENT="Within" HPOS="1858" VPOS="855" WIDTH="131" HEIGHT="75" STYLEREFS="font0"/><SP WIDTH="28" VPOS="855" HPOS="1989"/><String ID="p159_w672" CONTENT="the" HPOS="2017" VPOS="855" WIDTH="55" HEIGHT="75" STYLEREFS="font0"/><SP WIDTH="24" VPOS="855" HPOS="2072"/><String ID="p159_w673" CONTENT="hollow" HPOS="2096" VPOS="855" WIDTH="124" HEIGHT="75" STYLEREFS="font0"/></TextLine><TextLine WIDTH="984" HEIGHT="75" ID="p159_t81" HPOS="1232" VPOS="902"><String ID="p159_w674" CONTENT="v/as" HPOS="1232" VPOS="902" WIDTH="65" HEIGHT="75" STYLEREFS="font0"/><SP WIDTH="23" VPOS="902" HPOS="1297"/><String ID="p159_w675" CONTENT="a" HPOS="1320" VPOS="902" WIDTH="19" HEIGHT="75" STYLEREFS="font0"/><SP WIDTH="24" VPOS="902" HPOS="1339"/><String ID="p159_w676" CONTENT="grate" HPOS="1363" VPOS="902" WIDTH="90" HEIGHT="75" STYLEREFS="font0"/><SP WIDTH="17" VPOS="902" HPOS="1453"/><String ID="p159_w677" CONTENT="of" HPOS="1470" VPOS="902" WIDTH="41" HEIGHT="75" STYLEREFS="font0"/><SP WIDTH="22" VPOS="902" HPOS="1511"/><String ID="p159_w678" CONTENT="brafs," HPOS="1533" VPOS="902" WIDTH="98" HEIGHT="75" STYLEREFS="font0"/><SP WIDTH="29" VPOS="902" HPOS="1631"/><String ID="p159_w679" CONTENT="on" HPOS="1660" VPOS="902" WIDTH="42" HEIGHT="75" STYLEREFS="font0"/><SP WIDTH="16" VPOS="902" HPOS="1702"/><String ID="p159_w680" CONTENT="which" HPOS="1718" VPOS="902" WIDTH="106" HEIGHT="75" STYLEREFS="font0"/><SP WIDTH="25" VPOS="902" HPOS="1824"/><String ID="p159_w681" CONTENT="the" HPOS="1849" VPOS="902" WIDTH="55" HEIGHT="75" STYLEREFS="font0"/><SP WIDTH="22" VPOS="902" HPOS="1904"/><String ID="p159_w682" CONTENT="fire" HPOS="1926" VPOS="902" WIDTH="58" HEIGHT="75" STYLEREFS="font0"/><SP WIDTH="21" VPOS="902" HPOS="1984"/><String ID="p159_w683" CONTENT="was" HPOS="2005" VPOS="902" WIDTH="65" HEIGHT="75" STYLEREFS="font0"/><SP WIDTH="28" VPOS="902" HPOS="2070"/><String ID="p159_w684" CONTENT="made" HPOS="2098" VPOS="902" WIDTH="93" HEIGHT="75" STYLEREFS="font0"/><SP WIDTH="14" VPOS="902" HPOS="2191"/><String ID="p159_w685" CONTENT=";" HPOS="2205" VPOS="902" WIDTH="11" HEIGHT="75" STYLEREFS="font0"/></TextLine><TextLine WIDTH="987" HEIGHT="75" ID="p159_t82" HPOS="1233" VPOS="948"><String ID="p159_w686" CONTENT="through" HPOS="1233" VPOS="948" WIDTH="141" HEIGHT="75" STYLEREFS="font0"/><SP WIDTH="20" VPOS="948" HPOS="1374"/><String ID="p159_w687" CONTENT="it" HPOS="1394" VPOS="948" WIDTH="26" HEIGHT="75" STYLEREFS="font0"/><SP WIDTH="17" VPOS="948" HPOS="1420"/><String ID="p159_w688" CONTENT="fell" HPOS="1437" VPOS="948" WIDTH="57" HEIGHT="75" STYLEREFS="font0"/><SP WIDTH="17" VPOS="948" HPOS="1494"/><String ID="p159_w689" CONTENT="the" HPOS="1511" VPOS="948" WIDTH="54" HEIGHT="75" STYLEREFS="font0"/><SP WIDTH="18" VPOS="948" HPOS="1565"/><String ID="p159_w690" CONTENT="affies," HPOS="1583" VPOS="948" WIDTH="98" HEIGHT="75" STYLEREFS="font0"/><SP WIDTH="29" VPOS="948" HPOS="1681"/><String ID="p159_w691" CONTENT="and" HPOS="1710" VPOS="948" WIDTH="63" HEIGHT="75" STYLEREFS="font0"/><SP WIDTH="24" VPOS="948" HPOS="1773"/><String ID="p159_w692" CONTENT="were" HPOS="1797" VPOS="948" WIDTH="84" HEIGHT="75" STYLEREFS="font0"/><SP WIDTH="16" VPOS="948" HPOS="1881"/><String ID="p159_w693" CONTENT="received" HPOS="1897" VPOS="948" WIDTH="148" HEIGHT="75" STYLEREFS="font0"/><SP WIDTH="20" VPOS="948" HPOS="2045"/><String ID="p159_w694" CONTENT="in" HPOS="2065" VPOS="948" WIDTH="32" HEIGHT="75" STYLEREFS="font0"/><SP WIDTH="18" VPOS="948" HPOS="2097"/><String ID="p159_w695" CONTENT="a" HPOS="2115" VPOS="948" WIDTH="18" HEIGHT="75" STYLEREFS="font0"/><SP WIDTH="23" VPOS="948" HPOS="2133"/><String ID="p159_w696" CONTENT="pan" HPOS="2156" VPOS="948" WIDTH="64" HEIGHT="75" STYLEREFS="font0"/></TextLine><TextLine WIDTH="988" HEIGHT="75" ID="p159_t83" HPOS="1233" VPOS="996"><String ID="p159_w697" CONTENT="below." HPOS="1233" VPOS="996" WIDTH="116" HEIGHT="75" STYLEREFS="font0"/><SP WIDTH="49" VPOS="996" HPOS="1349"/><String ID="p159_w698" CONTENT="At" HPOS="1398" VPOS="996" WIDTH="48" HEIGHT="75" STYLEREFS="font0"/><SP WIDTH="16" VPOS="996" HPOS="1446"/><String ID="p159_w699" CONTENT="the" HPOS="1462" VPOS="996" WIDTH="55" HEIGHT="75" STYLEREFS="font0"/><SP WIDTH="17" VPOS="996" HPOS="1517"/><String ID="p159_w700" CONTENT="four" HPOS="1534" VPOS="996" WIDTH="75" HEIGHT="75" STYLEREFS="font0"/><SP WIDTH="19" VPOS="996" HPOS="1609"/><String ID="p159_w701" CONTENT="corners" HPOS="1628" VPOS="996" WIDTH="129" HEIGHT="75" STYLEREFS="font0"/><SP WIDTH="16" VPOS="996" HPOS="1757"/><String ID="p159_w702" CONTENT="of" HPOS="1773" VPOS="996" WIDTH="40" HEIGHT="75" STYLEREFS="font0"/><SP WIDTH="22" VPOS="996" HPOS="1813"/><String ID="p159_w703" CONTENT="the" HPOS="1835" VPOS="996" WIDTH="56" HEIGHT="75" STYLEREFS="font0"/><SP WIDTH="27" VPOS="996" HPOS="1891"/><String ID="p159_w704" CONTENT="grate" HPOS="1918" VPOS="996" WIDTH="91" HEIGHT="75" STYLEREFS="font0"/><SP WIDTH="23" VPOS="996" HPOS="2009"/><String ID="p159_w705" CONTENT="were" HPOS="2032" VPOS="996" WIDTH="87" HEIGHT="75" STYLEREFS="font0"/><SP WIDTH="26" VPOS="996" HPOS="2119"/><String ID="p159_w706" CONTENT="four" HPOS="2145" VPOS="996" WIDTH="76" HEIGHT="75" STYLEREFS="font0"/></TextLine><TextLine WIDTH="985" HEIGHT="75" ID="p159_t84" HPOS="1234" VPOS="1042"><String ID="p159_w707" CONTENT="rifigs," HPOS="1234" VPOS="1042" WIDTH="98" HEIGHT="75" STYLEREFS="font0"/><SP WIDTH="18" VPOS="1042" HPOS="1332"/><String ID="p159_w708" CONTENT="and" HPOS="1350" VPOS="1042" WIDTH="62" HEIGHT="75" STYLEREFS="font0"/><SP WIDTH="15" VPOS="1042" HPOS="1412"/><String ID="p159_w709" CONTENT="four" HPOS="1427" VPOS="1042" WIDTH="74" HEIGHT="75" STYLEREFS="font0"/><SP WIDTH="16" VPOS="1042" HPOS="1501"/><String ID="p159_w710" CONTENT="chains," HPOS="1517" VPOS="1042" WIDTH="122" HEIGHT="75" STYLEREFS="font0"/><SP WIDTH="25" VPOS="1042" HPOS="1639"/><String ID="p159_w711" CONTENT="which" HPOS="1664" VPOS="1042" WIDTH="105" HEIGHT="75" STYLEREFS="font0"/><SP WIDTH="17" VPOS="1042" HPOS="1769"/><String ID="p159_w712" CONTENT="kept" HPOS="1786" VPOS="1042" WIDTH="78" HEIGHT="75" STYLEREFS="font0"/><SP WIDTH="15" VPOS="1042" HPOS="1864"/><String ID="p159_w713" CONTENT="it" HPOS="1879" VPOS="1042" WIDTH="25" HEIGHT="75" STYLEREFS="font0"/><SP WIDTH="17" VPOS="1042" HPOS="1904"/><String ID="p159_w714" CONTENT="up" HPOS="1921" VPOS="1042" WIDTH="43" HEIGHT="75" STYLEREFS="font0"/><SP WIDTH="16" VPOS="1042" HPOS="1964"/><String ID="p159_w715" CONTENT="at" HPOS="1980" VPOS="1042" WIDTH="33" HEIGHT="75" STYLEREFS="font0"/><SP WIDTH="16" VPOS="1042" HPOS="2013"/><String ID="p159_w716" CONTENT="the" HPOS="2029" VPOS="1042" WIDTH="56" HEIGHT="75" STYLEREFS="font0"/><SP WIDTH="20" VPOS="1042" HPOS="2085"/><String ID="p159_w717" CONTENT="horns." HPOS="2105" VPOS="1042" WIDTH="114" HEIGHT="75" STYLEREFS="font0"/></TextLine><TextLine WIDTH="987" HEIGHT="75" ID="p159_t85" HPOS="1233" VPOS="1088"><String ID="p159_w718" CONTENT="This" HPOS="1233" VPOS="1088" WIDTH="86" HEIGHT="75" STYLEREFS="font0"/><SP WIDTH="17" VPOS="1088" HPOS="1319"/><String ID="p159_w719" CONTENT="altar" HPOS="1336" VPOS="1088" WIDTH="82" HEIGHT="75" STYLEREFS="font0"/><SP WIDTH="15" VPOS="1088" HPOS="1418"/><String ID="p159_w720" CONTENT="was" HPOS="1433" VPOS="1088" WIDTH="66" HEIGHT="75" STYLEREFS="font0"/><SP WIDTH="17" VPOS="1088" HPOS="1499"/><String ID="p159_w721" CONTENT="placed" HPOS="1516" VPOS="1088" WIDTH="113" HEIGHT="75" STYLEREFS="font0"/><SP WIDTH="14" VPOS="1088" HPOS="1629"/><String ID="p159_w722" CONTENT="in" HPOS="1643" VPOS="1088" WIDTH="32" HEIGHT="75" STYLEREFS="font0"/><SP WIDTH="18" VPOS="1088" HPOS="1675"/><String ID="p159_w723" CONTENT="the" HPOS="1693" VPOS="1088" WIDTH="55" HEIGHT="75" STYLEREFS="font0"/><SP WIDTH="16" VPOS="1088" HPOS="1748"/><String ID="p159_w724" CONTENT="open" HPOS="1764" VPOS="1088" WIDTH="82" HEIGHT="75" STYLEREFS="font0"/><SP WIDTH="21" VPOS="1088" HPOS="1846"/><String ID="p159_w725" CONTENT="air," HPOS="1867" VPOS="1088" WIDTH="58" HEIGHT="75" STYLEREFS="font0"/><SP WIDTH="18" VPOS="1088" HPOS="1925"/><String ID="p159_w726" CONTENT="that" HPOS="1943" VPOS="1088" WIDTH="73" HEIGHT="75" STYLEREFS="font0"/><SP WIDTH="15" VPOS="1088" HPOS="2016"/><String ID="p159_w727" CONTENT="the" HPOS="2031" VPOS="1088" WIDTH="56" HEIGHT="75" STYLEREFS="font0"/><SP WIDTH="22" VPOS="1088" HPOS="2087"/><String ID="p159_w728" CONTENT="fmoke" HPOS="2109" VPOS="1088" WIDTH="111" HEIGHT="75" STYLEREFS="font0"/></TextLine><TextLine WIDTH="992" HEIGHT="75" ID="p159_t86" HPOS="1233" VPOS="1135"><String ID="p159_w729" CONTENT="of" HPOS="1233" VPOS="1135" WIDTH="40" HEIGHT="75" STYLEREFS="font0"/><SP WIDTH="11" VPOS="1135" HPOS="1273"/><String ID="p159_w730" CONTENT="the" HPOS="1284" VPOS="1135" WIDTH="55" HEIGHT="75" STYLEREFS="font0"/><SP WIDTH="17" VPOS="1135" HPOS="1339"/><String ID="p159_w731" CONTENT="burnt-offerings" HPOS="1356" VPOS="1135" WIDTH="266" HEIGHT="75" STYLEREFS="font0"/><SP WIDTH="16" VPOS="1135" HPOS="1622"/><String ID="p159_w732" CONTENT="might" HPOS="1638" VPOS="1135" WIDTH="103" HEIGHT="75" STYLEREFS="font0"/><SP WIDTH="16" VPOS="1135" HPOS="1741"/><String ID="p159_w733" CONTENT="not" HPOS="1757" VPOS="1135" WIDTH="57" HEIGHT="75" STYLEREFS="font0"/><SP WIDTH="15" VPOS="1135" HPOS="1814"/><String ID="p159_w734" CONTENT="fully" HPOS="1829" VPOS="1135" WIDTH="82" HEIGHT="75" STYLEREFS="font0"/><SP WIDTH="17" VPOS="1135" HPOS="1911"/><String ID="p159_w735" CONTENT="the" HPOS="1928" VPOS="1135" WIDTH="55" HEIGHT="75" STYLEREFS="font0"/><SP WIDTH="15" VPOS="1135" HPOS="1983"/><String ID="p159_w736" CONTENT="infide" HPOS="1998" VPOS="1135" WIDTH="97" HEIGHT="75" STYLEREFS="font0"/><SP WIDTH="17" VPOS="1135" HPOS="2095"/><String ID="p159_w737" CONTENT="of" HPOS="2112" VPOS="1135" WIDTH="40" HEIGHT="75" STYLEREFS="font0"/><SP WIDTH="10" VPOS="1135" HPOS="2152"/><String ID="p159_w738" CONTENT="the" HPOS="2162" VPOS="1135" WIDTH="63" HEIGHT="75" STYLEREFS="font0"/></TextLine><TextLine WIDTH="606" HEIGHT="75" ID="p159_t87" HPOS="1233" VPOS="1182"><String ID="p159_w739" CONTENT="tabernacle." HPOS="1233" VPOS="1182" WIDTH="193" HEIGHT="75" STYLEREFS="font0"/><SP WIDTH="51" VPOS="1182" HPOS="1426"/><String ID="p159_w740" CONTENT="See" HPOS="1477" VPOS="1182" WIDTH="62" HEIGHT="75" STYLEREFS="font0"/><SP WIDTH="15" VPOS="1182" HPOS="1539"/><String ID="p159_w741" CONTENT="plate" HPOS="1554" VPOS="1182" WIDTH="86" HEIGHT="75" STYLEREFS="font0"/><SP WIDTH="11" VPOS="1182" HPOS="1640"/><String ID="p159_w742" CONTENT="XI." HPOS="1651" VPOS="1182" WIDTH="66" HEIGHT="75" STYLEREFS="font0"/><SP WIDTH="18" VPOS="1182" HPOS="1717"/><String ID="p159_w743" CONTENT="fig." HPOS="1735" VPOS="1182" WIDTH="53" HEIGHT="75" STYLEREFS="font0"/><SP WIDTH="20" VPOS="1182" HPOS="1788"/><String ID="p159_w744" CONTENT="3." HPOS="1808" VPOS="1182" WIDTH="31" HEIGHT="75" STYLEREFS="font0"/></TextLine><TextLine WIDTH="940" HEIGHT="75" ID="p159_t88" HPOS="1279" VPOS="1228"><String ID="p159_w745" CONTENT="The" HPOS="1279" VPOS="1228" WIDTH="77" HEIGHT="75" STYLEREFS="font0"/><SP WIDTH="27" VPOS="1228" HPOS="1356"/><String ID="p159_w746" CONTENT="altar," HPOS="1383" VPOS="1228" WIDTH="93" HEIGHT="75" STYLEREFS="font0"/><SP WIDTH="27" VPOS="1228" HPOS="1476"/><String ID="p159_w747" CONTENT="orjable" HPOS="1503" VPOS="1228" WIDTH="139" HEIGHT="75" STYLEREFS="font0"/><SP WIDTH="17" VPOS="1228" HPOS="1642"/><String ID="p159_w748" CONTENT="for" HPOS="1659" VPOS="1228" WIDTH="53" HEIGHT="75" STYLEREFS="font0"/><SP WIDTH="27" VPOS="1228" HPOS="1712"/><String ID="p159_w749" CONTENT="the" HPOS="1739" VPOS="1228" WIDTH="56" HEIGHT="75" STYLEREFS="font0"/><SP WIDTH="16" VPOS="1228" HPOS="1795"/><String ID="p159_w750" CONTENT="fhew-bread," HPOS="1811" VPOS="1228" WIDTH="210" HEIGHT="75" STYLEREFS="font0"/><SP WIDTH="28" VPOS="1228" HPOS="2021"/><String ID="p159_w751" CONTENT="was" HPOS="2049" VPOS="1228" WIDTH="65" HEIGHT="75" STYLEREFS="font0"/><SP WIDTH="24" VPOS="1228" HPOS="2114"/><String ID="p159_w752" CONTENT="like-" HPOS="2138" VPOS="1228" WIDTH="81" HEIGHT="75" STYLEREFS="font0"/></TextLine><TextLine WIDTH="988" HEIGHT="75" ID="p159_t89" HPOS="1232" VPOS="1275"><String ID="p159_w753" CONTENT="wife" HPOS="1232" VPOS="1275" WIDTH="74" HEIGHT="75" STYLEREFS="font0"/><SP WIDTH="24" VPOS="1275" HPOS="1306"/><String ID="p159_w754" CONTENT="of" HPOS="1330" VPOS="1275" WIDTH="40" HEIGHT="75" STYLEREFS="font0"/><SP WIDTH="18" VPOS="1275" HPOS="1370"/><String ID="p159_w755" CONTENT="ffiittim-wood," HPOS="1388" VPOS="1275" WIDTH="244" HEIGHT="75" STYLEREFS="font0"/><SP WIDTH="24" VPOS="1275" HPOS="1632"/><String ID="p159_w756" CONTENT="covered" HPOS="1656" VPOS="1275" WIDTH="138" HEIGHT="75" STYLEREFS="font0"/><SP WIDTH="24" VPOS="1275" HPOS="1794"/><String ID="p159_w757" CONTENT="tilth" HPOS="1818" VPOS="1275" WIDTH="79" HEIGHT="75" STYLEREFS="font0"/><SP WIDTH="31" VPOS="1275" HPOS="1897"/><String ID="p159_w758" CONTENT="plates" HPOS="1928" VPOS="1275" WIDTH="102" HEIGHT="75" STYLEREFS="font0"/><SP WIDTH="27" VPOS="1275" HPOS="2030"/><String ID="p159_w759" CONTENT="of" HPOS="2057" VPOS="1275" WIDTH="40" HEIGHT="75" STYLEREFS="font0"/><SP WIDTH="29" VPOS="1275" HPOS="2097"/><String ID="p159_w760" CONTENT="gold," HPOS="2126" VPOS="1275" WIDTH="94" HEIGHT="75" STYLEREFS="font0"/></TextLine><TextLine WIDTH="988" HEIGHT="75" ID="p159_t90" HPOS="1232" VPOS="1321"><String ID="p159_w761" CONTENT="having" HPOS="1232" VPOS="1321" WIDTH="117" HEIGHT="75" STYLEREFS="font0"/><SP WIDTH="27" VPOS="1321" HPOS="1349"/><String ID="p159_w762" CONTENT="a" HPOS="1376" VPOS="1321" WIDTH="18" HEIGHT="75" STYLEREFS="font0"/><SP WIDTH="25" VPOS="1321" HPOS="1394"/><String ID="p159_w763" CONTENT="little" HPOS="1419" VPOS="1321" WIDTH="84" HEIGHT="75" STYLEREFS="font0"/><SP WIDTH="23" VPOS="1321" HPOS="1503"/><String ID="p159_w764" CONTENT="border" HPOS="1526" VPOS="1321" WIDTH="117" HEIGHT="75" STYLEREFS="font0"/><SP WIDTH="17" VPOS="1321" HPOS="1643"/><String ID="p159_w765" CONTENT="round" HPOS="1660" VPOS="1321" WIDTH="103" HEIGHT="75" STYLEREFS="font0"/><SP WIDTH="15" VPOS="1321" HPOS="1763"/><String ID="p159_w766" CONTENT="it," HPOS="1778" VPOS="1321" WIDTH="39" HEIGHT="75" STYLEREFS="font0"/><SP WIDTH="26" VPOS="1321" HPOS="1817"/><String ID="p159_w767" CONTENT="adorned" HPOS="1843" VPOS="1321" WIDTH="145" HEIGHT="75" STYLEREFS="font0"/><SP WIDTH="24" VPOS="1321" HPOS="1988"/><String ID="p159_w768" CONTENT="with" HPOS="2012" VPOS="1321" WIDTH="78" HEIGHT="75" STYLEREFS="font0"/><SP WIDTH="25" VPOS="1321" HPOS="2090"/><String ID="p159_w769" CONTENT="fculp-" HPOS="2115" VPOS="1321" WIDTH="105" HEIGHT="75" STYLEREFS="font0"/></TextLine><TextLine WIDTH="989" HEIGHT="75" ID="p159_t91" HPOS="1232" VPOS="1370"><String ID="p159_w770" CONTENT="ture." HPOS="1232" VPOS="1370" WIDTH="81" HEIGHT="75" STYLEREFS="font0"/><SP WIDTH="51" VPOS="1370" HPOS="1313"/><String ID="p159_w771" CONTENT="It" HPOS="1364" VPOS="1370" WIDTH="33" HEIGHT="75" STYLEREFS="font0"/><SP WIDTH="17" VPOS="1370" HPOS="1397"/><String ID="p159_w772" CONTENT="was" HPOS="1414" VPOS="1370" WIDTH="64" HEIGHT="75" STYLEREFS="font0"/><SP WIDTH="17" VPOS="1370" HPOS="1478"/><String ID="p159_w773" CONTENT="two" HPOS="1495" VPOS="1370" WIDTH="66" HEIGHT="75" STYLEREFS="font0"/><SP WIDTH="16" VPOS="1370" HPOS="1561"/><String ID="p159_w774" CONTENT="cubits" HPOS="1577" VPOS="1370" WIDTH="104" HEIGHT="75" STYLEREFS="font0"/><SP WIDTH="16" VPOS="1370" HPOS="1681"/><String ID="p159_w775" CONTENT="long," HPOS="1697" VPOS="1370" WIDTH="89" HEIGHT="75" STYLEREFS="font0"/><SP WIDTH="18" VPOS="1370" HPOS="1786"/><String ID="p159_w776" CONTENT="one" HPOS="1804" VPOS="1370" WIDTH="60" HEIGHT="75" STYLEREFS="font0"/><SP WIDTH="16" VPOS="1370" HPOS="1864"/><String ID="p159_w777" CONTENT="wide," HPOS="1880" VPOS="1370" WIDTH="94" HEIGHT="75" STYLEREFS="font0"/><SP WIDTH="24" VPOS="1370" HPOS="1974"/><String ID="p159_w778" CONTENT="and" HPOS="1998" VPOS="1370" WIDTH="63" HEIGHT="75" STYLEREFS="font0"/><SP WIDTH="16" VPOS="1370" HPOS="2061"/><String ID="p159_w779" CONTENT="one" HPOS="2077" VPOS="1370" WIDTH="60" HEIGHT="75" STYLEREFS="font0"/><SP WIDTH="20" VPOS="1370" HPOS="2137"/><String ID="p159_w780" CONTENT="and" HPOS="2157" VPOS="1370" WIDTH="64" HEIGHT="75" STYLEREFS="font0"/></TextLine><TextLine WIDTH="990" HEIGHT="75" ID="p159_t92" HPOS="1234" VPOS="1415"><String ID="p159_w781" CONTENT="an" HPOS="1234" VPOS="1415" WIDTH="36" HEIGHT="75" STYLEREFS="font0"/><SP WIDTH="27" VPOS="1415" HPOS="1270"/><String ID="p159_w782" CONTENT="half" HPOS="1297" VPOS="1415" WIDTH="74" HEIGHT="75" STYLEREFS="font0"/><SP WIDTH="18" VPOS="1415" HPOS="1371"/><String ID="p159_w783" CONTENT="in" HPOS="1389" VPOS="1415" WIDTH="32" HEIGHT="75" STYLEREFS="font0"/><SP WIDTH="25" VPOS="1415" HPOS="1421"/><String ID="p159_w784" CONTENT="height." HPOS="1446" VPOS="1415" WIDTH="125" HEIGHT="75" STYLEREFS="font0"/><SP WIDTH="49" VPOS="1415" HPOS="1571"/><String ID="p159_w785" CONTENT="Upon" HPOS="1620" VPOS="1415" WIDTH="98" HEIGHT="75" STYLEREFS="font0"/><SP WIDTH="25" VPOS="1415" HPOS="1718"/><String ID="p159_w786" CONTENT="this" HPOS="1743" VPOS="1415" WIDTH="64" HEIGHT="75" STYLEREFS="font0"/><SP WIDTH="24" VPOS="1415" HPOS="1807"/><String ID="p159_w787" CONTENT="table," HPOS="1831" VPOS="1415" WIDTH="99" HEIGHT="75" STYLEREFS="font0"/><SP WIDTH="24" VPOS="1415" HPOS="1930"/><String ID="p159_w788" CONTENT="which" HPOS="1954" VPOS="1415" WIDTH="105" HEIGHT="75" STYLEREFS="font0"/><SP WIDTH="17" VPOS="1415" HPOS="2059"/><String ID="p159_w789" CONTENT="flood" HPOS="2076" VPOS="1415" WIDTH="91" HEIGHT="75" STYLEREFS="font0"/><SP WIDTH="19" VPOS="1415" HPOS="2167"/><String ID="p159_w790" CONTENT="in" HPOS="2186" VPOS="1415" WIDTH="38" HEIGHT="75" STYLEREFS="font0"/></TextLine><TextLine WIDTH="990" HEIGHT="75" ID="p159_t93" HPOS="1232" VPOS="1462"><String ID="p159_w791" CONTENT="the" HPOS="1232" VPOS="1462" WIDTH="55" HEIGHT="75" STYLEREFS="font0"/><SP WIDTH="16" VPOS="1462" HPOS="1287"/><String ID="p159_w792" CONTENT="holy" HPOS="1303" VPOS="1462" WIDTH="79" HEIGHT="75" STYLEREFS="font0"/><SP WIDTH="11" VPOS="1462" HPOS="1382"/><String ID="p159_w793" CONTENT="of" HPOS="1393" VPOS="1462" WIDTH="39" HEIGHT="75" STYLEREFS="font0"/><SP WIDTH="11" VPOS="1462" HPOS="1432"/><String ID="p159_w794" CONTENT="holies," HPOS="1443" VPOS="1462" WIDTH="113" HEIGHT="75" STYLEREFS="font0"/><SP WIDTH="13" VPOS="1462" HPOS="1556"/><String ID="p159_w795" CONTENT="were" HPOS="1569" VPOS="1462" WIDTH="84" HEIGHT="75" STYLEREFS="font0"/><SP WIDTH="16" VPOS="1462" HPOS="1653"/><String ID="p159_w796" CONTENT="put," HPOS="1669" VPOS="1462" WIDTH="69" HEIGHT="75" STYLEREFS="font0"/><SP WIDTH="15" VPOS="1462" HPOS="1738"/><String ID="p159_w797" CONTENT="every" HPOS="1753" VPOS="1462" WIDTH="97" HEIGHT="75" STYLEREFS="font0"/><SP WIDTH="11" VPOS="1462" HPOS="1850"/><String ID="p159_w798" CONTENT="fabbath-day," HPOS="1861" VPOS="1462" WIDTH="226" HEIGHT="75" STYLEREFS="font0"/><SP WIDTH="17" VPOS="1462" HPOS="2087"/><String ID="p159_w799" CONTENT="twelve" HPOS="2104" VPOS="1462" WIDTH="118" HEIGHT="75" STYLEREFS="font0"/></TextLine><TextLine WIDTH="526" HEIGHT="75" ID="p159_t94" HPOS="1234" VPOS="1508"><String ID="p159_w800" CONTENT="loaves," HPOS="1234" VPOS="1508" WIDTH="120" HEIGHT="75" STYLEREFS="font0"/><SP WIDTH="18" VPOS="1508" HPOS="1354"/><String ID="p159_w801" CONTENT="with" HPOS="1372" VPOS="1508" WIDTH="79" HEIGHT="75" STYLEREFS="font0"/><SP WIDTH="17" VPOS="1508" HPOS="1451"/><String ID="p159_w802" CONTENT="fait" HPOS="1468" VPOS="1508" WIDTH="60" HEIGHT="75" STYLEREFS="font0"/><SP WIDTH="15" VPOS="1508" HPOS="1528"/><String ID="p159_w803" CONTENT="and" HPOS="1543" VPOS="1508" WIDTH="62" HEIGHT="75" STYLEREFS="font0"/><SP WIDTH="19" VPOS="1508" HPOS="1605"/><String ID="p159_w804" CONTENT="incenfe." HPOS="1624" VPOS="1508" WIDTH="136" HEIGHT="75" STYLEREFS="font0"/></TextLine><TextLine WIDTH="938" HEIGHT="75" ID="p159_t95" HPOS="1281" VPOS="1556"><String ID="p159_w805" CONTENT="The" HPOS="1281" VPOS="1556" WIDTH="76" HEIGHT="75" STYLEREFS="font0"/><SP WIDTH="16" VPOS="1556" HPOS="1357"/><String ID="p159_w806" CONTENT="Jewifh" HPOS="1373" VPOS="1556" WIDTH="115" HEIGHT="75" STYLEREFS="font0"/><SP WIDTH="18" VPOS="1556" HPOS="1488"/><String ID="p159_w807" CONTENT="altars," HPOS="1506" VPOS="1556" WIDTH="110" HEIGHT="75" STYLEREFS="font0"/><SP WIDTH="29" VPOS="1556" HPOS="1616"/><String ID="p159_w808" CONTENT="after" HPOS="1645" VPOS="1556" WIDTH="84" HEIGHT="75" STYLEREFS="font0"/><SP WIDTH="17" VPOS="1556" HPOS="1729"/><String ID="p159_w809" CONTENT="the" HPOS="1746" VPOS="1556" WIDTH="57" HEIGHT="75" STYLEREFS="font0"/><SP WIDTH="17" VPOS="1556" HPOS="1803"/><String ID="p159_w810" CONTENT="return" HPOS="1820" VPOS="1556" WIDTH="109" HEIGHT="75" STYLEREFS="font0"/><SP WIDTH="17" VPOS="1556" HPOS="1929"/><String ID="p159_w811" CONTENT="from" HPOS="1946" VPOS="1556" WIDTH="84" HEIGHT="75" STYLEREFS="font0"/><SP WIDTH="16" VPOS="1556" HPOS="2030"/><String ID="p159_w812" CONTENT="the" HPOS="2046" VPOS="1556" WIDTH="57" HEIGHT="75" STYLEREFS="font0"/><SP WIDTH="16" VPOS="1556" HPOS="2103"/><String ID="p159_w813" CONTENT="capti-" HPOS="2119" VPOS="1556" WIDTH="100" HEIGHT="75" STYLEREFS="font0"/></TextLine><TextLine WIDTH="987" HEIGHT="75" ID="p159_t96" HPOS="1234" VPOS="1601"><String ID="p159_w814" CONTENT="vity," HPOS="1234" VPOS="1601" WIDTH="80" HEIGHT="75" STYLEREFS="font0"/><SP WIDTH="19" VPOS="1601" HPOS="1314"/><String ID="p159_w815" CONTENT="and" HPOS="1333" VPOS="1601" WIDTH="62" HEIGHT="75" STYLEREFS="font0"/><SP WIDTH="24" VPOS="1601" HPOS="1395"/><String ID="p159_w816" CONTENT="the" HPOS="1419" VPOS="1601" WIDTH="55" HEIGHT="75" STYLEREFS="font0"/><SP WIDTH="16" VPOS="1601" HPOS="1474"/><String ID="p159_w817" CONTENT="building" HPOS="1490" VPOS="1601" WIDTH="145" HEIGHT="75" STYLEREFS="font0"/><SP WIDTH="16" VPOS="1601" HPOS="1635"/><String ID="p159_w818" CONTENT="of" HPOS="1651" VPOS="1601" WIDTH="39" HEIGHT="75" STYLEREFS="font0"/><SP WIDTH="22" VPOS="1601" HPOS="1690"/><String ID="p159_w819" CONTENT="the" HPOS="1712" VPOS="1601" WIDTH="56" HEIGHT="75" STYLEREFS="font0"/><SP WIDTH="16" VPOS="1601" HPOS="1768"/><String ID="p159_w820" CONTENT="fecond" HPOS="1784" VPOS="1601" WIDTH="118" HEIGHT="75" STYLEREFS="font0"/><SP WIDTH="16" VPOS="1601" HPOS="1902"/><String ID="p159_w821" CONTENT="temple," HPOS="1918" VPOS="1601" WIDTH="130" HEIGHT="75" STYLEREFS="font0"/><SP WIDTH="25" VPOS="1601" HPOS="2048"/><String ID="p159_w822" CONTENT="were" HPOS="2073" VPOS="1601" WIDTH="84" HEIGHT="75" STYLEREFS="font0"/><SP WIDTH="27" VPOS="1601" HPOS="2157"/><String ID="p159_w823" CONTENT="in" HPOS="2184" VPOS="1601" WIDTH="37" HEIGHT="75" STYLEREFS="font0"/></TextLine><TextLine WIDTH="919" HEIGHT="75" ID="p159_t97" HPOS="1234" VPOS="1648"><String ID="p159_w824" CONTENT="fome" HPOS="1234" VPOS="1648" WIDTH="87" HEIGHT="75" STYLEREFS="font0"/><SP WIDTH="15" VPOS="1648" HPOS="1321"/><String ID="p159_w825" CONTENT="refpefts" HPOS="1336" VPOS="1648" WIDTH="134" HEIGHT="75" STYLEREFS="font0"/><SP WIDTH="17" VPOS="1648" HPOS="1470"/><String ID="p159_w826" CONTENT="different" HPOS="1487" VPOS="1648" WIDTH="150" HEIGHT="75" STYLEREFS="font0"/><SP WIDTH="16" VPOS="1648" HPOS="1637"/><String ID="p159_w827" CONTENT="from" HPOS="1653" VPOS="1648" WIDTH="84" HEIGHT="75" STYLEREFS="font0"/><SP WIDTH="17" VPOS="1648" HPOS="1737"/><String ID="p159_w828" CONTENT="thofe" HPOS="1754" VPOS="1648" WIDTH="90" HEIGHT="75" STYLEREFS="font0"/><SP WIDTH="16" VPOS="1648" HPOS="1844"/><String ID="p159_w829" CONTENT="deferibed" HPOS="1860" VPOS="1648" WIDTH="165" HEIGHT="75" STYLEREFS="font0"/><SP WIDTH="15" VPOS="1648" HPOS="2025"/><String ID="p159_w830" CONTENT="above." HPOS="2040" VPOS="1648" WIDTH="113" HEIGHT="75" STYLEREFS="font0"/></TextLine><TextLine WIDTH="947" HEIGHT="75" ID="p159_t98" HPOS="1278" VPOS="1695"><String ID="p159_w831" CONTENT="That" HPOS="1278" VPOS="1695" WIDTH="92" HEIGHT="75" STYLEREFS="font0"/><SP WIDTH="16" VPOS="1695" HPOS="1370"/><String ID="p159_w832" CONTENT="of" HPOS="1386" VPOS="1695" WIDTH="41" HEIGHT="75" STYLEREFS="font0"/><SP WIDTH="18" VPOS="1695" HPOS="1427"/><String ID="p159_w833" CONTENT="burnt-offerings" HPOS="1445" VPOS="1695" WIDTH="264" HEIGHT="75" STYLEREFS="font0"/><SP WIDTH="23" VPOS="1695" HPOS="1709"/><String ID="p159_w834" CONTENT="v/as" HPOS="1732" VPOS="1695" WIDTH="65" HEIGHT="75" STYLEREFS="font0"/><SP WIDTH="34" VPOS="1695" HPOS="1797"/><String ID="p159_w835" CONTENT="a" HPOS="1831" VPOS="1695" WIDTH="18" HEIGHT="75" STYLEREFS="font0"/><SP WIDTH="21" VPOS="1695" HPOS="1849"/><String ID="p159_w836" CONTENT="large" HPOS="1870" VPOS="1695" WIDTH="88" HEIGHT="75" STYLEREFS="font0"/><SP WIDTH="18" VPOS="1695" HPOS="1958"/><String ID="p159_w837" CONTENT="pile," HPOS="1976" VPOS="1695" WIDTH="74" HEIGHT="75" STYLEREFS="font0"/><SP WIDTH="26" VPOS="1695" HPOS="2050"/><String ID="p159_w838" CONTENT="built" HPOS="2076" VPOS="1695" WIDTH="82" HEIGHT="75" STYLEREFS="font0"/><SP WIDTH="25" VPOS="1695" HPOS="2158"/><String ID="p159_w839" CONTENT="of" HPOS="2183" VPOS="1695" WIDTH="42" HEIGHT="75" STYLEREFS="font0"/></TextLine><TextLine WIDTH="985" HEIGHT="75" ID="p159_t99" HPOS="1233" VPOS="1741"><String ID="p159_w840" CONTENT="unhewn" HPOS="1233" VPOS="1741" WIDTH="136" HEIGHT="75" STYLEREFS="font0"/><SP WIDTH="25" VPOS="1741" HPOS="1369"/><String ID="p159_w841" CONTENT="hones," HPOS="1394" VPOS="1741" WIDTH="114" HEIGHT="75" STYLEREFS="font0"/><SP WIDTH="26" VPOS="1741" HPOS="1508"/><String ID="p159_w842" CONTENT="thirty-two" HPOS="1534" VPOS="1741" WIDTH="185" HEIGHT="75" STYLEREFS="font0"/><SP WIDTH="28" VPOS="1741" HPOS="1719"/><String ID="p159_w843" CONTENT="cubits" HPOS="1747" VPOS="1741" WIDTH="104" HEIGHT="75" STYLEREFS="font0"/><SP WIDTH="24" VPOS="1741" HPOS="1851"/><String ID="p159_w844" CONTENT="fquare" HPOS="1875" VPOS="1741" WIDTH="113" HEIGHT="75" STYLEREFS="font0"/><SP WIDTH="24" VPOS="1741" HPOS="1988"/><String ID="p159_w845" CONTENT="at" HPOS="2012" VPOS="1741" WIDTH="33" HEIGHT="75" STYLEREFS="font0"/><SP WIDTH="20" VPOS="1741" HPOS="2045"/><String ID="p159_w846" CONTENT="the" HPOS="2065" VPOS="1741" WIDTH="55" HEIGHT="75" STYLEREFS="font0"/><SP WIDTH="25" VPOS="1741" HPOS="2120"/><String ID="p159_w847" CONTENT="bot-" HPOS="2145" VPOS="1741" WIDTH="73" HEIGHT="75" STYLEREFS="font0"/></TextLine><TextLine WIDTH="986" HEIGHT="75" ID="p159_t100" HPOS="1233" VPOS="1788"><String ID="p159_w848" CONTENT="tom," HPOS="1233" VPOS="1788" WIDTH="79" HEIGHT="75" STYLEREFS="font0"/><SP WIDTH="27" VPOS="1788" HPOS="1312"/><String ID="p159_w849" CONTENT="and" HPOS="1339" VPOS="1788" WIDTH="63" HEIGHT="75" STYLEREFS="font0"/><SP WIDTH="22" VPOS="1788" HPOS="1402"/><String ID="p159_w850" CONTENT="twenty-four" HPOS="1424" VPOS="1788" WIDTH="211" HEIGHT="75" STYLEREFS="font0"/><SP WIDTH="16" VPOS="1788" HPOS="1635"/><String ID="p159_w851" CONTENT="fquare" HPOS="1651" VPOS="1788" WIDTH="112" HEIGHT="75" STYLEREFS="font0"/><SP WIDTH="17" VPOS="1788" HPOS="1763"/><String ID="p159_w852" CONTENT="at" HPOS="1780" VPOS="1788" WIDTH="33" HEIGHT="75" STYLEREFS="font0"/><SP WIDTH="17" VPOS="1788" HPOS="1813"/><String ID="p159_w853" CONTENT="the" HPOS="1830" VPOS="1788" WIDTH="55" HEIGHT="75" STYLEREFS="font0"/><SP WIDTH="17" VPOS="1788" HPOS="1885"/><String ID="p159_w854" CONTENT="to'" HPOS="1902" VPOS="1788" WIDTH="38" HEIGHT="75" STYLEREFS="font0"/><String ID="p159_w855" CONTENT="p." HPOS="1940" VPOS="1788" WIDTH="29" HEIGHT="75" STYLEREFS="font0"/><SP WIDTH="49" VPOS="1788" HPOS="1969"/><String ID="p159_w856" CONTENT="The" HPOS="2018" VPOS="1788" WIDTH="77" HEIGHT="75" STYLEREFS="font0"/><SP WIDTH="18" VPOS="1788" HPOS="2095"/><String ID="p159_w857" CONTENT="afeent" HPOS="2113" VPOS="1788" WIDTH="106" HEIGHT="75" STYLEREFS="font0"/></TextLine><TextLine WIDTH="985" HEIGHT="75" ID="p159_t101" HPOS="1234" VPOS="1835"><String ID="p159_w858" CONTENT="was" HPOS="1234" VPOS="1835" WIDTH="64" HEIGHT="75" STYLEREFS="font0"/><SP WIDTH="18" VPOS="1835" HPOS="1298"/><String ID="p159_w859" CONTENT="by" HPOS="1316" VPOS="1835" WIDTH="42" HEIGHT="75" STYLEREFS="font0"/><SP WIDTH="19" VPOS="1835" HPOS="1358"/><String ID="p159_w860" CONTENT="a" HPOS="1377" VPOS="1835" WIDTH="18" HEIGHT="75" STYLEREFS="font0"/><SP WIDTH="15" VPOS="1835" HPOS="1395"/><String ID="p159_w861" CONTENT="gentle" HPOS="1410" VPOS="1835" WIDTH="107" HEIGHT="75" STYLEREFS="font0"/><SP WIDTH="17" VPOS="1835" HPOS="1517"/><String ID="p159_w862" CONTENT="rifing," HPOS="1534" VPOS="1835" WIDTH="104" HEIGHT="75" STYLEREFS="font0"/><SP WIDTH="14" VPOS="1835" HPOS="1638"/><String ID="p159_w863" CONTENT="thirty-two" HPOS="1652" VPOS="1835" WIDTH="184" HEIGHT="75" STYLEREFS="font0"/><SP WIDTH="13" VPOS="1835" HPOS="1836"/><String ID="p159_w864" CONTENT="cubits," HPOS="1849" VPOS="1835" WIDTH="102" HEIGHT="75" STYLEREFS="font0"/><SP WIDTH="17" VPOS="1835" HPOS="1951"/><String ID="p159_w865" CONTENT="in" HPOS="1968" VPOS="1835" WIDTH="33" HEIGHT="75" STYLEREFS="font0"/><SP WIDTH="15" VPOS="1835" HPOS="2001"/><String ID="p159_w866" CONTENT="length," HPOS="2016" VPOS="1835" WIDTH="125" HEIGHT="75" STYLEREFS="font0"/><SP WIDTH="13" VPOS="1835" HPOS="2141"/><String ID="p159_w867" CONTENT="and" HPOS="2154" VPOS="1835" WIDTH="65" HEIGHT="75" STYLEREFS="font0"/></TextLine><TextLine WIDTH="326" HEIGHT="75" ID="p159_t102" HPOS="1232" VPOS="1881"><String ID="p159_w868" CONTENT="fixteen" HPOS="1232" VPOS="1881" WIDTH="118" HEIGHT="75" STYLEREFS="font0"/><SP WIDTH="16" VPOS="1881" HPOS="1350"/><String ID="p159_w869" CONTENT="in" HPOS="1366" VPOS="1881" WIDTH="31" HEIGHT="75" STYLEREFS="font0"/><SP WIDTH="13" VPOS="1881" HPOS="1397"/><String ID="p159_w870" CONTENT="breadth." HPOS="1410" VPOS="1881" WIDTH="148" HEIGHT="75" STYLEREFS="font0"/></TextLine><TextLine WIDTH="1029" HEIGHT="75" ID="p159_t103" HPOS="1185" VPOS="1929"><String ID="p159_w871" CONTENT="Altar" HPOS="1185" VPOS="1929" WIDTH="137" HEIGHT="75" STYLEREFS="font0"/><SP WIDTH="27" VPOS="1929" HPOS="1322"/><String ID="p159_w872" CONTENT="is" HPOS="1349" VPOS="1929" WIDTH="26" HEIGHT="75" STYLEREFS="font0"/><SP WIDTH="26" VPOS="1929" HPOS="1375"/><String ID="p159_w873" CONTENT="alfo" HPOS="1401" VPOS="1929" WIDTH="64" HEIGHT="75" STYLEREFS="font0"/><SP WIDTH="23" VPOS="1929" HPOS="1465"/><String ID="p159_w874" CONTENT="ufod" HPOS="1488" VPOS="1929" WIDTH="75" HEIGHT="75" STYLEREFS="font0"/><SP WIDTH="26" VPOS="1929" HPOS="1563"/><String ID="p159_w875" CONTENT="among" HPOS="1589" VPOS="1929" WIDTH="114" HEIGHT="75" STYLEREFS="font0"/><SP WIDTH="28" VPOS="1929" HPOS="1703"/><String ID="p159_w876" CONTENT="Chriftians" HPOS="1731" VPOS="1929" WIDTH="176" HEIGHT="75" STYLEREFS="font0"/><SP WIDTH="22" VPOS="1929" HPOS="1907"/><String ID="p159_w877" CONTENT="for" HPOS="1929" VPOS="1929" WIDTH="51" HEIGHT="75" STYLEREFS="font0"/><SP WIDTH="16" VPOS="1929" HPOS="1980"/><String ID="p159_w878" CONTENT="the" HPOS="1996" VPOS="1929" WIDTH="55" HEIGHT="75" STYLEREFS="font0"/><SP WIDTH="22" VPOS="1929" HPOS="2051"/><String ID="p159_w879" CONTENT="commu-" HPOS="2073" VPOS="1929" WIDTH="141" HEIGHT="75" STYLEREFS="font0"/></TextLine><TextLine WIDTH="730" HEIGHT="75" ID="p159_t104" HPOS="1234" VPOS="1975"><String ID="p159_w880" CONTENT="nion-table." HPOS="1234" VPOS="1975" WIDTH="189" HEIGHT="75" STYLEREFS="font0"/><SP WIDTH="51" VPOS="1975" HPOS="1423"/><String ID="p159_w881" CONTENT="See" HPOS="1474" VPOS="1975" WIDTH="60" HEIGHT="75" STYLEREFS="font0"/><SP WIDTH="18" VPOS="1975" HPOS="1534"/><String ID="p159_w882" CONTENT="Communion-table." HPOS="1552" VPOS="1975" WIDTH="412" HEIGHT="75" STYLEREFS="font0"/></TextLine><TextLine WIDTH="1030" HEIGHT="75" ID="p159_t105" HPOS="1184" VPOS="2022"><String ID="p159_w883" CONTENT="Altar" HPOS="1184" VPOS="2022" WIDTH="138" HEIGHT="75" STYLEREFS="font0"/><SP WIDTH="30" VPOS="2022" HPOS="1322"/><String ID="p159_w884" CONTENT="is" HPOS="1352" VPOS="2022" WIDTH="29" HEIGHT="75" STYLEREFS="font0"/><SP WIDTH="22" VPOS="2022" HPOS="1381"/><String ID="p159_w885" CONTENT="fometimes" HPOS="1403" VPOS="2022" WIDTH="179" HEIGHT="75" STYLEREFS="font0"/><SP WIDTH="18" VPOS="2022" HPOS="1582"/><String ID="p159_w886" CONTENT="alfo" HPOS="1600" VPOS="2022" WIDTH="65" HEIGHT="75" STYLEREFS="font0"/><SP WIDTH="26" VPOS="2022" HPOS="1665"/><String ID="p159_w887" CONTENT="ufed" HPOS="1691" VPOS="2022" WIDTH="75" HEIGHT="75" STYLEREFS="font0"/><SP WIDTH="24" VPOS="2022" HPOS="1766"/><String ID="p159_w888" CONTENT="to" HPOS="1790" VPOS="2022" WIDTH="34" HEIGHT="75" STYLEREFS="font0"/><SP WIDTH="20" VPOS="2022" HPOS="1824"/><String ID="p159_w889" CONTENT="denote" HPOS="1844" VPOS="2022" WIDTH="118" HEIGHT="75" STYLEREFS="font0"/><SP WIDTH="17" VPOS="2022" HPOS="1962"/><String ID="p159_w890" CONTENT="the" HPOS="1979" VPOS="2022" WIDTH="55" HEIGHT="75" STYLEREFS="font0"/><SP WIDTH="27" VPOS="2022" HPOS="2034"/><String ID="p159_w891" CONTENT="offerings" HPOS="2061" VPOS="2022" WIDTH="153" HEIGHT="75" STYLEREFS="font0"/></TextLine><TextLine WIDTH="989" HEIGHT="75" ID="p159_t106" HPOS="1232" VPOS="2068"><String ID="p159_w892" CONTENT="made" HPOS="1232" VPOS="2068" WIDTH="92" HEIGHT="75" STYLEREFS="font0"/><SP WIDTH="17" VPOS="2068" HPOS="1324"/><String ID="p159_w893" CONTENT="at" HPOS="1341" VPOS="2068" WIDTH="32" HEIGHT="75" STYLEREFS="font0"/><SP WIDTH="17" VPOS="2068" HPOS="1373"/><String ID="p159_w894" CONTENT="the" HPOS="1390" VPOS="2068" WIDTH="55" HEIGHT="75" STYLEREFS="font0"/><SP WIDTH="16" VPOS="2068" HPOS="1445"/><String ID="p159_w895" CONTENT="altar," HPOS="1461" VPOS="2068" WIDTH="92" HEIGHT="75" STYLEREFS="font0"/><SP WIDTH="25" VPOS="2068" HPOS="1553"/><String ID="p159_w896" CONTENT="in" HPOS="1578" VPOS="2068" WIDTH="32" HEIGHT="75" STYLEREFS="font0"/><SP WIDTH="16" VPOS="2068" HPOS="1610"/><String ID="p159_w897" CONTENT="contradiflinftion" HPOS="1626" VPOS="2068" WIDTH="288" HEIGHT="75" STYLEREFS="font0"/><SP WIDTH="14" VPOS="2068" HPOS="1914"/><String ID="p159_w898" CONTENT="from" HPOS="1928" VPOS="2068" WIDTH="85" HEIGHT="75" STYLEREFS="font0"/><SP WIDTH="16" VPOS="2068" HPOS="2013"/><String ID="p159_w899" CONTENT="the" HPOS="2029" VPOS="2068" WIDTH="56" HEIGHT="75" STYLEREFS="font0"/><SP WIDTH="15" VPOS="2068" HPOS="2085"/><String ID="p159_w900" CONTENT="fettled" HPOS="2100" VPOS="2068" WIDTH="121" HEIGHT="75" STYLEREFS="font0"/></TextLine><TextLine WIDTH="389" HEIGHT="75" ID="p159_t107" HPOS="1233" VPOS="2114"><String ID="p159_w901" CONTENT="revenues" HPOS="1233" VPOS="2114" WIDTH="150" HEIGHT="75" STYLEREFS="font0"/><SP WIDTH="16" VPOS="2114" HPOS="1383"/><String ID="p159_w902" CONTENT="of" HPOS="1399" VPOS="2114" WIDTH="40" HEIGHT="75" STYLEREFS="font0"/><SP WIDTH="11" VPOS="2114" HPOS="1439"/><String ID="p159_w903" CONTENT="a" HPOS="1450" VPOS="2114" WIDTH="19" HEIGHT="75" STYLEREFS="font0"/><SP WIDTH="19" VPOS="2114" HPOS="1469"/><String ID="p159_w904" CONTENT="church." HPOS="1488" VPOS="2114" WIDTH="134" HEIGHT="75" STYLEREFS="font0"/></TextLine><TextLine WIDTH="642" HEIGHT="75" ID="p159_t108" HPOS="1185" VPOS="2161"><String ID="p159_w905" CONTENT="Altar," HPOS="1185" VPOS="2161" WIDTH="153" HEIGHT="75" STYLEREFS="font0"/><SP WIDTH="25" VPOS="2161" HPOS="1338"/><String ID="p159_w906" CONTENT="in" HPOS="1363" VPOS="2161" WIDTH="31" HEIGHT="75" STYLEREFS="font0"/><SP WIDTH="17" VPOS="2161" HPOS="1394"/><String ID="p159_w907" CONTENT="aftronom^." HPOS="1411" VPOS="2161" WIDTH="191" HEIGHT="75" STYLEREFS="font0"/><SP WIDTH="49" VPOS="2161" HPOS="1602"/><String ID="p159_w908" CONTENT="See" HPOS="1651" VPOS="2161" WIDTH="62" HEIGHT="75" STYLEREFS="font0"/><SP WIDTH="15" VPOS="2161" HPOS="1713"/><String ID="p159_w909" CONTENT="Ara," HPOS="1728" VPOS="2161" WIDTH="99" HEIGHT="75" STYLEREFS="font0"/></TextLine><TextLine WIDTH="1031" HEIGHT="75" ID="p159_t109" HPOS="1184" VPOS="2207"><String ID="p159_w910" CONTENT="ALTAR-THANE," HPOS="1184" VPOS="2207" WIDTH="371" HEIGHT="75" STYLEREFS="font0"/><SP WIDTH="25" VPOS="2207" HPOS="1555"/><String ID="p159_w911" CONTENT="in" HPOS="1580" VPOS="2207" WIDTH="32" HEIGHT="75" STYLEREFS="font0"/><SP WIDTH="28" VPOS="2207" HPOS="1612"/><String ID="p159_w912" CONTENT="old" HPOS="1640" VPOS="2207" WIDTH="55" HEIGHT="75" STYLEREFS="font0"/><SP WIDTH="19" VPOS="2207" HPOS="1695"/><String ID="p159_w913" CONTENT="law" HPOS="1714" VPOS="2207" WIDTH="62" HEIGHT="75" STYLEREFS="font0"/><SP WIDTH="27" VPOS="2207" HPOS="1776"/><String ID="p159_w914" CONTENT="books," HPOS="1803" VPOS="2207" WIDTH="114" HEIGHT="75" STYLEREFS="font0"/><SP WIDTH="33" VPOS="2207" HPOS="1917"/><String ID="p159_w915" CONTENT="an" HPOS="1950" VPOS="2207" WIDTH="39" HEIGHT="75" STYLEREFS="font0"/><SP WIDTH="33" VPOS="2207" HPOS="1989"/><String ID="p159_w916" CONTENT="appellation" HPOS="2022" VPOS="2207" WIDTH="193" HEIGHT="75" STYLEREFS="font0"/></TextLine><TextLine WIDTH="986" HEIGHT="75" ID="p159_t110" HPOS="1231" VPOS="2254"><String ID="p159_w917" CONTENT="given" HPOS="1231" VPOS="2254" WIDTH="92" HEIGHT="75" STYLEREFS="font0"/><SP WIDTH="23" VPOS="2254" HPOS="1323"/><String ID="p159_w918" CONTENT="to" HPOS="1346" VPOS="2254" WIDTH="36" HEIGHT="75" STYLEREFS="font0"/><SP WIDTH="31" VPOS="2254" HPOS="1382"/><String ID="p159_w919" CONTENT="the" HPOS="1413" VPOS="2254" WIDTH="56" HEIGHT="75" STYLEREFS="font0"/><SP WIDTH="23" VPOS="2254" HPOS="1469"/><String ID="p159_w920" CONTENT="prieft" HPOS="1492" VPOS="2254" WIDTH="94" HEIGHT="75" STYLEREFS="font0"/><SP WIDTH="23" VPOS="2254" HPOS="1586"/><String ID="p159_w921" CONTENT="or" HPOS="1609" VPOS="2254" WIDTH="37" HEIGHT="75" STYLEREFS="font0"/><SP WIDTH="23" VPOS="2254" HPOS="1646"/><String ID="p159_w922" CONTENT="parfon" HPOS="1669" VPOS="2254" WIDTH="112" HEIGHT="75" STYLEREFS="font0"/><SP WIDTH="22" VPOS="2254" HPOS="1781"/><String ID="p159_w923" CONTENT="of" HPOS="1803" VPOS="2254" WIDTH="40" HEIGHT="75" STYLEREFS="font0"/><SP WIDTH="21" VPOS="2254" HPOS="1843"/><String ID="p159_w924" CONTENT="a" HPOS="1864" VPOS="2254" WIDTH="19" HEIGHT="75" STYLEREFS="font0"/><SP WIDTH="22" VPOS="2254" HPOS="1883"/><String ID="p159_w925" CONTENT="parifh," HPOS="1905" VPOS="2254" WIDTH="115" HEIGHT="75" STYLEREFS="font0"/><SP WIDTH="26" VPOS="2254" HPOS="2020"/><String ID="p159_w926" CONTENT="to" HPOS="2046" VPOS="2254" WIDTH="35" HEIGHT="75" STYLEREFS="font0"/><SP WIDTH="26" VPOS="2254" HPOS="2081"/><String ID="p159_w927" CONTENT="whom" HPOS="2107" VPOS="2254" WIDTH="110" HEIGHT="75" STYLEREFS="font0"/></TextLine><TextLine WIDTH="756" HEIGHT="75" ID="p159_t111" HPOS="1232" VPOS="2301"><String ID="p159_w928" CONTENT="the" HPOS="1232" VPOS="2301" WIDTH="53" HEIGHT="75" STYLEREFS="font0"/><SP WIDTH="17" VPOS="2301" HPOS="1285"/><String ID="p159_w929" CONTENT="altarage" HPOS="1302" VPOS="2301" WIDTH="139" HEIGHT="75" STYLEREFS="font0"/><SP WIDTH="15" VPOS="2301" HPOS="1441"/><String ID="p159_w930" CONTENT="belonged." HPOS="1456" VPOS="2301" WIDTH="170" HEIGHT="75" STYLEREFS="font0"/><SP WIDTH="50" VPOS="2301" HPOS="1626"/><String ID="p159_w931" CONTENT="See" HPOS="1676" VPOS="2301" WIDTH="62" HEIGHT="75" STYLEREFS="font0"/><SP WIDTH="15" VPOS="2301" HPOS="1738"/><String ID="p159_w932" CONTENT="Altarage." HPOS="1753" VPOS="2301" WIDTH="235" HEIGHT="75" STYLEREFS="font0"/></TextLine><TextLine WIDTH="1030" HEIGHT="75" ID="p159_t112" HPOS="1183" VPOS="2347"><String ID="p159_w933" CONTENT="ALTARAGE," HPOS="1183" VPOS="2347" WIDTH="286" HEIGHT="75" STYLEREFS="font0"/><SP WIDTH="25" VPOS="2347" HPOS="1469"/><String ID="p159_w934" CONTENT="in" HPOS="1494" VPOS="2347" WIDTH="32" HEIGHT="75" STYLEREFS="font0"/><SP WIDTH="16" VPOS="2347" HPOS="1526"/><String ID="p159_w935" CONTENT="law," HPOS="1542" VPOS="2347" WIDTH="73" HEIGHT="75" STYLEREFS="font0"/><SP WIDTH="26" VPOS="2347" HPOS="1615"/><String ID="p159_w936" CONTENT="altars" HPOS="1641" VPOS="2347" WIDTH="97" HEIGHT="75" STYLEREFS="font0"/><SP WIDTH="17" VPOS="2347" HPOS="1738"/><String ID="p159_w937" CONTENT="erefted" HPOS="1755" VPOS="2347" WIDTH="125" HEIGHT="75" STYLEREFS="font0"/><SP WIDTH="14" VPOS="2347" HPOS="1880"/><String ID="p159_w938" CONTENT="in" HPOS="1894" VPOS="2347" WIDTH="32" HEIGHT="75" STYLEREFS="font0"/><SP WIDTH="15" VPOS="2347" HPOS="1926"/><String ID="p159_w939" CONTENT="virtue" HPOS="1941" VPOS="2347" WIDTH="105" HEIGHT="75" STYLEREFS="font0"/><SP WIDTH="17" VPOS="2347" HPOS="2046"/><String ID="p159_w940" CONTENT="of" HPOS="2063" VPOS="2347" WIDTH="40" HEIGHT="75" STYLEREFS="font0"/><SP WIDTH="10" VPOS="2347" HPOS="2103"/><String ID="p159_w941" CONTENT="dona-" HPOS="2113" VPOS="2347" WIDTH="100" HEIGHT="75" STYLEREFS="font0"/></TextLine><TextLine WIDTH="981" HEIGHT="75" ID="p159_t113" HPOS="1232" VPOS="2394"><String ID="p159_w942" CONTENT="tions," HPOS="1232" VPOS="2394" WIDTH="96" HEIGHT="75" STYLEREFS="font0"/><SP WIDTH="14" VPOS="2394" HPOS="1328"/><String ID="p159_w943" CONTENT="'" HPOS="1342" VPOS="2394" WIDTH="8" HEIGHT="75" STYLEREFS="font0"/><String ID="p159_w944" CONTENT="before" HPOS="1350" VPOS="2394" WIDTH="113" HEIGHT="75" STYLEREFS="font0"/><SP WIDTH="34" VPOS="2394" HPOS="1463"/><String ID="p159_w945" CONTENT="the" HPOS="1497" VPOS="2394" WIDTH="55" HEIGHT="75" STYLEREFS="font0"/><SP WIDTH="32" VPOS="2394" HPOS="1552"/><String ID="p159_w946" CONTENT="Reformation," HPOS="1584" VPOS="2394" WIDTH="236" HEIGHT="75" STYLEREFS="font0"/><SP WIDTH="35" VPOS="2394" HPOS="1820"/><String ID="p159_w947" CONTENT="within" HPOS="1855" VPOS="2394" WIDTH="112" HEIGHT="75" STYLEREFS="font0"/><SP WIDTH="33" VPOS="2394" HPOS="1967"/><String ID="p159_w948" CONTENT="a" HPOS="2000" VPOS="2394" WIDTH="19" HEIGHT="75" STYLEREFS="font0"/><SP WIDTH="31" VPOS="2394" HPOS="2019"/><String ID="p159_w949" CONTENT="parochial" HPOS="2050" VPOS="2394" WIDTH="163" HEIGHT="75" STYLEREFS="font0"/></TextLine><TextLine WIDTH="980" HEIGHT="75" ID="p159_t114" HPOS="1233" VPOS="2439"><String ID="p159_w950" CONTENT="church," HPOS="1233" VPOS="2439" WIDTH="132" HEIGHT="75" STYLEREFS="font0"/><SP WIDTH="10" VPOS="2439" HPOS="1365"/><String ID="p159_w951" CONTENT="for" HPOS="1375" VPOS="2439" WIDTH="52" HEIGHT="75" STYLEREFS="font0"/><SP WIDTH="16" VPOS="2439" HPOS="1427"/><String ID="p159_w952" CONTENT="the" HPOS="1443" VPOS="2439" WIDTH="56" HEIGHT="75" STYLEREFS="font0"/><SP WIDTH="16" VPOS="2439" HPOS="1499"/><String ID="p159_w953" CONTENT="purpofe" HPOS="1515" VPOS="2439" WIDTH="133" HEIGHT="75" STYLEREFS="font0"/><SP WIDTH="13" VPOS="2439" HPOS="1648"/><String ID="p159_w954" CONTENT="offinging" HPOS="1661" VPOS="2439" WIDTH="167" HEIGHT="75" STYLEREFS="font0"/><SP WIDTH="15" VPOS="2439" HPOS="1828"/><String ID="p159_w955" CONTENT="of" HPOS="1843" VPOS="2439" WIDTH="40" HEIGHT="75" STYLEREFS="font0"/><SP WIDTH="12" VPOS="2439" HPOS="1883"/><String ID="p159_w956" CONTENT="mafs" HPOS="1895" VPOS="2439" WIDTH="78" HEIGHT="75" STYLEREFS="font0"/><SP WIDTH="18" VPOS="2439" HPOS="1973"/><String ID="p159_w957" CONTENT="for" HPOS="1991" VPOS="2439" WIDTH="52" HEIGHT="75" STYLEREFS="font0"/><SP WIDTH="16" VPOS="2439" HPOS="2043"/><String ID="p159_w958" CONTENT="deceaftd" HPOS="2059" VPOS="2439" WIDTH="154" HEIGHT="75" STYLEREFS="font0"/></TextLine><TextLine WIDTH="978" HEIGHT="75" ID="p159_t115" HPOS="1231" VPOS="2486"><String ID="p159_w959" CONTENT="friends." HPOS="1231" VPOS="2486" WIDTH="133" HEIGHT="75" STYLEREFS="font0"/><SP WIDTH="26" VPOS="2486" HPOS="1364"/><String ID="p159_w960" CONTENT="See" HPOS="1390" VPOS="2486" WIDTH="62" HEIGHT="75" STYLEREFS="font0"/><SP WIDTH="13" VPOS="2486" HPOS="1452"/><String ID="p159_w961" CONTENT="Scots" HPOS="1465" VPOS="2486" WIDTH="122" HEIGHT="75" STYLEREFS="font0"/><SP WIDTH="14" VPOS="2486" HPOS="1587"/><String ID="p159_w962" CONTENT="Law," HPOS="1601" VPOS="2486" WIDTH="104" HEIGHT="75" STYLEREFS="font0"/><SP WIDTH="114" VPOS="2486" HPOS="1705"/><String ID="p159_w963" CONTENT="Ecclefaflicalperfons." HPOS="1819" VPOS="2486" WIDTH="390" HEIGHT="75" STYLEREFS="font0"/></TextLine><TextLine WIDTH="1027" HEIGHT="75" ID="p159_t116" HPOS="1185" VPOS="2532"><String ID="p159_w964" CONTENT="Altarage" HPOS="1185" VPOS="2532" WIDTH="216" HEIGHT="75" STYLEREFS="font0"/><SP WIDTH="28" VPOS="2532" HPOS="1401"/><String ID="p159_w965" CONTENT="likewife" HPOS="1429" VPOS="2532" WIDTH="137" HEIGHT="75" STYLEREFS="font0"/><SP WIDTH="28" VPOS="2532" HPOS="1566"/><String ID="p159_w966" CONTENT="fignifies" HPOS="1594" VPOS="2532" WIDTH="132" HEIGHT="75" STYLEREFS="font0"/><SP WIDTH="26" VPOS="2532" HPOS="1726"/><String ID="p159_w967" CONTENT="the" HPOS="1752" VPOS="2532" WIDTH="54" HEIGHT="75" STYLEREFS="font0"/><SP WIDTH="23" VPOS="2532" HPOS="1806"/><String ID="p159_w968" CONTENT="profits" HPOS="1829" VPOS="2532" WIDTH="112" HEIGHT="75" STYLEREFS="font0"/><SP WIDTH="20" VPOS="2532" HPOS="1941"/><String ID="p159_w969" CONTENT="arifing" HPOS="1961" VPOS="2532" WIDTH="112" HEIGHT="75" STYLEREFS="font0"/><SP WIDTH="23" VPOS="2532" HPOS="2073"/><String ID="p159_w970" CONTENT="to" HPOS="2096" VPOS="2532" WIDTH="35" HEIGHT="75" STYLEREFS="font0"/><SP WIDTH="24" VPOS="2532" HPOS="2131"/><String ID="p159_w971" CONTENT="the" HPOS="2155" VPOS="2532" WIDTH="57" HEIGHT="75" STYLEREFS="font0"/></TextLine><TextLine WIDTH="529" HEIGHT="75" ID="p159_t117" HPOS="1230" VPOS="2579"><String ID="p159_w972" CONTENT="prieff" HPOS="1230" VPOS="2579" WIDTH="91" HEIGHT="75" STYLEREFS="font0"/><SP WIDTH="16" VPOS="2579" HPOS="1321"/><String ID="p159_w973" CONTENT="on" HPOS="1337" VPOS="2579" WIDTH="41" HEIGHT="75" STYLEREFS="font0"/><SP WIDTH="17" VPOS="2579" HPOS="1378"/><String ID="p159_w974" CONTENT="account" HPOS="1395" VPOS="2579" WIDTH="133" HEIGHT="75" STYLEREFS="font0"/><SP WIDTH="16" VPOS="2579" HPOS="1528"/><String ID="p159_w975" CONTENT="of" HPOS="1544" VPOS="2579" WIDTH="41" HEIGHT="75" STYLEREFS="font0"/><SP WIDTH="11" VPOS="2579" HPOS="1585"/><String ID="p159_w976" CONTENT="the" HPOS="1596" VPOS="2579" WIDTH="55" HEIGHT="75" STYLEREFS="font0"/><SP WIDTH="16" VPOS="2579" HPOS="1651"/><String ID="p159_w977" CONTENT="altar." HPOS="1667" VPOS="2579" WIDTH="92" HEIGHT="75" STYLEREFS="font0"/></TextLine><TextLine WIDTH="1026" HEIGHT="75" ID="p159_t118" HPOS="1181" VPOS="2627"><String ID="p159_w978" CONTENT="ALTARIST," HPOS="1181" VPOS="2627" WIDTH="262" HEIGHT="75" STYLEREFS="font0"/><SP WIDTH="24" VPOS="2627" HPOS="1443"/><String ID="p159_w979" CONTENT="the" HPOS="1467" VPOS="2627" WIDTH="56" HEIGHT="75" STYLEREFS="font0"/><SP WIDTH="27" VPOS="2627" HPOS="1523"/><String ID="p159_w980" CONTENT="fame" HPOS="1550" VPOS="2627" WIDTH="83" HEIGHT="75" STYLEREFS="font0"/><SP WIDTH="26" VPOS="2627" HPOS="1633"/><String ID="p159_w981" CONTENT="with" HPOS="1659" VPOS="2627" WIDTH="79" HEIGHT="75" STYLEREFS="font0"/><SP WIDTH="31" VPOS="2627" HPOS="1738"/><String ID="p159_w982" CONTENT="altar-thane." HPOS="1769" VPOS="2627" WIDTH="206" HEIGHT="75" STYLEREFS="font0"/><SP WIDTH="65" VPOS="2627" HPOS="1975"/><String ID="p159_w983" CONTENT="See" HPOS="2040" VPOS="2627" WIDTH="64" HEIGHT="75" STYLEREFS="font0"/><SP WIDTH="28" VPOS="2627" HPOS="2104"/><String ID="p159_w984" CONTENT="Al-" HPOS="2132" VPOS="2627" WIDTH="75" HEIGHT="75" STYLEREFS="font0"/></TextLine><TextLine WIDTH="240" HEIGHT="75" ID="p159_t119" HPOS="1231" VPOS="2674"><String ID="p159_w985" CONTENT="tar-thane." HPOS="1231" VPOS="2674" WIDTH="240" HEIGHT="75" STYLEREFS="font0"/></TextLine><TextLine WIDTH="1029" HEIGHT="75" ID="p159_t120" HPOS="1180" VPOS="2719"><String ID="p159_w986" CONTENT="ALTEA," HPOS="1180" VPOS="2719" WIDTH="181" HEIGHT="75" STYLEREFS="font0"/><SP WIDTH="26" VPOS="2719" HPOS="1361"/><String ID="p159_w987" CONTENT="a" HPOS="1387" VPOS="2719" WIDTH="18" HEIGHT="75" STYLEREFS="font0"/><SP WIDTH="23" VPOS="2719" HPOS="1405"/><String ID="p159_w988" CONTENT="fea-port" HPOS="1428" VPOS="2719" WIDTH="140" HEIGHT="75" STYLEREFS="font0"/><SP WIDTH="21" VPOS="2719" HPOS="1568"/><String ID="p159_w989" CONTENT="town" HPOS="1589" VPOS="2719" WIDTH="86" HEIGHT="75" STYLEREFS="font0"/><SP WIDTH="25" VPOS="2719" HPOS="1675"/><String ID="p159_w990" CONTENT="of" HPOS="1700" VPOS="2719" WIDTH="41" HEIGHT="75" STYLEREFS="font0"/><SP WIDTH="19" VPOS="2719" HPOS="1741"/><String ID="p159_w991" CONTENT="Spain," HPOS="1760" VPOS="2719" WIDTH="110" HEIGHT="75" STYLEREFS="font0"/><SP WIDTH="25" VPOS="2719" HPOS="1870"/><String ID="p159_w992" CONTENT="fituated" HPOS="1895" VPOS="2719" WIDTH="134" HEIGHT="75" STYLEREFS="font0"/><SP WIDTH="22" VPOS="2719" HPOS="2029"/><String ID="p159_w993" CONTENT="upon" HPOS="2051" VPOS="2719" WIDTH="86" HEIGHT="75" STYLEREFS="font0"/><SP WIDTH="15" VPOS="2719" HPOS="2137"/><String ID="p159_w994" CONTENT="the" HPOS="2152" VPOS="2719" WIDTH="57" HEIGHT="75" STYLEREFS="font0"/></TextLine><TextLine WIDTH="978" HEIGHT="75" ID="p159_t121" HPOS="1228" VPOS="2766"><String ID="p159_w995" CONTENT="Mediterranean," HPOS="1228" VPOS="2766" WIDTH="268" HEIGHT="75" STYLEREFS="font0"/><SP WIDTH="25" VPOS="2766" HPOS="1496"/><String ID="p159_w996" CONTENT="in" HPOS="1521" VPOS="2766" WIDTH="32" HEIGHT="75" STYLEREFS="font0"/><SP WIDTH="16" VPOS="2766" HPOS="1553"/><String ID="p159_w997" CONTENT="the" HPOS="1569" VPOS="2766" WIDTH="55" HEIGHT="75" STYLEREFS="font0"/><SP WIDTH="16" VPOS="2766" HPOS="1624"/><String ID="p159_w998" CONTENT="province" HPOS="1640" VPOS="2766" WIDTH="149" HEIGHT="75" STYLEREFS="font0"/><SP WIDTH="16" VPOS="2766" HPOS="1789"/><String ID="p159_w999" CONTENT="of" HPOS="1805" VPOS="2766" WIDTH="41" HEIGHT="75" STYLEREFS="font0"/><SP WIDTH="10" VPOS="2766" HPOS="1846"/><String ID="p159_w1000" CONTENT="Valencia," HPOS="1856" VPOS="2766" WIDTH="165" HEIGHT="75" STYLEREFS="font0"/><SP WIDTH="25" VPOS="2766" HPOS="2021"/><String ID="p159_w1001" CONTENT="about" HPOS="2046" VPOS="2766" WIDTH="99" HEIGHT="75" STYLEREFS="font0"/><SP WIDTH="18" VPOS="2766" HPOS="2145"/><String ID="p159_w1002" CONTENT="45" HPOS="2163" VPOS="2766" WIDTH="43" HEIGHT="75" STYLEREFS="font0"/></TextLine><TextLine WIDTH="977" HEIGHT="75" ID="p159_t122" HPOS="1228" VPOS="2813"><String ID="p159_w1003" CONTENT="miles" HPOS="1228" VPOS="2813" WIDTH="90" HEIGHT="75" STYLEREFS="font0"/><SP WIDTH="17" VPOS="2813" HPOS="1318"/><String ID="p159_w1004" CONTENT="fouth" HPOS="1335" VPOS="2813" WIDTH="91" HEIGHT="75" STYLEREFS="font0"/><SP WIDTH="18" VPOS="2813" HPOS="1426"/><String ID="p159_w1005" CONTENT="of" HPOS="1444" VPOS="2813" WIDTH="40" HEIGHT="75" STYLEREFS="font0"/><SP WIDTH="10" VPOS="2813" HPOS="1484"/><String ID="p159_w1006" CONTENT="the" HPOS="1494" VPOS="2813" WIDTH="55" HEIGHT="75" STYLEREFS="font0"/><SP WIDTH="17" VPOS="2813" HPOS="1549"/><String ID="p159_w1007" CONTENT="city" HPOS="1566" VPOS="2813" WIDTH="65" HEIGHT="75" STYLEREFS="font0"/><SP WIDTH="16" VPOS="2813" HPOS="1631"/><String ID="p159_w1008" CONTENT="Valencia," HPOS="1647" VPOS="2813" WIDTH="166" HEIGHT="75" STYLEREFS="font0"/><SP WIDTH="16" VPOS="2813" HPOS="1813"/><String ID="p159_w1009" CONTENT="W." HPOS="1829" VPOS="2813" WIDTH="64" HEIGHT="75" STYLEREFS="font0"/><SP WIDTH="15" VPOS="2813" HPOS="1893"/><String ID="p159_w1010" CONTENT="Ion." HPOS="1908" VPOS="2813" WIDTH="69" HEIGHT="75" STYLEREFS="font0"/><SP WIDTH="22" VPOS="2813" HPOS="1977"/><String ID="p159_w1011" CONTENT="\f." HPOS="1999" VPOS="2813" WIDTH="65" HEIGHT="75" STYLEREFS="font0"/><SP WIDTH="17" VPOS="2813" HPOS="2064"/><String ID="p159_w1012" CONTENT="N." HPOS="2081" VPOS="2813" WIDTH="48" HEIGHT="75" STYLEREFS="font0"/><SP WIDTH="17" VPOS="2813" HPOS="2129"/><String ID="p159_w1013" CONTENT="lat." HPOS="2146" VPOS="2813" WIDTH="59" HEIGHT="75" STYLEREFS="font0"/></TextLine><TextLine WIDTH="160" HEIGHT="75" ID="p159_t123" HPOS="1231" VPOS="2860"><String ID="p159_w1014" CONTENT="38°." HPOS="1231" VPOS="2860" WIDTH="73" HEIGHT="75" STYLEREFS="font0"/><SP WIDTH="19" VPOS="2860" HPOS="1304"/><String ID="p159_w1015" CONTENT="40'." HPOS="1323" VPOS="2860" WIDTH="68" HEIGHT="75" STYLEREFS="font0"/></TextLine><TextLine WIDTH="1027" HEIGHT="75" ID="p159_t124" HPOS="1180" VPOS="2907"><String ID="p159_w1016" CONTENT="ALTEMBURG," HPOS="1180" VPOS="2907" WIDTH="324" HEIGHT="75" STYLEREFS="font0"/><SP WIDTH="25" VPOS="2907" HPOS="1504"/><String ID="p159_w1017" CONTENT="a" HPOS="1529" VPOS="2907" WIDTH="19" HEIGHT="75" STYLEREFS="font0"/><SP WIDTH="15" VPOS="2907" HPOS="1548"/><String ID="p159_w1018" CONTENT="town" HPOS="1563" VPOS="2907" WIDTH="85" HEIGHT="75" STYLEREFS="font0"/><SP WIDTH="17" VPOS="2907" HPOS="1648"/><String ID="p159_w1019" CONTENT="of" HPOS="1665" VPOS="2907" WIDTH="41" HEIGHT="75" STYLEREFS="font0"/><SP WIDTH="9" VPOS="2907" HPOS="1706"/><String ID="p159_w1020" CONTENT="Tranfilvania," HPOS="1715" VPOS="2907" WIDTH="231" HEIGHT="75" STYLEREFS="font0"/><SP WIDTH="17" VPOS="2907" HPOS="1946"/><String ID="p159_w1021" CONTENT="fubjeft" HPOS="1963" VPOS="2907" WIDTH="120" HEIGHT="75" STYLEREFS="font0"/><SP WIDTH="15" VPOS="2907" HPOS="2083"/><String ID="p159_w1022" CONTENT="to" HPOS="2098" VPOS="2907" WIDTH="36" HEIGHT="75" STYLEREFS="font0"/><SP WIDTH="17" VPOS="2907" HPOS="2134"/><String ID="p159_w1023" CONTENT="the" HPOS="2151" VPOS="2907" WIDTH="56" HEIGHT="75" STYLEREFS="font0"/></TextLine><TextLine WIDTH="978" HEIGHT="75" ID="p159_t125" HPOS="1228" VPOS="2935"><String ID="p159_w1024" CONTENT="houfe" HPOS="1228" VPOS="2953" WIDTH="97" HEIGHT="75" STYLEREFS="font0"/><SP WIDTH="32" VPOS="2953" HPOS="1325"/><String ID="p159_w1025" CONTENT="of" HPOS="1357" VPOS="2953" WIDTH="41" HEIGHT="75" STYLEREFS="font0"/><SP WIDTH="19" VPOS="2953" HPOS="1398"/><String ID="p159_w1026" CONTENT="Aufhaa," HPOS="1417" VPOS="2953" WIDTH="143" HEIGHT="75" STYLEREFS="font0"/><SP WIDTH="21" VPOS="2953" HPOS="1560"/><String ID="p159_w1027" CONTENT="fituated" HPOS="1581" VPOS="2953" WIDTH="133" HEIGHT="75" STYLEREFS="font0"/><SP WIDTH="27" VPOS="2953" HPOS="1714"/><String ID="p159_w1028" CONTENT="in" HPOS="1741" VPOS="2953" WIDTH="32" HEIGHT="75" STYLEREFS="font0"/><SP WIDTH="26" VPOS="2953" HPOS="1773"/><String ID="p159_w1029" CONTENT="23" HPOS="1799" VPOS="2953" WIDTH="42" HEIGHT="75" STYLEREFS="font0"/><String ID="p159_w1030" CONTENT="0" HPOS="1841" VPOS="2935" WIDTH="22" HEIGHT="49" STYLEREFS="font1"/><SP WIDTH="16" VPOS="2935" HPOS="1863"/><String ID="p159_w1031" CONTENT="E." HPOS="1879" VPOS="2953" WIDTH="45" HEIGHT="75" STYLEREFS="font0"/><SP WIDTH="17" VPOS="2953" HPOS="1924"/><String ID="p159_w1032" CONTENT="long," HPOS="1941" VPOS="2953" WIDTH="89" HEIGHT="75" STYLEREFS="font0"/><SP WIDTH="25" VPOS="2953" HPOS="2030"/><String ID="p159_w1033" CONTENT="and" HPOS="2055" VPOS="2953" WIDTH="63" HEIGHT="75" STYLEREFS="font0"/><SP WIDTH="23" VPOS="2953" HPOS="2118"/><String ID="p159_w1034" CONTENT="46°" HPOS="2141" VPOS="2953" WIDTH="65" HEIGHT="75" STYLEREFS="font0"/></TextLine><TextLine WIDTH="193" HEIGHT="75" ID="p159_t126" HPOS="1227" VPOS="3003"><String ID="p159_w1035" CONTENT="25'" HPOS="1227" VPOS="3003" WIDTH="54" HEIGHT="75" STYLEREFS="font0"/><SP WIDTH="16" VPOS="3003" HPOS="1281"/><String ID="p159_w1036" CONTENT="N." HPOS="1297" VPOS="3003" WIDTH="47" HEIGHT="75" STYLEREFS="font0"/><SP WIDTH="17" VPOS="3003" HPOS="1344"/><String ID="p159_w1037" CONTENT="lat." HPOS="1361" VPOS="3003" WIDTH="59" HEIGHT="75" STYLEREFS="font0"/></TextLine><TextLine WIDTH="264" HEIGHT="75" ID="p159_t127" HPOS="1939" VPOS="3053"><String ID="p159_w1038" CONTENT="Altemburg," HPOS="1939" VPOS="3053" WIDTH="264" HEIGHT="75" STYLEREFS="font0"/></TextLine></PrintSpace></Page></Layout></alto>