<?xml version="1.0" encoding="UTF-8"?>
<alto xmlns="http://www.loc.gov/standards/alto/v3/alto.xsd"><Description><MeasurementUnit>pixel</MeasurementUnit><sourceImageInformation><fileName>./data/pdfs/c_188936619/i_144133901/188082693.23.pdf</fileName></sourceImageInformation><OCRProcessing ID="IdOcr"><ocrProcessingStep><processingDateTime>Fri Jul 12 10:37:29 2019
</processingDateTime><processingSoftware><softwareCreator>CONTRIBUTORS</softwareCreator><softwareName>pdfalto</softwareName><softwareVersion>0.1</softwareVersion></processingSoftware></ocrProcessingStep></OCRProcessing></Description><Styles><TextStyle ID="font0" FONTFAMILY="times" FONTSIZE="10.000" FONTTYPE="serif" FONTWIDTH="proportional" FONTCOLOR="#WWWWWW" FONTSTYLE=""/></Styles><Layout><Page ID="Page356" PHYSICAL_IMG_NR="356" WIDTH="2498" HEIGHT="3377"><PrintSpace><TextLine WIDTH="84" HEIGHT="75" ID="p356_t1" HPOS="173" VPOS="194"><String ID="p356_w1" CONTENT="go2" HPOS="173" VPOS="194" WIDTH="84" HEIGHT="75" STYLEREFS="font0"/></TextLine><TextLine WIDTH="494" HEIGHT="75" ID="p356_t2" HPOS="746" VPOS="194"><String ID="p356_w2" CONTENT="A" HPOS="746" VPOS="194" WIDTH="43" HEIGHT="75" STYLEREFS="font0"/><SP WIDTH="113" VPOS="194" HPOS="789"/><String ID="p356_w3" CONTENT="N" HPOS="902" VPOS="194" WIDTH="44" HEIGHT="75" STYLEREFS="font0"/><SP WIDTH="114" VPOS="194" HPOS="946"/><String ID="p356_w4" CONTENT="A" HPOS="1060" VPOS="194" WIDTH="44" HEIGHT="75" STYLEREFS="font0"/><SP WIDTH="113" VPOS="194" HPOS="1104"/><String ID="p356_w5" CONTENT="1" HPOS="1217" VPOS="194" WIDTH="23" HEIGHT="75" STYLEREFS="font0"/></TextLine><TextLine WIDTH="1043" HEIGHT="75" ID="p356_t3" HPOS="173" VPOS="261"><String ID="p356_w6" CONTENT="arytenoid" HPOS="173" VPOS="261" WIDTH="171" HEIGHT="75" STYLEREFS="font0"/><SP WIDTH="27" VPOS="261" HPOS="344"/><String ID="p356_w7" CONTENT="cartilages" HPOS="371" VPOS="261" WIDTH="169" HEIGHT="75" STYLEREFS="font0"/><SP WIDTH="27" VPOS="261" HPOS="540"/><String ID="p356_w8" CONTENT="forward," HPOS="567" VPOS="261" WIDTH="154" HEIGHT="75" STYLEREFS="font0"/><SP WIDTH="33" VPOS="261" HPOS="721"/><String ID="p356_w9" CONTENT="and" HPOS="754" VPOS="261" WIDTH="64" HEIGHT="75" STYLEREFS="font0"/><SP WIDTH="26" VPOS="261" HPOS="818"/><String ID="p356_w10" CONTENT="confequently" HPOS="844" VPOS="261" WIDTH="231" HEIGHT="75" STYLEREFS="font0"/><SP WIDTH="31" VPOS="261" HPOS="1075"/><String ID="p356_w11" CONTENT="loofen" HPOS="1106" VPOS="261" WIDTH="110" HEIGHT="75" STYLEREFS="font0"/></TextLine><TextLine WIDTH="1042" HEIGHT="75" ID="p356_t4" HPOS="173" VPOS="309"><String ID="p356_w12" CONTENT="the" HPOS="173" VPOS="309" WIDTH="58" HEIGHT="75" STYLEREFS="font0"/><SP WIDTH="16" VPOS="309" HPOS="231"/><String ID="p356_w13" CONTENT="glottis," HPOS="247" VPOS="309" WIDTH="127" HEIGHT="75" STYLEREFS="font0"/><SP WIDTH="23" VPOS="309" HPOS="374"/><String ID="p356_w14" CONTENT="and" HPOS="397" VPOS="309" WIDTH="64" HEIGHT="75" STYLEREFS="font0"/><SP WIDTH="22" VPOS="309" HPOS="461"/><String ID="p356_w15" CONTENT="render" HPOS="483" VPOS="309" WIDTH="117" HEIGHT="75" STYLEREFS="font0"/><SP WIDTH="15" VPOS="309" HPOS="600"/><String ID="p356_w16" CONTENT="it" HPOS="615" VPOS="309" WIDTH="28" HEIGHT="75" STYLEREFS="font0"/><SP WIDTH="16" VPOS="309" HPOS="643"/><String ID="p356_w17" CONTENT="capable" HPOS="659" VPOS="309" WIDTH="129" HEIGHT="75" STYLEREFS="font0"/><SP WIDTH="17" VPOS="309" HPOS="788"/><String ID="p356_w18" CONTENT="of" HPOS="805" VPOS="309" WIDTH="40" HEIGHT="75" STYLEREFS="font0"/><SP WIDTH="11" VPOS="309" HPOS="845"/><String ID="p356_w19" CONTENT="the" HPOS="856" VPOS="309" WIDTH="57" HEIGHT="75" STYLEREFS="font0"/><SP WIDTH="15" VPOS="309" HPOS="913"/><String ID="p356_w20" CONTENT="fmalleii" HPOS="928" VPOS="309" WIDTH="135" HEIGHT="75" STYLEREFS="font0"/><SP WIDTH="18" VPOS="309" HPOS="1063"/><String ID="p356_w21" CONTENT="quaver-" HPOS="1081" VPOS="309" WIDTH="134" HEIGHT="75" STYLEREFS="font0"/></TextLine><TextLine WIDTH="320" HEIGHT="75" ID="p356_t5" HPOS="175" VPOS="356"><String ID="p356_w22" CONTENT="ings" HPOS="175" VPOS="356" WIDTH="70" HEIGHT="75" STYLEREFS="font0"/><SP WIDTH="17" VPOS="356" HPOS="245"/><String ID="p356_w23" CONTENT="of" HPOS="262" VPOS="356" WIDTH="40" HEIGHT="75" STYLEREFS="font0"/><SP WIDTH="19" VPOS="356" HPOS="302"/><String ID="p356_w24" CONTENT="the" HPOS="321" VPOS="356" WIDTH="55" HEIGHT="75" STYLEREFS="font0"/><SP WIDTH="15" VPOS="356" HPOS="376"/><String ID="p356_w25" CONTENT="voice." HPOS="391" VPOS="356" WIDTH="104" HEIGHT="75" STYLEREFS="font0"/></TextLine><TextLine WIDTH="996" HEIGHT="75" ID="p356_t6" HPOS="223" VPOS="402"><String ID="p356_w26" CONTENT="The" HPOS="223" VPOS="402" WIDTH="77" HEIGHT="75" STYLEREFS="font0"/><SP WIDTH="15" VPOS="402" HPOS="300"/><String ID="p356_w27" CONTENT="arytenoidasi" HPOS="315" VPOS="402" WIDTH="208" HEIGHT="75" STYLEREFS="font0"/><SP WIDTH="28" VPOS="402" HPOS="523"/><String ID="p356_w28" CONTENT="bring" HPOS="551" VPOS="402" WIDTH="94" HEIGHT="75" STYLEREFS="font0"/><SP WIDTH="26" VPOS="402" HPOS="645"/><String ID="p356_w29" CONTENT="the" HPOS="671" VPOS="402" WIDTH="57" HEIGHT="75" STYLEREFS="font0"/><SP WIDTH="28" VPOS="402" HPOS="728"/><String ID="p356_w30" CONTENT="arytenoid" HPOS="756" VPOS="402" WIDTH="168" HEIGHT="75" STYLEREFS="font0"/><SP WIDTH="25" VPOS="402" HPOS="924"/><String ID="p356_w31" CONTENT="cartilages" HPOS="949" VPOS="402" WIDTH="169" HEIGHT="75" STYLEREFS="font0"/><SP WIDTH="18" VPOS="402" HPOS="1118"/><String ID="p356_w32" CONTENT="clofe" HPOS="1136" VPOS="402" WIDTH="83" HEIGHT="75" STYLEREFS="font0"/></TextLine><TextLine WIDTH="1043" HEIGHT="75" ID="p356_t7" HPOS="176" VPOS="448"><String ID="p356_w33" CONTENT="together," HPOS="176" VPOS="448" WIDTH="163" HEIGHT="75" STYLEREFS="font0"/><SP WIDTH="26" VPOS="448" HPOS="339"/><String ID="p356_w34" CONTENT="and" HPOS="365" VPOS="448" WIDTH="63" HEIGHT="75" STYLEREFS="font0"/><SP WIDTH="15" VPOS="448" HPOS="428"/><String ID="p356_w35" CONTENT="prefs" HPOS="443" VPOS="448" WIDTH="85" HEIGHT="75" STYLEREFS="font0"/><SP WIDTH="24" VPOS="448" HPOS="528"/><String ID="p356_w36" CONTENT="them" HPOS="552" VPOS="448" WIDTH="88" HEIGHT="75" STYLEREFS="font0"/><SP WIDTH="26" VPOS="448" HPOS="640"/><String ID="p356_w37" CONTENT="againft" HPOS="666" VPOS="448" WIDTH="117" HEIGHT="75" STYLEREFS="font0"/><SP WIDTH="22" VPOS="448" HPOS="783"/><String ID="p356_w38" CONTENT="each" HPOS="805" VPOS="448" WIDTH="78" HEIGHT="75" STYLEREFS="font0"/><SP WIDTH="17" VPOS="448" HPOS="883"/><String ID="p356_w39" CONTENT="other" HPOS="900" VPOS="448" WIDTH="95" HEIGHT="75" STYLEREFS="font0"/><SP WIDTH="14" VPOS="448" HPOS="995"/><String ID="p356_w40" CONTENT=";" HPOS="1009" VPOS="448" WIDTH="10" HEIGHT="75" STYLEREFS="font0"/><SP WIDTH="28" VPOS="448" HPOS="1019"/><String ID="p356_w41" CONTENT="and" HPOS="1047" VPOS="448" WIDTH="62" HEIGHT="75" STYLEREFS="font0"/><SP WIDTH="16" VPOS="448" HPOS="1109"/><String ID="p356_w42" CONTENT="when" HPOS="1125" VPOS="448" WIDTH="94" HEIGHT="75" STYLEREFS="font0"/></TextLine><TextLine WIDTH="1043" HEIGHT="75" ID="p356_t8" HPOS="177" VPOS="497"><String ID="p356_w43" CONTENT="the" HPOS="177" VPOS="497" WIDTH="56" HEIGHT="75" STYLEREFS="font0"/><SP WIDTH="18" VPOS="497" HPOS="233"/><String ID="p356_w44" CONTENT="cartilages" HPOS="251" VPOS="497" WIDTH="171" HEIGHT="75" STYLEREFS="font0"/><SP WIDTH="12" VPOS="497" HPOS="422"/><String ID="p356_w45" CONTENT="are" HPOS="434" VPOS="497" WIDTH="53" HEIGHT="75" STYLEREFS="font0"/><SP WIDTH="16" VPOS="497" HPOS="487"/><String ID="p356_w46" CONTENT="in" HPOS="503" VPOS="497" WIDTH="31" HEIGHT="75" STYLEREFS="font0"/><SP WIDTH="18" VPOS="497" HPOS="534"/><String ID="p356_w47" CONTENT="this" HPOS="552" VPOS="497" WIDTH="64" HEIGHT="75" STYLEREFS="font0"/><SP WIDTH="17" VPOS="497" HPOS="616"/><String ID="p356_w48" CONTENT="fituation," HPOS="633" VPOS="497" WIDTH="161" HEIGHT="75" STYLEREFS="font0"/><SP WIDTH="25" VPOS="497" HPOS="794"/><String ID="p356_w49" CONTENT="they" HPOS="819" VPOS="497" WIDTH="80" HEIGHT="75" STYLEREFS="font0"/><SP WIDTH="14" VPOS="497" HPOS="899"/><String ID="p356_w50" CONTENT="may" HPOS="913" VPOS="497" WIDTH="74" HEIGHT="75" STYLEREFS="font0"/><SP WIDTH="16" VPOS="497" HPOS="987"/><String ID="p356_w51" CONTENT="at" HPOS="1003" VPOS="497" WIDTH="34" HEIGHT="75" STYLEREFS="font0"/><SP WIDTH="22" VPOS="497" HPOS="1037"/><String ID="p356_w52" CONTENT="the" HPOS="1059" VPOS="497" WIDTH="56" HEIGHT="75" STYLEREFS="font0"/><SP WIDTH="21" VPOS="497" HPOS="1115"/><String ID="p356_w53" CONTENT="fame" HPOS="1136" VPOS="497" WIDTH="84" HEIGHT="75" STYLEREFS="font0"/></TextLine><TextLine WIDTH="1044" HEIGHT="75" ID="p356_t9" HPOS="176" VPOS="543"><String ID="p356_w54" CONTENT="time" HPOS="176" VPOS="543" WIDTH="77" HEIGHT="75" STYLEREFS="font0"/><SP WIDTH="16" VPOS="543" HPOS="253"/><String ID="p356_w55" CONTENT="be" HPOS="269" VPOS="543" WIDTH="41" HEIGHT="75" STYLEREFS="font0"/><SP WIDTH="15" VPOS="543" HPOS="310"/><String ID="p356_w56" CONTENT="inclined" HPOS="325" VPOS="543" WIDTH="139" HEIGHT="75" STYLEREFS="font0"/><SP WIDTH="16" VPOS="543" HPOS="464"/><String ID="p356_w57" CONTENT="either" HPOS="480" VPOS="543" WIDTH="103" HEIGHT="75" STYLEREFS="font0"/><SP WIDTH="15" VPOS="543" HPOS="583"/><String ID="p356_w58" CONTENT="forward" HPOS="598" VPOS="543" WIDTH="142" HEIGHT="75" STYLEREFS="font0"/><SP WIDTH="14" VPOS="543" HPOS="740"/><String ID="p356_w59" CONTENT="by" HPOS="754" VPOS="543" WIDTH="42" HEIGHT="75" STYLEREFS="font0"/><SP WIDTH="20" VPOS="543" HPOS="796"/><String ID="p356_w60" CONTENT="the" HPOS="816" VPOS="543" WIDTH="56" HEIGHT="75" STYLEREFS="font0"/><SP WIDTH="17" VPOS="543" HPOS="872"/><String ID="p356_w61" CONTENT="thyro-arytenoidaei," HPOS="889" VPOS="543" WIDTH="331" HEIGHT="75" STYLEREFS="font0"/></TextLine><TextLine WIDTH="1044" HEIGHT="75" ID="p356_t10" HPOS="178" VPOS="591"><String ID="p356_w62" CONTENT="or" HPOS="178" VPOS="591" WIDTH="41" HEIGHT="75" STYLEREFS="font0"/><SP WIDTH="14" VPOS="591" HPOS="219"/><String ID="p356_w63" CONTENT="backward" HPOS="233" VPOS="591" WIDTH="171" HEIGHT="75" STYLEREFS="font0"/><SP WIDTH="27" VPOS="591" HPOS="404"/><String ID="p356_w64" CONTENT="by" HPOS="431" VPOS="591" WIDTH="45" HEIGHT="75" STYLEREFS="font0"/><SP WIDTH="23" VPOS="591" HPOS="476"/><String ID="p356_w65" CONTENT="the" HPOS="499" VPOS="591" WIDTH="57" HEIGHT="75" STYLEREFS="font0"/><SP WIDTH="25" VPOS="591" HPOS="556"/><String ID="p356_w66" CONTENT="crico-arytenoidsei" HPOS="581" VPOS="591" WIDTH="311" HEIGHT="75" STYLEREFS="font0"/><SP WIDTH="26" VPOS="591" HPOS="892"/><String ID="p356_w67" CONTENT="pofteriores'" HPOS="918" VPOS="591" WIDTH="190" HEIGHT="75" STYLEREFS="font0"/><String ID="p356_w68" CONTENT="." HPOS="1108" VPOS="591" WIDTH="11" HEIGHT="75" STYLEREFS="font0"/><SP WIDTH="49" VPOS="591" HPOS="1119"/><String ID="p356_w69" CONTENT="By" HPOS="1168" VPOS="591" WIDTH="54" HEIGHT="75" STYLEREFS="font0"/></TextLine><TextLine WIDTH="1046" HEIGHT="75" ID="p356_t11" HPOS="177" VPOS="635"><String ID="p356_w70" CONTENT="this" HPOS="177" VPOS="635" WIDTH="65" HEIGHT="75" STYLEREFS="font0"/><SP WIDTH="16" VPOS="635" HPOS="242"/><String ID="p356_w71" CONTENT="means" HPOS="258" VPOS="635" WIDTH="108" HEIGHT="75" STYLEREFS="font0"/><SP WIDTH="16" VPOS="635" HPOS="366"/><String ID="p356_w72" CONTENT="the" HPOS="382" VPOS="635" WIDTH="56" HEIGHT="75" STYLEREFS="font0"/><SP WIDTH="17" VPOS="635" HPOS="438"/><String ID="p356_w73" CONTENT="glottis," HPOS="455" VPOS="635" WIDTH="126" HEIGHT="75" STYLEREFS="font0"/><SP WIDTH="26" VPOS="635" HPOS="581"/><String ID="p356_w74" CONTENT="when" HPOS="607" VPOS="635" WIDTH="92" HEIGHT="75" STYLEREFS="font0"/><SP WIDTH="18" VPOS="635" HPOS="699"/><String ID="p356_w75" CONTENT="fhut," HPOS="717" VPOS="635" WIDTH="82" HEIGHT="75" STYLEREFS="font0"/><SP WIDTH="26" VPOS="635" HPOS="799"/><String ID="p356_w76" CONTENT="may" HPOS="825" VPOS="635" WIDTH="74" HEIGHT="75" STYLEREFS="font0"/><SP WIDTH="12" VPOS="635" HPOS="899"/><String ID="p356_w77" CONTENT="be" HPOS="911" VPOS="635" WIDTH="41" HEIGHT="75" STYLEREFS="font0"/><SP WIDTH="17" VPOS="635" HPOS="952"/><String ID="p356_w78" CONTENT="either" HPOS="969" VPOS="635" WIDTH="102" HEIGHT="75" STYLEREFS="font0"/><SP WIDTH="17" VPOS="635" HPOS="1071"/><String ID="p356_w79" CONTENT="relaxed" HPOS="1088" VPOS="635" WIDTH="135" HEIGHT="75" STYLEREFS="font0"/></TextLine><TextLine WIDTH="1043" HEIGHT="75" ID="p356_t12" HPOS="179" VPOS="683"><String ID="p356_w80" CONTENT="or" HPOS="179" VPOS="683" WIDTH="39" HEIGHT="75" STYLEREFS="font0"/><SP WIDTH="10" VPOS="683" HPOS="218"/><String ID="p356_w81" CONTENT="tenfe" HPOS="228" VPOS="683" WIDTH="87" HEIGHT="75" STYLEREFS="font0"/><SP WIDTH="14" VPOS="683" HPOS="315"/><String ID="p356_w82" CONTENT=";" HPOS="329" VPOS="683" WIDTH="12" HEIGHT="75" STYLEREFS="font0"/><SP WIDTH="26" VPOS="683" HPOS="341"/><String ID="p356_w83" CONTENT="and" HPOS="367" VPOS="683" WIDTH="64" HEIGHT="75" STYLEREFS="font0"/><SP WIDTH="14" VPOS="683" HPOS="431"/><String ID="p356_w84" CONTENT="in" HPOS="445" VPOS="683" WIDTH="33" HEIGHT="75" STYLEREFS="font0"/><SP WIDTH="16" VPOS="683" HPOS="478"/><String ID="p356_w85" CONTENT="this" HPOS="494" VPOS="683" WIDTH="65" HEIGHT="75" STYLEREFS="font0"/><SP WIDTH="22" VPOS="683" HPOS="559"/><String ID="p356_w86" CONTENT="laft" HPOS="581" VPOS="683" WIDTH="58" HEIGHT="75" STYLEREFS="font0"/><SP WIDTH="13" VPOS="683" HPOS="639"/><String ID="p356_w87" CONTENT="cafe" HPOS="652" VPOS="683" WIDTH="69" HEIGHT="75" STYLEREFS="font0"/><SP WIDTH="16" VPOS="683" HPOS="721"/><String ID="p356_w88" CONTENT="it" HPOS="737" VPOS="683" WIDTH="25" HEIGHT="75" STYLEREFS="font0"/><SP WIDTH="16" VPOS="683" HPOS="762"/><String ID="p356_w89" CONTENT="is" HPOS="778" VPOS="683" WIDTH="29" HEIGHT="75" STYLEREFS="font0"/><SP WIDTH="14" VPOS="683" HPOS="807"/><String ID="p356_w90" CONTENT="intirely" HPOS="821" VPOS="683" WIDTH="131" HEIGHT="75" STYLEREFS="font0"/><SP WIDTH="14" VPOS="683" HPOS="952"/><String ID="p356_w91" CONTENT="flint," HPOS="966" VPOS="683" WIDTH="85" HEIGHT="75" STYLEREFS="font0"/><SP WIDTH="25" VPOS="683" HPOS="1051"/><String ID="p356_w92" CONTENT="as" HPOS="1076" VPOS="683" WIDTH="34" HEIGHT="75" STYLEREFS="font0"/><SP WIDTH="18" VPOS="683" HPOS="1110"/><String ID="p356_w93" CONTENT="when" HPOS="1128" VPOS="683" WIDTH="94" HEIGHT="75" STYLEREFS="font0"/></TextLine><TextLine WIDTH="618" HEIGHT="75" ID="p356_t13" HPOS="178" VPOS="729"><String ID="p356_w94" CONTENT="we" HPOS="178" VPOS="729" WIDTH="50" HEIGHT="75" STYLEREFS="font0"/><SP WIDTH="15" VPOS="729" HPOS="228"/><String ID="p356_w95" CONTENT="hold" HPOS="243" VPOS="729" WIDTH="80" HEIGHT="75" STYLEREFS="font0"/><SP WIDTH="12" VPOS="729" HPOS="323"/><String ID="p356_w96" CONTENT="in" HPOS="335" VPOS="729" WIDTH="33" HEIGHT="75" STYLEREFS="font0"/><SP WIDTH="16" VPOS="729" HPOS="368"/><String ID="p356_w97" CONTENT="oar" HPOS="384" VPOS="729" WIDTH="59" HEIGHT="75" STYLEREFS="font0"/><SP WIDTH="16" VPOS="729" HPOS="443"/><String ID="p356_w98" CONTENT="breath" HPOS="459" VPOS="729" WIDTH="112" HEIGHT="75" STYLEREFS="font0"/><SP WIDTH="17" VPOS="729" HPOS="571"/><String ID="p356_w99" CONTENT="inflraining." HPOS="588" VPOS="729" WIDTH="208" HEIGHT="75" STYLEREFS="font0"/></TextLine><TextLine WIDTH="997" HEIGHT="75" ID="p356_t14" HPOS="225" VPOS="776"><String ID="p356_w100" CONTENT="The" HPOS="225" VPOS="776" WIDTH="76" HEIGHT="75" STYLEREFS="font0"/><SP WIDTH="16" VPOS="776" HPOS="301"/><String ID="p356_w101" CONTENT="general" HPOS="317" VPOS="776" WIDTH="129" HEIGHT="75" STYLEREFS="font0"/><SP WIDTH="12" VPOS="776" HPOS="446"/><String ID="p356_w102" CONTENT="ufe" HPOS="458" VPOS="776" WIDTH="53" HEIGHT="75" STYLEREFS="font0"/><SP WIDTH="16" VPOS="776" HPOS="511"/><String ID="p356_w103" CONTENT="of" HPOS="527" VPOS="776" WIDTH="41" HEIGHT="75" STYLEREFS="font0"/><SP WIDTH="18" VPOS="776" HPOS="568"/><String ID="p356_w104" CONTENT="the" HPOS="586" VPOS="776" WIDTH="56" HEIGHT="75" STYLEREFS="font0"/><SP WIDTH="16" VPOS="776" HPOS="642"/><String ID="p356_w105" CONTENT="epiglottis" HPOS="658" VPOS="776" WIDTH="164" HEIGHT="75" STYLEREFS="font0"/><SP WIDTH="23" VPOS="776" HPOS="822"/><String ID="p356_w106" CONTENT="is" HPOS="845" VPOS="776" WIDTH="26" HEIGHT="75" STYLEREFS="font0"/><SP WIDTH="13" VPOS="776" HPOS="871"/><String ID="p356_w107" CONTENT="to" HPOS="884" VPOS="776" WIDTH="35" HEIGHT="75" STYLEREFS="font0"/><SP WIDTH="12" VPOS="776" HPOS="919"/><String ID="p356_w108" CONTENT="cover" HPOS="931" VPOS="776" WIDTH="95" HEIGHT="75" STYLEREFS="font0"/><SP WIDTH="12" VPOS="776" HPOS="1026"/><String ID="p356_w109" CONTENT="the" HPOS="1038" VPOS="776" WIDTH="56" HEIGHT="75" STYLEREFS="font0"/><SP WIDTH="16" VPOS="776" HPOS="1094"/><String ID="p356_w110" CONTENT="glottis" HPOS="1110" VPOS="776" WIDTH="112" HEIGHT="75" STYLEREFS="font0"/></TextLine><TextLine WIDTH="1044" HEIGHT="75" ID="p356_t15" HPOS="179" VPOS="822"><String ID="p356_w111" CONTENT="like" HPOS="179" VPOS="822" WIDTH="66" HEIGHT="75" STYLEREFS="font0"/><SP WIDTH="16" VPOS="822" HPOS="245"/><String ID="p356_w112" CONTENT="a" HPOS="261" VPOS="822" WIDTH="18" HEIGHT="75" STYLEREFS="font0"/><SP WIDTH="23" VPOS="822" HPOS="279"/><String ID="p356_w113" CONTENT="pent-houft," HPOS="302" VPOS="822" WIDTH="205" HEIGHT="75" STYLEREFS="font0"/><SP WIDTH="25" VPOS="822" HPOS="507"/><String ID="p356_w114" CONTENT="and" HPOS="532" VPOS="822" WIDTH="65" HEIGHT="75" STYLEREFS="font0"/><SP WIDTH="26" VPOS="822" HPOS="597"/><String ID="p356_w115" CONTENT="thereby" HPOS="623" VPOS="822" WIDTH="136" HEIGHT="75" STYLEREFS="font0"/><SP WIDTH="27" VPOS="822" HPOS="759"/><String ID="p356_w116" CONTENT="hinder" HPOS="786" VPOS="822" WIDTH="114" HEIGHT="75" STYLEREFS="font0"/><SP WIDTH="27" VPOS="822" HPOS="900"/><String ID="p356_w117" CONTENT="any" HPOS="927" VPOS="822" WIDTH="62" HEIGHT="75" STYLEREFS="font0"/><SP WIDTH="27" VPOS="822" HPOS="989"/><String ID="p356_w118" CONTENT="thing" HPOS="1016" VPOS="822" WIDTH="93" HEIGHT="75" STYLEREFS="font0"/><SP WIDTH="25" VPOS="822" HPOS="1109"/><String ID="p356_w119" CONTENT="from'" HPOS="1134" VPOS="822" WIDTH="89" HEIGHT="75" STYLEREFS="font0"/></TextLine><TextLine WIDTH="1043" HEIGHT="75" ID="p356_t16" HPOS="180" VPOS="868"><String ID="p356_w120" CONTENT="falling" HPOS="180" VPOS="868" WIDTH="114" HEIGHT="75" STYLEREFS="font0"/><SP WIDTH="16" VPOS="868" HPOS="294"/><String ID="p356_w121" CONTENT="into" HPOS="310" VPOS="868" WIDTH="70" HEIGHT="75" STYLEREFS="font0"/><SP WIDTH="27" VPOS="868" HPOS="380"/><String ID="p356_w122" CONTENT="it" HPOS="407" VPOS="868" WIDTH="27" HEIGHT="75" STYLEREFS="font0"/><SP WIDTH="26" VPOS="868" HPOS="434"/><String ID="p356_w123" CONTENT="when" HPOS="460" VPOS="868" WIDTH="94" HEIGHT="75" STYLEREFS="font0"/><SP WIDTH="26" VPOS="868" HPOS="554"/><String ID="p356_w124" CONTENT="we" HPOS="580" VPOS="868" WIDTH="49" HEIGHT="75" STYLEREFS="font0"/><SP WIDTH="17" VPOS="868" HPOS="629"/><String ID="p356_w125" CONTENT="eat" HPOS="646" VPOS="868" WIDTH="50" HEIGHT="75" STYLEREFS="font0"/><SP WIDTH="17" VPOS="868" HPOS="696"/><String ID="p356_w126" CONTENT="or" HPOS="713" VPOS="868" WIDTH="38" HEIGHT="75" STYLEREFS="font0"/><SP WIDTH="16" VPOS="868" HPOS="751"/><String ID="p356_w127" CONTENT="drink;" HPOS="767" VPOS="868" WIDTH="118" HEIGHT="75" STYLEREFS="font0"/><SP WIDTH="25" VPOS="868" HPOS="885"/><String ID="p356_w128" CONTENT="it" HPOS="910" VPOS="868" WIDTH="27" HEIGHT="75" STYLEREFS="font0"/><SP WIDTH="16" VPOS="868" HPOS="937"/><String ID="p356_w129" CONTENT="ferves" HPOS="953" VPOS="868" WIDTH="105" HEIGHT="75" STYLEREFS="font0"/><SP WIDTH="24" VPOS="868" HPOS="1058"/><String ID="p356_w130" CONTENT="likewife" HPOS="1082" VPOS="868" WIDTH="141" HEIGHT="75" STYLEREFS="font0"/></TextLine><TextLine WIDTH="1043" HEIGHT="75" ID="p356_t17" HPOS="181" VPOS="915"><String ID="p356_w131" CONTENT="to" HPOS="181" VPOS="915" WIDTH="36" HEIGHT="75" STYLEREFS="font0"/><SP WIDTH="15" VPOS="915" HPOS="217"/><String ID="p356_w132" CONTENT="hinder" HPOS="232" VPOS="915" WIDTH="117" HEIGHT="75" STYLEREFS="font0"/><SP WIDTH="17" VPOS="915" HPOS="349"/><String ID="p356_w133" CONTENT="the" HPOS="366" VPOS="915" WIDTH="55" HEIGHT="75" STYLEREFS="font0"/><SP WIDTH="17" VPOS="915" HPOS="421"/><String ID="p356_w134" CONTENT="air" HPOS="438" VPOS="915" WIDTH="46" HEIGHT="75" STYLEREFS="font0"/><SP WIDTH="17" VPOS="915" HPOS="484"/><String ID="p356_w135" CONTENT="which" HPOS="501" VPOS="915" WIDTH="105" HEIGHT="75" STYLEREFS="font0"/><SP WIDTH="18" VPOS="915" HPOS="606"/><String ID="p356_w136" CONTENT="we" HPOS="624" VPOS="915" WIDTH="48" HEIGHT="75" STYLEREFS="font0"/><SP WIDTH="23" VPOS="915" HPOS="672"/><String ID="p356_w137" CONTENT="infpire" HPOS="695" VPOS="915" WIDTH="115" HEIGHT="75" STYLEREFS="font0"/><SP WIDTH="23" VPOS="915" HPOS="810"/><String ID="p356_w138" CONTENT="from" HPOS="833" VPOS="915" WIDTH="86" HEIGHT="75" STYLEREFS="font0"/><SP WIDTH="28" VPOS="915" HPOS="919"/><String ID="p356_w139" CONTENT="rulhing" HPOS="947" VPOS="915" WIDTH="127" HEIGHT="75" STYLEREFS="font0"/><SP WIDTH="15" VPOS="915" HPOS="1074"/><String ID="p356_w140" CONTENT="dirtdlly" HPOS="1089" VPOS="915" WIDTH="135" HEIGHT="75" STYLEREFS="font0"/></TextLine><TextLine WIDTH="1041" HEIGHT="75" ID="p356_t18" HPOS="182" VPOS="962"><String ID="p356_w141" CONTENT="Upon" HPOS="182" VPOS="962" WIDTH="86" HEIGHT="75" STYLEREFS="font0"/><SP WIDTH="16" VPOS="962" HPOS="268"/><String ID="p356_w142" CONTENT="the" HPOS="284" VPOS="962" WIDTH="56" HEIGHT="75" STYLEREFS="font0"/><SP WIDTH="16" VPOS="962" HPOS="340"/><String ID="p356_w143" CONTENT="glottis," HPOS="356" VPOS="962" WIDTH="126" HEIGHT="75" STYLEREFS="font0"/><SP WIDTH="24" VPOS="962" HPOS="482"/><String ID="p356_w144" CONTENT="but" HPOS="506" VPOS="962" WIDTH="58" HEIGHT="75" STYLEREFS="font0"/><SP WIDTH="17" VPOS="962" HPOS="564"/><String ID="p356_w145" CONTENT="by" HPOS="581" VPOS="962" WIDTH="43" HEIGHT="75" STYLEREFS="font0"/><SP WIDTH="16" VPOS="962" HPOS="624"/><String ID="p356_w146" CONTENT="fplitting" HPOS="640" VPOS="962" WIDTH="144" HEIGHT="75" STYLEREFS="font0"/><SP WIDTH="22" VPOS="962" HPOS="784"/><String ID="p356_w147" CONTENT="it," HPOS="806" VPOS="962" WIDTH="38" HEIGHT="75" STYLEREFS="font0"/><SP WIDTH="26" VPOS="962" HPOS="844"/><String ID="p356_w148" CONTENT="as" HPOS="870" VPOS="962" WIDTH="34" HEIGHT="75" STYLEREFS="font0"/><SP WIDTH="23" VPOS="962" HPOS="904"/><String ID="p356_w149" CONTENT="it" HPOS="927" VPOS="962" WIDTH="27" HEIGHT="75" STYLEREFS="font0"/><SP WIDTH="23" VPOS="962" HPOS="954"/><String ID="p356_w150" CONTENT="were," HPOS="977" VPOS="962" WIDTH="99" HEIGHT="75" STYLEREFS="font0"/><SP WIDTH="24" VPOS="962" HPOS="1076"/><String ID="p356_w151" CONTENT="obliges" HPOS="1100" VPOS="962" WIDTH="123" HEIGHT="75" STYLEREFS="font0"/></TextLine><TextLine WIDTH="1042" HEIGHT="75" ID="p356_t19" HPOS="181" VPOS="1009"><String ID="p356_w152" CONTENT="it" HPOS="181" VPOS="1009" WIDTH="26" HEIGHT="75" STYLEREFS="font0"/><SP WIDTH="17" VPOS="1009" HPOS="207"/><String ID="p356_w153" CONTENT="to" HPOS="224" VPOS="1009" WIDTH="36" HEIGHT="75" STYLEREFS="font0"/><SP WIDTH="27" VPOS="1009" HPOS="260"/><String ID="p356_w154" CONTENT="enter" HPOS="287" VPOS="1009" WIDTH="91" HEIGHT="75" STYLEREFS="font0"/><SP WIDTH="24" VPOS="1009" HPOS="378"/><String ID="p356_w155" CONTENT="by" HPOS="402" VPOS="1009" WIDTH="43" HEIGHT="75" STYLEREFS="font0"/><SP WIDTH="23" VPOS="1009" HPOS="445"/><String ID="p356_w156" CONTENT="the" HPOS="468" VPOS="1009" WIDTH="56" HEIGHT="75" STYLEREFS="font0"/><SP WIDTH="26" VPOS="1009" HPOS="524"/><String ID="p356_w157" CONTENT="fides," HPOS="550" VPOS="1009" WIDTH="93" HEIGHT="75" STYLEREFS="font0"/><SP WIDTH="26" VPOS="1009" HPOS="643"/><String ID="p356_w158" CONTENT="or" HPOS="669" VPOS="1009" WIDTH="37" HEIGHT="75" STYLEREFS="font0"/><SP WIDTH="16" VPOS="1009" HPOS="706"/><String ID="p356_w159" CONTENT="in" HPOS="722" VPOS="1009" WIDTH="31" HEIGHT="75" STYLEREFS="font0"/><SP WIDTH="19" VPOS="1009" HPOS="753"/><String ID="p356_w160" CONTENT="an" HPOS="772" VPOS="1009" WIDTH="37" HEIGHT="75" STYLEREFS="font0"/><SP WIDTH="19" VPOS="1009" HPOS="809"/><String ID="p356_w161" CONTENT="oblique" HPOS="828" VPOS="1009" WIDTH="131" HEIGHT="75" STYLEREFS="font0"/><SP WIDTH="16" VPOS="1009" HPOS="959"/><String ID="p356_w162" CONTENT="courfe." HPOS="975" VPOS="1009" WIDTH="121" HEIGHT="75" STYLEREFS="font0"/><SP WIDTH="50" VPOS="1009" HPOS="1096"/><String ID="p356_w163" CONTENT="The" HPOS="1146" VPOS="1009" WIDTH="77" HEIGHT="75" STYLEREFS="font0"/></TextLine><TextLine WIDTH="1046" HEIGHT="75" ID="p356_t20" HPOS="179" VPOS="1054"><String ID="p356_w164" CONTENT="inufcles" HPOS="179" VPOS="1054" WIDTH="135" HEIGHT="75" STYLEREFS="font0"/><SP WIDTH="17" VPOS="1054" HPOS="314"/><String ID="p356_w165" CONTENT="of" HPOS="331" VPOS="1054" WIDTH="40" HEIGHT="75" STYLEREFS="font0"/><SP WIDTH="18" VPOS="1054" HPOS="371"/><String ID="p356_w166" CONTENT="the" HPOS="389" VPOS="1054" WIDTH="56" HEIGHT="75" STYLEREFS="font0"/><SP WIDTH="27" VPOS="1054" HPOS="445"/><String ID="p356_w167" CONTENT="epiglottis" HPOS="472" VPOS="1054" WIDTH="166" HEIGHT="75" STYLEREFS="font0"/><SP WIDTH="27" VPOS="1054" HPOS="638"/><String ID="p356_w168" CONTENT="do" HPOS="665" VPOS="1054" WIDTH="44" HEIGHT="75" STYLEREFS="font0"/><SP WIDTH="17" VPOS="1054" HPOS="709"/><String ID="p356_w169" CONTENT="not" HPOS="726" VPOS="1054" WIDTH="57" HEIGHT="75" STYLEREFS="font0"/><SP WIDTH="17" VPOS="1054" HPOS="783"/><String ID="p356_w170" CONTENT="appear" HPOS="800" VPOS="1054" WIDTH="115" HEIGHT="75" STYLEREFS="font0"/><SP WIDTH="17" VPOS="1054" HPOS="915"/><String ID="p356_w171" CONTENT="to" HPOS="932" VPOS="1054" WIDTH="35" HEIGHT="75" STYLEREFS="font0"/><SP WIDTH="23" VPOS="1054" HPOS="967"/><String ID="p356_w172" CONTENT="be" HPOS="990" VPOS="1054" WIDTH="41" HEIGHT="75" STYLEREFS="font0"/><SP WIDTH="16" VPOS="1054" HPOS="1031"/><String ID="p356_w173" CONTENT="abfolutely" HPOS="1047" VPOS="1054" WIDTH="178" HEIGHT="75" STYLEREFS="font0"/></TextLine><TextLine WIDTH="1044" HEIGHT="75" ID="p356_t21" HPOS="179" VPOS="1101"><String ID="p356_w174" CONTENT="neceflary" HPOS="179" VPOS="1101" WIDTH="161" HEIGHT="75" STYLEREFS="font0"/><SP WIDTH="18" VPOS="1101" HPOS="340"/><String ID="p356_w175" CONTENT="for" HPOS="358" VPOS="1101" WIDTH="49" HEIGHT="75" STYLEREFS="font0"/><SP WIDTH="13" VPOS="1101" HPOS="407"/><String ID="p356_w176" CONTENT="that" HPOS="420" VPOS="1101" WIDTH="70" HEIGHT="75" STYLEREFS="font0"/><SP WIDTH="17" VPOS="1101" HPOS="490"/><String ID="p356_w177" CONTENT="cartilage;" HPOS="507" VPOS="1101" WIDTH="173" HEIGHT="75" STYLEREFS="font0"/><SP WIDTH="28" VPOS="1101" HPOS="680"/><String ID="p356_w178" CONTENT="for" HPOS="708" VPOS="1101" WIDTH="50" HEIGHT="75" STYLEREFS="font0"/><SP WIDTH="19" VPOS="1101" HPOS="758"/><String ID="p356_w179" CONTENT="in" HPOS="777" VPOS="1101" WIDTH="32" HEIGHT="75" STYLEREFS="font0"/><SP WIDTH="16" VPOS="1101" HPOS="809"/><String ID="p356_w180" CONTENT="deglutition," HPOS="825" VPOS="1101" WIDTH="206" HEIGHT="75" STYLEREFS="font0"/><SP WIDTH="25" VPOS="1101" HPOS="1031"/><String ID="p356_w181" CONTENT="it" HPOS="1056" VPOS="1101" WIDTH="25" HEIGHT="75" STYLEREFS="font0"/><SP WIDTH="17" VPOS="1101" HPOS="1081"/><String ID="p356_w182" CONTENT="may" HPOS="1098" VPOS="1101" WIDTH="71" HEIGHT="75" STYLEREFS="font0"/><SP WIDTH="14" VPOS="1101" HPOS="1169"/><String ID="p356_w183" CONTENT="be" HPOS="1183" VPOS="1101" WIDTH="40" HEIGHT="75" STYLEREFS="font0"/></TextLine><TextLine WIDTH="1044" HEIGHT="75" ID="p356_t22" HPOS="180" VPOS="1146"><String ID="p356_w184" CONTENT="fufSciently" HPOS="180" VPOS="1146" WIDTH="191" HEIGHT="75" STYLEREFS="font0"/><SP WIDTH="16" VPOS="1146" HPOS="371"/><String ID="p356_w185" CONTENT="deprefled" HPOS="387" VPOS="1146" WIDTH="164" HEIGHT="75" STYLEREFS="font0"/><SP WIDTH="24" VPOS="1146" HPOS="551"/><String ID="p356_w186" CONTENT="by" HPOS="575" VPOS="1146" WIDTH="43" HEIGHT="75" STYLEREFS="font0"/><SP WIDTH="28" VPOS="1146" HPOS="618"/><String ID="p356_w187" CONTENT="the" HPOS="646" VPOS="1146" WIDTH="56" HEIGHT="75" STYLEREFS="font0"/><SP WIDTH="16" VPOS="1146" HPOS="702"/><String ID="p356_w188" CONTENT="bafis" HPOS="718" VPOS="1146" WIDTH="79" HEIGHT="75" STYLEREFS="font0"/><SP WIDTH="18" VPOS="1146" HPOS="797"/><String ID="p356_w189" CONTENT="of" HPOS="815" VPOS="1146" WIDTH="40" HEIGHT="75" STYLEREFS="font0"/><SP WIDTH="18" VPOS="1146" HPOS="855"/><String ID="p356_w190" CONTENT="the" HPOS="873" VPOS="1146" WIDTH="57" HEIGHT="75" STYLEREFS="font0"/><SP WIDTH="22" VPOS="1146" HPOS="930"/><String ID="p356_w191" CONTENT="tongue;" HPOS="952" VPOS="1146" WIDTH="141" HEIGHT="75" STYLEREFS="font0"/><SP WIDTH="27" VPOS="1146" HPOS="1093"/><String ID="p356_w192" CONTENT="and" HPOS="1120" VPOS="1146" WIDTH="62" HEIGHT="75" STYLEREFS="font0"/><SP WIDTH="16" VPOS="1146" HPOS="1182"/><String ID="p356_w193" CONTENT="it" HPOS="1198" VPOS="1146" WIDTH="26" HEIGHT="75" STYLEREFS="font0"/></TextLine><TextLine WIDTH="1044" HEIGHT="75" ID="p356_t23" HPOS="180" VPOS="1195"><String ID="p356_w194" CONTENT="may" HPOS="180" VPOS="1195" WIDTH="76" HEIGHT="75" STYLEREFS="font0"/><SP WIDTH="16" VPOS="1195" HPOS="256"/><String ID="p356_w195" CONTENT="raife" HPOS="272" VPOS="1195" WIDTH="79" HEIGHT="75" STYLEREFS="font0"/><SP WIDTH="14" VPOS="1195" HPOS="351"/><String ID="p356_w196" CONTENT="itfelf" HPOS="365" VPOS="1195" WIDTH="91" HEIGHT="75" STYLEREFS="font0"/><SP WIDTH="20" VPOS="1195" HPOS="456"/><String ID="p356_w197" CONTENT="again" HPOS="476" VPOS="1195" WIDTH="90" HEIGHT="75" STYLEREFS="font0"/><SP WIDTH="18" VPOS="1195" HPOS="566"/><String ID="p356_w198" CONTENT="by" HPOS="584" VPOS="1195" WIDTH="44" HEIGHT="75" STYLEREFS="font0"/><SP WIDTH="26" VPOS="1195" HPOS="628"/><String ID="p356_w199" CONTENT="its" HPOS="654" VPOS="1195" WIDTH="43" HEIGHT="75" STYLEREFS="font0"/><SP WIDTH="17" VPOS="1195" HPOS="697"/><String ID="p356_w200" CONTENT="own" HPOS="714" VPOS="1195" WIDTH="72" HEIGHT="75" STYLEREFS="font0"/><SP WIDTH="17" VPOS="1195" HPOS="786"/><String ID="p356_w201" CONTENT="elafticity." HPOS="803" VPOS="1195" WIDTH="167" HEIGHT="75" STYLEREFS="font0"/><SP WIDTH="47" VPOS="1195" HPOS="970"/><String ID="p356_w202" CONTENT="The" HPOS="1017" VPOS="1195" WIDTH="77" HEIGHT="75" STYLEREFS="font0"/><SP WIDTH="17" VPOS="1195" HPOS="1094"/><String ID="p356_w203" CONTENT="thyro-" HPOS="1111" VPOS="1195" WIDTH="113" HEIGHT="75" STYLEREFS="font0"/></TextLine><TextLine WIDTH="1044" HEIGHT="75" ID="p356_t24" HPOS="181" VPOS="1241"><String ID="p356_w204" CONTENT="epiglottici" HPOS="181" VPOS="1241" WIDTH="179" HEIGHT="75" STYLEREFS="font0"/><SP WIDTH="18" VPOS="1241" HPOS="360"/><String ID="p356_w205" CONTENT="and" HPOS="378" VPOS="1241" WIDTH="62" HEIGHT="75" STYLEREFS="font0"/><SP WIDTH="27" VPOS="1241" HPOS="440"/><String ID="p356_w206" CONTENT="aryteno-epiglottici" HPOS="467" VPOS="1241" WIDTH="327" HEIGHT="75" STYLEREFS="font0"/><SP WIDTH="22" VPOS="1241" HPOS="794"/><String ID="p356_w207" CONTENT="may" HPOS="816" VPOS="1241" WIDTH="75" HEIGHT="75" STYLEREFS="font0"/><SP WIDTH="23" VPOS="1241" HPOS="891"/><String ID="p356_w208" CONTENT="ferye" HPOS="914" VPOS="1241" WIDTH="90" HEIGHT="75" STYLEREFS="font0"/><SP WIDTH="21" VPOS="1241" HPOS="1004"/><String ID="p356_w209" CONTENT="to" HPOS="1025" VPOS="1241" WIDTH="36" HEIGHT="75" STYLEREFS="font0"/><SP WIDTH="15" VPOS="1241" HPOS="1061"/><String ID="p356_w210" CONTENT="(hut" HPOS="1076" VPOS="1241" WIDTH="70" HEIGHT="75" STYLEREFS="font0"/><SP WIDTH="17" VPOS="1241" HPOS="1146"/><String ID="p356_w211" CONTENT="any" HPOS="1163" VPOS="1241" WIDTH="62" HEIGHT="75" STYLEREFS="font0"/></TextLine><TextLine WIDTH="1044" HEIGHT="75" ID="p356_t25" HPOS="181" VPOS="1289"><String ID="p356_w212" CONTENT="lateral" HPOS="181" VPOS="1289" WIDTH="113" HEIGHT="75" STYLEREFS="font0"/><SP WIDTH="16" VPOS="1289" HPOS="294"/><String ID="p356_w213" CONTENT="openings" HPOS="310" VPOS="1289" WIDTH="155" HEIGHT="75" STYLEREFS="font0"/><SP WIDTH="17" VPOS="1289" HPOS="465"/><String ID="p356_w214" CONTENT="that" HPOS="482" VPOS="1289" WIDTH="70" HEIGHT="75" STYLEREFS="font0"/><SP WIDTH="25" VPOS="1289" HPOS="552"/><String ID="p356_w215" CONTENT="might" HPOS="577" VPOS="1289" WIDTH="104" HEIGHT="75" STYLEREFS="font0"/><SP WIDTH="18" VPOS="1289" HPOS="681"/><String ID="p356_w216" CONTENT="remain" HPOS="699" VPOS="1289" WIDTH="119" HEIGHT="75" STYLEREFS="font0"/><SP WIDTH="16" VPOS="1289" HPOS="818"/><String ID="p356_w217" CONTENT="when" HPOS="834" VPOS="1289" WIDTH="91" HEIGHT="75" STYLEREFS="font0"/><SP WIDTH="19" VPOS="1289" HPOS="925"/><String ID="p356_w218" CONTENT="the" HPOS="944" VPOS="1289" WIDTH="56" HEIGHT="75" STYLEREFS="font0"/><SP WIDTH="16" VPOS="1289" HPOS="1000"/><String ID="p356_w219" CONTENT="epiglottis" HPOS="1016" VPOS="1289" WIDTH="165" HEIGHT="75" STYLEREFS="font0"/><SP WIDTH="16" VPOS="1289" HPOS="1181"/><String ID="p356_w220" CONTENT="is" HPOS="1197" VPOS="1289" WIDTH="28" HEIGHT="75" STYLEREFS="font0"/></TextLine><TextLine WIDTH="1042" HEIGHT="75" ID="p356_t26" HPOS="183" VPOS="1334"><String ID="p356_w221" CONTENT="deprefied" HPOS="183" VPOS="1334" WIDTH="162" HEIGHT="75" STYLEREFS="font0"/><SP WIDTH="28" VPOS="1334" HPOS="345"/><String ID="p356_w222" CONTENT="by" HPOS="373" VPOS="1334" WIDTH="44" HEIGHT="75" STYLEREFS="font0"/><SP WIDTH="27" VPOS="1334" HPOS="417"/><String ID="p356_w223" CONTENT="the" HPOS="444" VPOS="1334" WIDTH="55" HEIGHT="75" STYLEREFS="font0"/><SP WIDTH="27" VPOS="1334" HPOS="499"/><String ID="p356_w224" CONTENT="bafis" HPOS="526" VPOS="1334" WIDTH="79" HEIGHT="75" STYLEREFS="font0"/><SP WIDTH="28" VPOS="1334" HPOS="605"/><String ID="p356_w225" CONTENT="of" HPOS="633" VPOS="1334" WIDTH="41" HEIGHT="75" STYLEREFS="font0"/><SP WIDTH="10" VPOS="1334" HPOS="674"/><String ID="p356_w226" CONTENT="the" HPOS="684" VPOS="1334" WIDTH="56" HEIGHT="75" STYLEREFS="font0"/><SP WIDTH="16" VPOS="1334" HPOS="740"/><String ID="p356_w227" CONTENT="tongue;" HPOS="756" VPOS="1334" WIDTH="140" HEIGHT="75" STYLEREFS="font0"/><SP WIDTH="28" VPOS="1334" HPOS="896"/><String ID="p356_w228" CONTENT="and" HPOS="924" VPOS="1334" WIDTH="64" HEIGHT="75" STYLEREFS="font0"/><SP WIDTH="16" VPOS="1334" HPOS="988"/><String ID="p356_w229" CONTENT="the" HPOS="1004" VPOS="1334" WIDTH="56" HEIGHT="75" STYLEREFS="font0"/><SP WIDTH="17" VPOS="1334" HPOS="1060"/><String ID="p356_w230" CONTENT="hyo-epi-" HPOS="1077" VPOS="1334" WIDTH="148" HEIGHT="75" STYLEREFS="font0"/></TextLine><TextLine WIDTH="1043" HEIGHT="75" ID="p356_t27" HPOS="181" VPOS="1381"><String ID="p356_w231" CONTENT="glottici" HPOS="181" VPOS="1381" WIDTH="125" HEIGHT="75" STYLEREFS="font0"/><SP WIDTH="17" VPOS="1381" HPOS="306"/><String ID="p356_w232" CONTENT="may" HPOS="323" VPOS="1381" WIDTH="74" HEIGHT="75" STYLEREFS="font0"/><SP WIDTH="15" VPOS="1381" HPOS="397"/><String ID="p356_w233" CONTENT="pull" HPOS="412" VPOS="1381" WIDTH="67" HEIGHT="75" STYLEREFS="font0"/><SP WIDTH="17" VPOS="1381" HPOS="479"/><String ID="p356_w234" CONTENT="it" HPOS="496" VPOS="1381" WIDTH="26" HEIGHT="75" STYLEREFS="font0"/><SP WIDTH="18" VPOS="1381" HPOS="522"/><String ID="p356_w235" CONTENT="a" HPOS="540" VPOS="1381" WIDTH="19" HEIGHT="75" STYLEREFS="font0"/><SP WIDTH="14" VPOS="1381" HPOS="559"/><String ID="p356_w236" CONTENT="little" HPOS="573" VPOS="1381" WIDTH="85" HEIGHT="75" STYLEREFS="font0"/><SP WIDTH="16" VPOS="1381" HPOS="658"/><String ID="p356_w237" CONTENT="forward" HPOS="674" VPOS="1381" WIDTH="143" HEIGHT="75" STYLEREFS="font0"/><SP WIDTH="18" VPOS="1381" HPOS="817"/><String ID="p356_w238" CONTENT="in" HPOS="835" VPOS="1381" WIDTH="33" HEIGHT="75" STYLEREFS="font0"/><SP WIDTH="21" VPOS="1381" HPOS="868"/><String ID="p356_w239" CONTENT="ftrong" HPOS="889" VPOS="1381" WIDTH="107" HEIGHT="75" STYLEREFS="font0"/><SP WIDTH="12" VPOS="1381" HPOS="996"/><String ID="p356_w240" CONTENT="refpirations," HPOS="1008" VPOS="1381" WIDTH="216" HEIGHT="75" STYLEREFS="font0"/></TextLine><TextLine WIDTH="510" HEIGHT="75" ID="p356_t28" HPOS="186" VPOS="1428"><String ID="p356_w241" CONTENT="as" HPOS="186" VPOS="1428" WIDTH="38" HEIGHT="75" STYLEREFS="font0"/><SP WIDTH="11" VPOS="1428" HPOS="224"/><String ID="p356_w242" CONTENT="in" HPOS="235" VPOS="1428" WIDTH="31" HEIGHT="75" STYLEREFS="font0"/><SP WIDTH="17" VPOS="1428" HPOS="266"/><String ID="p356_w243" CONTENT="fighing," HPOS="283" VPOS="1428" WIDTH="134" HEIGHT="75" STYLEREFS="font0"/><SP WIDTH="25" VPOS="1428" HPOS="417"/><String ID="p356_w244" CONTENT="yawning," HPOS="442" VPOS="1428" WIDTH="162" HEIGHT="75" STYLEREFS="font0"/><SP WIDTH="26" VPOS="1428" HPOS="604"/><String ID="p356_w245" CONTENT="6" HPOS="630" VPOS="1428" WIDTH="30" HEIGHT="75" STYLEREFS="font0"/><SP WIDTH="5" VPOS="1428" HPOS="660"/><String ID="p356_w246" CONTENT="c." HPOS="665" VPOS="1428" WIDTH="31" HEIGHT="75" STYLEREFS="font0"/></TextLine><TextLine WIDTH="434" HEIGHT="75" ID="p356_t29" HPOS="492" VPOS="1531"><String ID="p356_w247" CONTENT="The" HPOS="492" VPOS="1531" WIDTH="86" HEIGHT="75" STYLEREFS="font0"/><SP WIDTH="33" VPOS="1531" HPOS="578"/><String ID="p356_w248" CONTENT="PHARYNX." HPOS="611" VPOS="1531" WIDTH="315" HEIGHT="75" STYLEREFS="font0"/></TextLine><TextLine WIDTH="995" HEIGHT="75" ID="p356_t30" HPOS="230" VPOS="1613"><String ID="p356_w249" CONTENT="The" HPOS="230" VPOS="1613" WIDTH="77" HEIGHT="75" STYLEREFS="font0"/><SP WIDTH="17" VPOS="1613" HPOS="307"/><String ID="p356_w250" CONTENT="pharynx" HPOS="324" VPOS="1613" WIDTH="148" HEIGHT="75" STYLEREFS="font0"/><SP WIDTH="17" VPOS="1613" HPOS="472"/><String ID="p356_w251" CONTENT="is" HPOS="489" VPOS="1613" WIDTH="29" HEIGHT="75" STYLEREFS="font0"/><SP WIDTH="13" VPOS="1613" HPOS="518"/><String ID="p356_w252" CONTENT="a" HPOS="531" VPOS="1613" WIDTH="18" HEIGHT="75" STYLEREFS="font0"/><SP WIDTH="15" VPOS="1613" HPOS="549"/><String ID="p356_w253" CONTENT="mufcular" HPOS="564" VPOS="1613" WIDTH="158" HEIGHT="75" STYLEREFS="font0"/><SP WIDTH="13" VPOS="1613" HPOS="722"/><String ID="p356_w254" CONTENT="and" HPOS="735" VPOS="1613" WIDTH="60" HEIGHT="75" STYLEREFS="font0"/><SP WIDTH="13" VPOS="1613" HPOS="795"/><String ID="p356_w255" CONTENT="glandular" HPOS="808" VPOS="1613" WIDTH="168" HEIGHT="75" STYLEREFS="font0"/><SP WIDTH="9" VPOS="1613" HPOS="976"/><String ID="p356_w256" CONTENT="bag," HPOS="985" VPOS="1613" WIDTH="76" HEIGHT="75" STYLEREFS="font0"/><SP WIDTH="25" VPOS="1613" HPOS="1061"/><String ID="p356_w257" CONTENT="the" HPOS="1086" VPOS="1613" WIDTH="55" HEIGHT="75" STYLEREFS="font0"/><SP WIDTH="12" VPOS="1613" HPOS="1141"/><String ID="p356_w258" CONTENT="out-" HPOS="1153" VPOS="1613" WIDTH="72" HEIGHT="75" STYLEREFS="font0"/></TextLine><TextLine WIDTH="1041" HEIGHT="75" ID="p356_t31" HPOS="185" VPOS="1659"><String ID="p356_w259" CONTENT="er" HPOS="185" VPOS="1659" WIDTH="34" HEIGHT="75" STYLEREFS="font0"/><SP WIDTH="16" VPOS="1659" HPOS="219"/><String ID="p356_w260" CONTENT="furface" HPOS="235" VPOS="1659" WIDTH="123" HEIGHT="75" STYLEREFS="font0"/><SP WIDTH="28" VPOS="1659" HPOS="358"/><String ID="p356_w261" CONTENT="of" HPOS="386" VPOS="1659" WIDTH="41" HEIGHT="75" STYLEREFS="font0"/><SP WIDTH="18" VPOS="1659" HPOS="427"/><String ID="p356_w262" CONTENT="which" HPOS="445" VPOS="1659" WIDTH="106" HEIGHT="75" STYLEREFS="font0"/><SP WIDTH="17" VPOS="1659" HPOS="551"/><String ID="p356_w263" CONTENT="is" HPOS="568" VPOS="1659" WIDTH="28" HEIGHT="75" STYLEREFS="font0"/><SP WIDTH="23" VPOS="1659" HPOS="596"/><String ID="p356_w264" CONTENT="clofely" HPOS="619" VPOS="1659" WIDTH="118" HEIGHT="75" STYLEREFS="font0"/><SP WIDTH="12" VPOS="1659" HPOS="737"/><String ID="p356_w265" CONTENT="joined" HPOS="749" VPOS="1659" WIDTH="113" HEIGHT="75" STYLEREFS="font0"/><SP WIDTH="16" VPOS="1659" HPOS="862"/><String ID="p356_w266" CONTENT="to" HPOS="878" VPOS="1659" WIDTH="36" HEIGHT="75" STYLEREFS="font0"/><SP WIDTH="16" VPOS="1659" HPOS="914"/><String ID="p356_w267" CONTENT="the" HPOS="930" VPOS="1659" WIDTH="57" HEIGHT="75" STYLEREFS="font0"/><SP WIDTH="16" VPOS="1659" HPOS="987"/><String ID="p356_w268" CONTENT="inner" HPOS="1003" VPOS="1659" WIDTH="90" HEIGHT="75" STYLEREFS="font0"/><SP WIDTH="11" VPOS="1659" HPOS="1093"/><String ID="p356_w269" CONTENT="furface" HPOS="1104" VPOS="1659" WIDTH="122" HEIGHT="75" STYLEREFS="font0"/></TextLine><TextLine WIDTH="1037" HEIGHT="75" ID="p356_t32" HPOS="185" VPOS="1706"><String ID="p356_w270" CONTENT="of" HPOS="185" VPOS="1706" WIDTH="40" HEIGHT="75" STYLEREFS="font0"/><SP WIDTH="18" VPOS="1706" HPOS="225"/><String ID="p356_w271" CONTENT="all" HPOS="243" VPOS="1706" WIDTH="42" HEIGHT="75" STYLEREFS="font0"/><SP WIDTH="18" VPOS="1706" HPOS="285"/><String ID="p356_w272" CONTENT="that" HPOS="303" VPOS="1706" WIDTH="71" HEIGHT="75" STYLEREFS="font0"/><SP WIDTH="17" VPOS="1706" HPOS="374"/><String ID="p356_w273" CONTENT="fpace" HPOS="391" VPOS="1706" WIDTH="90" HEIGHT="75" STYLEREFS="font0"/><SP WIDTH="22" VPOS="1706" HPOS="481"/><String ID="p356_w274" CONTENT="which" HPOS="503" VPOS="1706" WIDTH="107" HEIGHT="75" STYLEREFS="font0"/><SP WIDTH="25" VPOS="1706" HPOS="610"/><String ID="p356_w275" CONTENT="is" HPOS="635" VPOS="1706" WIDTH="27" HEIGHT="75" STYLEREFS="font0"/><SP WIDTH="25" VPOS="1706" HPOS="662"/><String ID="p356_w276" CONTENT="at" HPOS="687" VPOS="1706" WIDTH="33" HEIGHT="75" STYLEREFS="font0"/><SP WIDTH="26" VPOS="1706" HPOS="720"/><String ID="p356_w277" CONTENT="the" HPOS="746" VPOS="1706" WIDTH="54" HEIGHT="75" STYLEREFS="font0"/><SP WIDTH="21" VPOS="1706" HPOS="800"/><String ID="p356_w278" CONTENT="bottom" HPOS="821" VPOS="1706" WIDTH="126" HEIGHT="75" STYLEREFS="font0"/><SP WIDTH="17" VPOS="1706" HPOS="947"/><String ID="p356_w279" CONTENT="of" HPOS="964" VPOS="1706" WIDTH="41" HEIGHT="75" STYLEREFS="font0"/><SP WIDTH="18" VPOS="1706" HPOS="1005"/><String ID="p356_w280" CONTENT="the" HPOS="1023" VPOS="1706" WIDTH="55" HEIGHT="75" STYLEREFS="font0"/><SP WIDTH="17" VPOS="1706" HPOS="1078"/><String ID="p356_w281" CONTENT="mouth," HPOS="1095" VPOS="1706" WIDTH="127" HEIGHT="75" STYLEREFS="font0"/></TextLine><TextLine WIDTH="1043" HEIGHT="75" ID="p356_t33" HPOS="183" VPOS="1752"><String ID="p356_w282" CONTENT="behind" HPOS="183" VPOS="1752" WIDTH="121" HEIGHT="75" STYLEREFS="font0"/><SP WIDTH="16" VPOS="1752" HPOS="304"/><String ID="p356_w283" CONTENT="the" HPOS="320" VPOS="1752" WIDTH="55" HEIGHT="75" STYLEREFS="font0"/><SP WIDTH="13" VPOS="1752" HPOS="375"/><String ID="p356_w284" CONTENT="poflerior" HPOS="388" VPOS="1752" WIDTH="153" HEIGHT="75" STYLEREFS="font0"/><SP WIDTH="16" VPOS="1752" HPOS="541"/><String ID="p356_w285" CONTENT="nares," HPOS="557" VPOS="1752" WIDTH="106" HEIGHT="75" STYLEREFS="font0"/><SP WIDTH="16" VPOS="1752" HPOS="663"/><String ID="p356_w286" CONTENT="uvula," HPOS="679" VPOS="1752" WIDTH="109" HEIGHT="75" STYLEREFS="font0"/><SP WIDTH="25" VPOS="1752" HPOS="788"/><String ID="p356_w287" CONTENT="and" HPOS="813" VPOS="1752" WIDTH="63" HEIGHT="75" STYLEREFS="font0"/><SP WIDTH="15" VPOS="1752" HPOS="876"/><String ID="p356_w288" CONTENT="larynx," HPOS="891" VPOS="1752" WIDTH="132" HEIGHT="75" STYLEREFS="font0"/><SP WIDTH="23" VPOS="1752" HPOS="1023"/><String ID="p356_w289" CONTENT="and" HPOS="1046" VPOS="1752" WIDTH="62" HEIGHT="75" STYLEREFS="font0"/><SP WIDTH="12" VPOS="1752" HPOS="1108"/><String ID="p356_w290" CONTENT="which" HPOS="1120" VPOS="1752" WIDTH="106" HEIGHT="75" STYLEREFS="font0"/></TextLine><TextLine WIDTH="1044" HEIGHT="75" ID="p356_t34" HPOS="184" VPOS="1799"><String ID="p356_w291" CONTENT="reaches" HPOS="184" VPOS="1799" WIDTH="129" HEIGHT="75" STYLEREFS="font0"/><SP WIDTH="22" VPOS="1799" HPOS="313"/><String ID="p356_w292" CONTENT="from" HPOS="335" VPOS="1799" WIDTH="85" HEIGHT="75" STYLEREFS="font0"/><SP WIDTH="26" VPOS="1799" HPOS="420"/><String ID="p356_w293" CONTENT="the" HPOS="446" VPOS="1799" WIDTH="55" HEIGHT="75" STYLEREFS="font0"/><SP WIDTH="25" VPOS="1799" HPOS="501"/><String ID="p356_w294" CONTENT="great" HPOS="526" VPOS="1799" WIDTH="90" HEIGHT="75" STYLEREFS="font0"/><SP WIDTH="27" VPOS="1799" HPOS="616"/><String ID="p356_w295" CONTENT="or" HPOS="643" VPOS="1799" WIDTH="38" HEIGHT="75" STYLEREFS="font0"/><SP WIDTH="25" VPOS="1799" HPOS="681"/><String ID="p356_w296" CONTENT="anterior" HPOS="706" VPOS="1799" WIDTH="140" HEIGHT="75" STYLEREFS="font0"/><SP WIDTH="24" VPOS="1799" HPOS="846"/><String ID="p356_w297" CONTENT="apophyfis" HPOS="870" VPOS="1799" WIDTH="165" HEIGHT="75" STYLEREFS="font0"/><SP WIDTH="26" VPOS="1799" HPOS="1035"/><String ID="p356_w298" CONTENT="of" HPOS="1061" VPOS="1799" WIDTH="40" HEIGHT="75" STYLEREFS="font0"/><SP WIDTH="17" VPOS="1799" HPOS="1101"/><String ID="p356_w299" CONTENT="the" HPOS="1118" VPOS="1799" WIDTH="57" HEIGHT="75" STYLEREFS="font0"/><SP WIDTH="16" VPOS="1799" HPOS="1175"/><String ID="p356_w300" CONTENT="os" HPOS="1191" VPOS="1799" WIDTH="37" HEIGHT="75" STYLEREFS="font0"/></TextLine><TextLine WIDTH="1040" HEIGHT="75" ID="p356_t35" HPOS="186" VPOS="1844"><String ID="p356_w301" CONTENT="cccipitis" HPOS="186" VPOS="1844" WIDTH="144" HEIGHT="75" STYLEREFS="font0"/><SP WIDTH="17" VPOS="1844" HPOS="330"/><String ID="p356_w302" CONTENT="all" HPOS="347" VPOS="1844" WIDTH="42" HEIGHT="75" STYLEREFS="font0"/><SP WIDTH="18" VPOS="1844" HPOS="389"/><String ID="p356_w303" CONTENT="the" HPOS="407" VPOS="1844" WIDTH="54" HEIGHT="75" STYLEREFS="font0"/><SP WIDTH="15" VPOS="1844" HPOS="461"/><String ID="p356_w304" CONTENT="way" HPOS="476" VPOS="1844" WIDTH="73" HEIGHT="75" STYLEREFS="font0"/><SP WIDTH="11" VPOS="1844" HPOS="549"/><String ID="p356_w305" CONTENT="to" HPOS="560" VPOS="1844" WIDTH="35" HEIGHT="75" STYLEREFS="font0"/><SP WIDTH="17" VPOS="1844" HPOS="595"/><String ID="p356_w306" CONTENT="the" HPOS="612" VPOS="1844" WIDTH="55" HEIGHT="75" STYLEREFS="font0"/><SP WIDTH="16" VPOS="1844" HPOS="667"/><String ID="p356_w307" CONTENT="cefophagus," HPOS="683" VPOS="1844" WIDTH="202" HEIGHT="75" STYLEREFS="font0"/><SP WIDTH="26" VPOS="1844" HPOS="885"/><String ID="p356_w308" CONTENT="which" HPOS="911" VPOS="1844" WIDTH="107" HEIGHT="75" STYLEREFS="font0"/><SP WIDTH="12" VPOS="1844" HPOS="1018"/><String ID="p356_w309" CONTENT="is" HPOS="1030" VPOS="1844" WIDTH="27" HEIGHT="75" STYLEREFS="font0"/><SP WIDTH="20" VPOS="1844" HPOS="1057"/><String ID="p356_w310" CONTENT="the" HPOS="1077" VPOS="1844" WIDTH="57" HEIGHT="75" STYLEREFS="font0"/><SP WIDTH="17" VPOS="1844" HPOS="1134"/><String ID="p356_w311" CONTENT="con-" HPOS="1151" VPOS="1844" WIDTH="75" HEIGHT="75" STYLEREFS="font0"/></TextLine><TextLine WIDTH="459" HEIGHT="75" ID="p356_t36" HPOS="187" VPOS="1892"><String ID="p356_w312" CONTENT="tinuation" HPOS="187" VPOS="1892" WIDTH="157" HEIGHT="75" STYLEREFS="font0"/><SP WIDTH="16" VPOS="1892" HPOS="344"/><String ID="p356_w313" CONTENT="of" HPOS="360" VPOS="1892" WIDTH="41" HEIGHT="75" STYLEREFS="font0"/><SP WIDTH="18" VPOS="1892" HPOS="401"/><String ID="p356_w314" CONTENT="the" HPOS="419" VPOS="1892" WIDTH="56" HEIGHT="75" STYLEREFS="font0"/><SP WIDTH="10" VPOS="1892" HPOS="475"/><String ID="p356_w315" CONTENT="pharynx." HPOS="485" VPOS="1892" WIDTH="161" HEIGHT="75" STYLEREFS="font0"/></TextLine><TextLine WIDTH="996" HEIGHT="75" ID="p356_t37" HPOS="231" VPOS="1937"><String ID="p356_w316" CONTENT="Though" HPOS="231" VPOS="1937" WIDTH="145" HEIGHT="75" STYLEREFS="font0"/><SP WIDTH="17" VPOS="1937" HPOS="376"/><String ID="p356_w317" CONTENT="almoft" HPOS="393" VPOS="1937" WIDTH="110" HEIGHT="75" STYLEREFS="font0"/><SP WIDTH="16" VPOS="1937" HPOS="503"/><String ID="p356_w318" CONTENT="all" HPOS="519" VPOS="1937" WIDTH="41" HEIGHT="75" STYLEREFS="font0"/><SP WIDTH="24" VPOS="1937" HPOS="560"/><String ID="p356_w319" CONTENT="the" HPOS="584" VPOS="1937" WIDTH="56" HEIGHT="75" STYLEREFS="font0"/><SP WIDTH="24" VPOS="1937" HPOS="640"/><String ID="p356_w320" CONTENT="mufcular" HPOS="664" VPOS="1937" WIDTH="159" HEIGHT="75" STYLEREFS="font0"/><SP WIDTH="26" VPOS="1937" HPOS="823"/><String ID="p356_w321" CONTENT="or" HPOS="849" VPOS="1937" WIDTH="38" HEIGHT="75" STYLEREFS="font0"/><SP WIDTH="23" VPOS="1937" HPOS="887"/><String ID="p356_w322" CONTENT="fleftiy" HPOS="910" VPOS="1937" WIDTH="98" HEIGHT="75" STYLEREFS="font0"/><SP WIDTH="16" VPOS="1937" HPOS="1008"/><String ID="p356_w323" CONTENT="portions" HPOS="1024" VPOS="1937" WIDTH="144" HEIGHT="75" STYLEREFS="font0"/><SP WIDTH="18" VPOS="1937" HPOS="1168"/><String ID="p356_w324" CONTENT="of" HPOS="1186" VPOS="1937" WIDTH="41" HEIGHT="75" STYLEREFS="font0"/></TextLine><TextLine WIDTH="1041" HEIGHT="75" ID="p356_t38" HPOS="186" VPOS="1984"><String ID="p356_w325" CONTENT="which" HPOS="186" VPOS="1984" WIDTH="106" HEIGHT="75" STYLEREFS="font0"/><SP WIDTH="17" VPOS="1984" HPOS="292"/><String ID="p356_w326" CONTENT="the" HPOS="309" VPOS="1984" WIDTH="57" HEIGHT="75" STYLEREFS="font0"/><SP WIDTH="15" VPOS="1984" HPOS="366"/><String ID="p356_w327" CONTENT="pharynx" HPOS="381" VPOS="1984" WIDTH="149" HEIGHT="75" STYLEREFS="font0"/><SP WIDTH="15" VPOS="1984" HPOS="530"/><String ID="p356_w328" CONTENT="is" HPOS="545" VPOS="1984" WIDTH="27" HEIGHT="75" STYLEREFS="font0"/><SP WIDTH="21" VPOS="1984" HPOS="572"/><String ID="p356_w329" CONTENT="compofed," HPOS="593" VPOS="1984" WIDTH="183" HEIGHT="75" STYLEREFS="font0"/><SP WIDTH="25" VPOS="1984" HPOS="776"/><String ID="p356_w330" CONTENT="concur" HPOS="801" VPOS="1984" WIDTH="119" HEIGHT="75" STYLEREFS="font0"/><SP WIDTH="11" VPOS="1984" HPOS="920"/><String ID="p356_w331" CONTENT="in" HPOS="931" VPOS="1984" WIDTH="33" HEIGHT="75" STYLEREFS="font0"/><SP WIDTH="18" VPOS="1984" HPOS="964"/><String ID="p356_w332" CONTENT="the" HPOS="982" VPOS="1984" WIDTH="55" HEIGHT="75" STYLEREFS="font0"/><SP WIDTH="17" VPOS="1984" HPOS="1037"/><String ID="p356_w333" CONTENT="formation" HPOS="1054" VPOS="1984" WIDTH="173" HEIGHT="75" STYLEREFS="font0"/></TextLine><TextLine WIDTH="1040" HEIGHT="75" ID="p356_t39" HPOS="187" VPOS="2031"><String ID="p356_w334" CONTENT="of" HPOS="187" VPOS="2031" WIDTH="40" HEIGHT="75" STYLEREFS="font0"/><SP WIDTH="18" VPOS="2031" HPOS="227"/><String ID="p356_w335" CONTENT="one" HPOS="245" VPOS="2031" WIDTH="61" HEIGHT="75" STYLEREFS="font0"/><SP WIDTH="17" VPOS="2031" HPOS="306"/><String ID="p356_w336" CONTENT="continued" HPOS="323" VPOS="2031" WIDTH="171" HEIGHT="75" STYLEREFS="font0"/><SP WIDTH="16" VPOS="2031" HPOS="494"/><String ID="p356_w337" CONTENT="bag" HPOS="510" VPOS="2031" WIDTH="62" HEIGHT="75" STYLEREFS="font0"/><SP WIDTH="18" VPOS="2031" HPOS="572"/><String ID="p356_w338" CONTENT="or" HPOS="590" VPOS="2031" WIDTH="37" HEIGHT="75" STYLEREFS="font0"/><SP WIDTH="13" VPOS="2031" HPOS="627"/><String ID="p356_w339" CONTENT="receptacle," HPOS="640" VPOS="2031" WIDTH="190" HEIGHT="75" STYLEREFS="font0"/><SP WIDTH="24" VPOS="2031" HPOS="830"/><String ID="p356_w340" CONTENT="they" HPOS="854" VPOS="2031" WIDTH="79" HEIGHT="75" STYLEREFS="font0"/><SP WIDTH="17" VPOS="2031" HPOS="933"/><String ID="p356_w341" CONTENT="are" HPOS="950" VPOS="2031" WIDTH="53" HEIGHT="75" STYLEREFS="font0"/><SP WIDTH="13" VPOS="2031" HPOS="1003"/><String ID="p356_w342" CONTENT="neverthelefs" HPOS="1016" VPOS="2031" WIDTH="211" HEIGHT="75" STYLEREFS="font0"/></TextLine><TextLine WIDTH="1043" HEIGHT="75" ID="p356_t40" HPOS="185" VPOS="2077"><String ID="p356_w343" CONTENT="very" HPOS="185" VPOS="2077" WIDTH="81" HEIGHT="75" STYLEREFS="font0"/><SP WIDTH="14" VPOS="2077" HPOS="266"/><String ID="p356_w344" CONTENT="diftinguifhable" HPOS="280" VPOS="2077" WIDTH="253" HEIGHT="75" STYLEREFS="font0"/><SP WIDTH="27" VPOS="2077" HPOS="533"/><String ID="p356_w345" CONTENT="from" HPOS="560" VPOS="2077" WIDTH="86" HEIGHT="75" STYLEREFS="font0"/><SP WIDTH="28" VPOS="2077" HPOS="646"/><String ID="p356_w346" CONTENT="each" HPOS="674" VPOS="2077" WIDTH="78" HEIGHT="75" STYLEREFS="font0"/><SP WIDTH="26" VPOS="2077" HPOS="752"/><String ID="p356_w347" CONTENT="other," HPOS="778" VPOS="2077" WIDTH="107" HEIGHT="75" STYLEREFS="font0"/><SP WIDTH="25" VPOS="2077" HPOS="885"/><String ID="p356_w348" CONTENT="not" HPOS="910" VPOS="2077" WIDTH="57" HEIGHT="75" STYLEREFS="font0"/><SP WIDTH="17" VPOS="2077" HPOS="967"/><String ID="p356_w349" CONTENT="only" HPOS="984" VPOS="2077" WIDTH="77" HEIGHT="75" STYLEREFS="font0"/><SP WIDTH="22" VPOS="2077" HPOS="1061"/><String ID="p356_w350" CONTENT="by" HPOS="1083" VPOS="2077" WIDTH="43" HEIGHT="75" STYLEREFS="font0"/><SP WIDTH="16" VPOS="2077" HPOS="1126"/><String ID="p356_w351" CONTENT="their" HPOS="1142" VPOS="2077" WIDTH="86" HEIGHT="75" STYLEREFS="font0"/></TextLine><TextLine WIDTH="1037" HEIGHT="75" ID="p356_t41" HPOS="188" VPOS="2123"><String ID="p356_w352" CONTENT="different" HPOS="188" VPOS="2123" WIDTH="149" HEIGHT="75" STYLEREFS="font0"/><SP WIDTH="26" VPOS="2123" HPOS="337"/><String ID="p356_w353" CONTENT="infertions," HPOS="363" VPOS="2123" WIDTH="182" HEIGHT="75" STYLEREFS="font0"/><SP WIDTH="24" VPOS="2123" HPOS="545"/><String ID="p356_w354" CONTENT="from" HPOS="569" VPOS="2123" WIDTH="85" HEIGHT="75" STYLEREFS="font0"/><SP WIDTH="17" VPOS="2123" HPOS="654"/><String ID="p356_w355" CONTENT="which" HPOS="671" VPOS="2123" WIDTH="105" HEIGHT="75" STYLEREFS="font0"/><SP WIDTH="17" VPOS="2123" HPOS="776"/><String ID="p356_w356" CONTENT="they'" HPOS="793" VPOS="2123" WIDTH="78" HEIGHT="75" STYLEREFS="font0"/><SP WIDTH="16" VPOS="2123" HPOS="871"/><String ID="p356_w357" CONTENT="have" HPOS="887" VPOS="2123" WIDTH="81" HEIGHT="75" STYLEREFS="font0"/><SP WIDTH="18" VPOS="2123" HPOS="968"/><String ID="p356_w358" CONTENT="been" HPOS="986" VPOS="2123" WIDTH="79" HEIGHT="75" STYLEREFS="font0"/><SP WIDTH="18" VPOS="2123" HPOS="1065"/><String ID="p356_w359" CONTENT="denomi-" HPOS="1083" VPOS="2123" WIDTH="142" HEIGHT="75" STYLEREFS="font0"/></TextLine><TextLine WIDTH="1041" HEIGHT="75" ID="p356_t42" HPOS="187" VPOS="2169"><String ID="p356_w360" CONTENT="nated," HPOS="187" VPOS="2169" WIDTH="111" HEIGHT="75" STYLEREFS="font0"/><SP WIDTH="23" VPOS="2169" HPOS="298"/><String ID="p356_w361" CONTENT="but" HPOS="321" VPOS="2169" WIDTH="58" HEIGHT="75" STYLEREFS="font0"/><SP WIDTH="18" VPOS="2169" HPOS="379"/><String ID="p356_w362" CONTENT="alfo" HPOS="397" VPOS="2169" WIDTH="64" HEIGHT="75" STYLEREFS="font0"/><SP WIDTH="16" VPOS="2169" HPOS="461"/><String ID="p356_w363" CONTENT="by" HPOS="477" VPOS="2169" WIDTH="44" HEIGHT="75" STYLEREFS="font0"/><SP WIDTH="16" VPOS="2169" HPOS="521"/><String ID="p356_w364" CONTENT="the" HPOS="537" VPOS="2169" WIDTH="55" HEIGHT="75" STYLEREFS="font0"/><SP WIDTH="18" VPOS="2169" HPOS="592"/><String ID="p356_w365" CONTENT="different" HPOS="610" VPOS="2169" WIDTH="149" HEIGHT="75" STYLEREFS="font0"/><SP WIDTH="20" VPOS="2169" HPOS="759"/><String ID="p356_w366" CONTENT="dire&amp;ions" HPOS="779" VPOS="2169" WIDTH="170" HEIGHT="75" STYLEREFS="font0"/><SP WIDTH="12" VPOS="2169" HPOS="949"/><String ID="p356_w367" CONTENT="of" HPOS="961" VPOS="2169" WIDTH="40" HEIGHT="75" STYLEREFS="font0"/><SP WIDTH="18" VPOS="2169" HPOS="1001"/><String ID="p356_w368" CONTENT="their" HPOS="1019" VPOS="2169" WIDTH="82" HEIGHT="75" STYLEREFS="font0"/><SP WIDTH="17" VPOS="2169" HPOS="1101"/><String ID="p356_w369" CONTENT="fibres." HPOS="1118" VPOS="2169" WIDTH="110" HEIGHT="75" STYLEREFS="font0"/></TextLine><TextLine WIDTH="1040" HEIGHT="75" ID="p356_t43" HPOS="188" VPOS="2216"><String ID="p356_w370" CONTENT="The" HPOS="188" VPOS="2216" WIDTH="77" HEIGHT="75" STYLEREFS="font0"/><SP WIDTH="17" VPOS="2216" HPOS="265"/><String ID="p356_w371" CONTENT="greateft" HPOS="282" VPOS="2216" WIDTH="135" HEIGHT="75" STYLEREFS="font0"/><SP WIDTH="15" VPOS="2216" HPOS="417"/><String ID="p356_w372" CONTENT="part" HPOS="432" VPOS="2216" WIDTH="71" HEIGHT="75" STYLEREFS="font0"/><SP WIDTH="16" VPOS="2216" HPOS="503"/><String ID="p356_w373" CONTENT="of" HPOS="519" VPOS="2216" WIDTH="41" HEIGHT="75" STYLEREFS="font0"/><SP WIDTH="10" VPOS="2216" HPOS="560"/><String ID="p356_w374" CONTENT="them" HPOS="570" VPOS="2216" WIDTH="88" HEIGHT="75" STYLEREFS="font0"/><SP WIDTH="16" VPOS="2216" HPOS="658"/><String ID="p356_w375" CONTENT="may" HPOS="674" VPOS="2216" WIDTH="73" HEIGHT="75" STYLEREFS="font0"/><SP WIDTH="28" VPOS="2216" HPOS="747"/><String ID="p356_w376" CONTENT="be" HPOS="775" VPOS="2216" WIDTH="41" HEIGHT="75" STYLEREFS="font0"/><SP WIDTH="22" VPOS="2216" HPOS="816"/><String ID="p356_w377" CONTENT="looked" HPOS="838" VPOS="2216" WIDTH="120" HEIGHT="75" STYLEREFS="font0"/><SP WIDTH="15" VPOS="2216" HPOS="958"/><String ID="p356_w378" CONTENT="upon" HPOS="973" VPOS="2216" WIDTH="85" HEIGHT="75" STYLEREFS="font0"/><SP WIDTH="23" VPOS="2216" HPOS="1058"/><String ID="p356_w379" CONTENT="as" HPOS="1081" VPOS="2216" WIDTH="34" HEIGHT="75" STYLEREFS="font0"/><SP WIDTH="23" VPOS="2216" HPOS="1115"/><String ID="p356_w380" CONTENT="diga-" HPOS="1138" VPOS="2216" WIDTH="90" HEIGHT="75" STYLEREFS="font0"/></TextLine><TextLine WIDTH="1039" HEIGHT="75" ID="p356_t44" HPOS="189" VPOS="2263"><String ID="p356_w381" CONTENT="ftric" HPOS="189" VPOS="2263" WIDTH="75" HEIGHT="75" STYLEREFS="font0"/><SP WIDTH="14" VPOS="2263" HPOS="264"/><String ID="p356_w382" CONTENT="mufcles," HPOS="278" VPOS="2263" WIDTH="145" HEIGHT="75" STYLEREFS="font0"/><SP WIDTH="28" VPOS="2263" HPOS="423"/><String ID="p356_w383" CONTENT="the" HPOS="451" VPOS="2263" WIDTH="53" HEIGHT="75" STYLEREFS="font0"/><SP WIDTH="16" VPOS="2263" HPOS="504"/><String ID="p356_w384" CONTENT="middle" HPOS="520" VPOS="2263" WIDTH="120" HEIGHT="75" STYLEREFS="font0"/><SP WIDTH="16" VPOS="2263" HPOS="640"/><String ID="p356_w385" CONTENT="tendons" HPOS="656" VPOS="2263" WIDTH="135" HEIGHT="75" STYLEREFS="font0"/><SP WIDTH="25" VPOS="2263" HPOS="791"/><String ID="p356_w386" CONTENT="of" HPOS="816" VPOS="2263" WIDTH="40" HEIGHT="75" STYLEREFS="font0"/><SP WIDTH="18" VPOS="2263" HPOS="856"/><String ID="p356_w387" CONTENT="which" HPOS="874" VPOS="2263" WIDTH="106" HEIGHT="75" STYLEREFS="font0"/><SP WIDTH="17" VPOS="2263" HPOS="980"/><String ID="p356_w388" CONTENT="lie" HPOS="997" VPOS="2263" WIDTH="42" HEIGHT="75" STYLEREFS="font0"/><SP WIDTH="17" VPOS="2263" HPOS="1039"/><String ID="p356_w389" CONTENT="backward" HPOS="1056" VPOS="2263" WIDTH="172" HEIGHT="75" STYLEREFS="font0"/></TextLine><TextLine WIDTH="1041" HEIGHT="75" ID="p356_t45" HPOS="189" VPOS="2309"><String ID="p356_w390" CONTENT="in" HPOS="189" VPOS="2309" WIDTH="33" HEIGHT="75" STYLEREFS="font0"/><SP WIDTH="17" VPOS="2309" HPOS="222"/><String ID="p356_w391" CONTENT="one" HPOS="239" VPOS="2309" WIDTH="60" HEIGHT="75" STYLEREFS="font0"/><SP WIDTH="27" VPOS="2309" HPOS="299"/><String ID="p356_w392" CONTENT="longitudinal" HPOS="326" VPOS="2309" WIDTH="211" HEIGHT="75" STYLEREFS="font0"/><SP WIDTH="25" VPOS="2309" HPOS="537"/><String ID="p356_w393" CONTENT="line," HPOS="562" VPOS="2309" WIDTH="76" HEIGHT="75" STYLEREFS="font0"/><SP WIDTH="27" VPOS="2309" HPOS="638"/><String ID="p356_w394" CONTENT="which" HPOS="665" VPOS="2309" WIDTH="105" HEIGHT="75" STYLEREFS="font0"/><SP WIDTH="25" VPOS="2309" HPOS="770"/><String ID="p356_w395" CONTENT="in" HPOS="795" VPOS="2309" WIDTH="33" HEIGHT="75" STYLEREFS="font0"/><SP WIDTH="16" VPOS="2309" HPOS="828"/><String ID="p356_w396" CONTENT="fome" HPOS="844" VPOS="2309" WIDTH="86" HEIGHT="75" STYLEREFS="font0"/><SP WIDTH="15" VPOS="2309" HPOS="930"/><String ID="p356_w397" CONTENT="fubjedts" HPOS="945" VPOS="2309" WIDTH="137" HEIGHT="75" STYLEREFS="font0"/><SP WIDTH="15" VPOS="2309" HPOS="1082"/><String ID="p356_w398" CONTENT="appears" HPOS="1097" VPOS="2309" WIDTH="133" HEIGHT="75" STYLEREFS="font0"/></TextLine><TextLine WIDTH="427" HEIGHT="75" ID="p356_t46" HPOS="188" VPOS="2355"><String ID="p356_w399" CONTENT="plainly" HPOS="188" VPOS="2355" WIDTH="123" HEIGHT="75" STYLEREFS="font0"/><SP WIDTH="10" VPOS="2355" HPOS="311"/><String ID="p356_w400" CONTENT="like" HPOS="321" VPOS="2355" WIDTH="64" HEIGHT="75" STYLEREFS="font0"/><SP WIDTH="17" VPOS="2355" HPOS="385"/><String ID="p356_w401" CONTENT="alinea" HPOS="402" VPOS="2355" WIDTH="110" HEIGHT="75" STYLEREFS="font0"/><SP WIDTH="18" VPOS="2355" HPOS="512"/><String ID="p356_w402" CONTENT="alba." HPOS="530" VPOS="2355" WIDTH="85" HEIGHT="75" STYLEREFS="font0"/></TextLine><TextLine WIDTH="993" HEIGHT="75" ID="p356_t47" HPOS="237" VPOS="2402"><String ID="p356_w403" CONTENT="The" HPOS="237" VPOS="2402" WIDTH="79" HEIGHT="75" STYLEREFS="font0"/><SP WIDTH="14" VPOS="2402" HPOS="316"/><String ID="p356_w404" CONTENT="cephalo-pharyngaei" HPOS="330" VPOS="2402" WIDTH="330" HEIGHT="75" STYLEREFS="font0"/><SP WIDTH="25" VPOS="2402" HPOS="660"/><String ID="p356_w405" CONTENT="are" HPOS="685" VPOS="2402" WIDTH="54" HEIGHT="75" STYLEREFS="font0"/><SP WIDTH="26" VPOS="2402" HPOS="739"/><String ID="p356_w406" CONTENT="inferted" HPOS="765" VPOS="2402" WIDTH="138" HEIGHT="75" STYLEREFS="font0"/><SP WIDTH="26" VPOS="2402" HPOS="903"/><String ID="p356_w407" CONTENT="in" HPOS="929" VPOS="2402" WIDTH="33" HEIGHT="75" STYLEREFS="font0"/><SP WIDTH="17" VPOS="2402" HPOS="962"/><String ID="p356_w408" CONTENT="the" HPOS="979" VPOS="2402" WIDTH="56" HEIGHT="75" STYLEREFS="font0"/><SP WIDTH="16" VPOS="2402" HPOS="1035"/><String ID="p356_w409" CONTENT="lower" HPOS="1051" VPOS="2402" WIDTH="104" HEIGHT="75" STYLEREFS="font0"/><SP WIDTH="11" VPOS="2402" HPOS="1155"/><String ID="p356_w410" CONTENT="fide" HPOS="1166" VPOS="2402" WIDTH="64" HEIGHT="75" STYLEREFS="font0"/></TextLine><TextLine WIDTH="1037" HEIGHT="75" ID="p356_t48" HPOS="193" VPOS="2448"><String ID="p356_w411" CONTENT="of" HPOS="193" VPOS="2448" WIDTH="42" HEIGHT="75" STYLEREFS="font0"/><SP WIDTH="15" VPOS="2448" HPOS="235"/><String ID="p356_w412" CONTENT="the" HPOS="250" VPOS="2448" WIDTH="58" HEIGHT="75" STYLEREFS="font0"/><SP WIDTH="26" VPOS="2448" HPOS="308"/><String ID="p356_w413" CONTENT="apophyfis" HPOS="334" VPOS="2448" WIDTH="164" HEIGHT="75" STYLEREFS="font0"/><SP WIDTH="27" VPOS="2448" HPOS="498"/><String ID="p356_w414" CONTENT="bafiliaris," HPOS="525" VPOS="2448" WIDTH="164" HEIGHT="75" STYLEREFS="font0"/><SP WIDTH="26" VPOS="2448" HPOS="689"/><String ID="p356_w415" CONTENT="or" HPOS="715" VPOS="2448" WIDTH="37" HEIGHT="75" STYLEREFS="font0"/><SP WIDTH="26" VPOS="2448" HPOS="752"/><String ID="p356_w416" CONTENT="great" HPOS="778" VPOS="2448" WIDTH="91" HEIGHT="75" STYLEREFS="font0"/><SP WIDTH="23" VPOS="2448" HPOS="869"/><String ID="p356_w417" CONTENT="apophyfis" HPOS="892" VPOS="2448" WIDTH="163" HEIGHT="75" STYLEREFS="font0"/><SP WIDTH="17" VPOS="2448" HPOS="1055"/><String ID="p356_w418" CONTENT="of" HPOS="1072" VPOS="2448" WIDTH="40" HEIGHT="75" STYLEREFS="font0"/><SP WIDTH="11" VPOS="2448" HPOS="1112"/><String ID="p356_w419" CONTENT="the" HPOS="1123" VPOS="2448" WIDTH="55" HEIGHT="75" STYLEREFS="font0"/><SP WIDTH="15" VPOS="2448" HPOS="1178"/><String ID="p356_w420" CONTENT="os" HPOS="1193" VPOS="2448" WIDTH="37" HEIGHT="75" STYLEREFS="font0"/></TextLine><TextLine WIDTH="1037" HEIGHT="75" ID="p356_t49" HPOS="192" VPOS="2494"><String ID="p356_w421" CONTENT="capitis," HPOS="192" VPOS="2494" WIDTH="159" HEIGHT="75" STYLEREFS="font0"/><SP WIDTH="24" VPOS="2494" HPOS="351"/><String ID="p356_w422" CONTENT="about" HPOS="375" VPOS="2494" WIDTH="99" HEIGHT="75" STYLEREFS="font0"/><SP WIDTH="15" VPOS="2494" HPOS="474"/><String ID="p356_w423" CONTENT="the" HPOS="489" VPOS="2494" WIDTH="55" HEIGHT="75" STYLEREFS="font0"/><SP WIDTH="19" VPOS="2494" HPOS="544"/><String ID="p356_w424" CONTENT="middle" HPOS="563" VPOS="2494" WIDTH="119" HEIGHT="75" STYLEREFS="font0"/><SP WIDTH="17" VPOS="2494" HPOS="682"/><String ID="p356_w425" CONTENT="of" HPOS="699" VPOS="2494" WIDTH="39" HEIGHT="75" STYLEREFS="font0"/><SP WIDTH="20" VPOS="2494" HPOS="738"/><String ID="p356_w426" CONTENT="the" HPOS="758" VPOS="2494" WIDTH="54" HEIGHT="75" STYLEREFS="font0"/><SP WIDTH="16" VPOS="2494" HPOS="812"/><String ID="p356_w427" CONTENT="pofterior" HPOS="828" VPOS="2494" WIDTH="154" HEIGHT="75" STYLEREFS="font0"/><SP WIDTH="16" VPOS="2494" HPOS="982"/><String ID="p356_w428" CONTENT="part." HPOS="998" VPOS="2494" WIDTH="83" HEIGHT="75" STYLEREFS="font0"/><SP WIDTH="49" VPOS="2494" HPOS="1081"/><String ID="p356_w429" CONTENT="From" HPOS="1130" VPOS="2494" WIDTH="99" HEIGHT="75" STYLEREFS="font0"/></TextLine><TextLine WIDTH="1038" HEIGHT="75" ID="p356_t50" HPOS="191" VPOS="2542"><String ID="p356_w430" CONTENT="thence" HPOS="191" VPOS="2542" WIDTH="116" HEIGHT="75" STYLEREFS="font0"/><SP WIDTH="11" VPOS="2542" HPOS="307"/><String ID="p356_w431" CONTENT="they" HPOS="318" VPOS="2542" WIDTH="77" HEIGHT="75" STYLEREFS="font0"/><SP WIDTH="16" VPOS="2542" HPOS="395"/><String ID="p356_w432" CONTENT="feparate" HPOS="411" VPOS="2542" WIDTH="140" HEIGHT="75" STYLEREFS="font0"/><SP WIDTH="11" VPOS="2542" HPOS="551"/><String ID="p356_w433" CONTENT="laterally," HPOS="562" VPOS="2542" WIDTH="159" HEIGHT="75" STYLEREFS="font0"/><SP WIDTH="26" VPOS="2542" HPOS="721"/><String ID="p356_w434" CONTENT="and" HPOS="747" VPOS="2542" WIDTH="61" HEIGHT="75" STYLEREFS="font0"/><SP WIDTH="16" VPOS="2542" HPOS="808"/><String ID="p356_w435" CONTENT="fometimes" HPOS="824" VPOS="2542" WIDTH="180" HEIGHT="75" STYLEREFS="font0"/><SP WIDTH="14" VPOS="2542" HPOS="1004"/><String ID="p356_w436" CONTENT="join" HPOS="1018" VPOS="2542" WIDTH="70" HEIGHT="75" STYLEREFS="font0"/><SP WIDTH="12" VPOS="2542" HPOS="1088"/><String ID="p356_w437" CONTENT="the" HPOS="1100" VPOS="2542" WIDTH="55" HEIGHT="75" STYLEREFS="font0"/><SP WIDTH="12" VPOS="2542" HPOS="1155"/><String ID="p356_w438" CONTENT="fty-" HPOS="1167" VPOS="2542" WIDTH="62" HEIGHT="75" STYLEREFS="font0"/></TextLine><TextLine WIDTH="1039" HEIGHT="75" ID="p356_t51" HPOS="191" VPOS="2587"><String ID="p356_w439" CONTENT="fo-pharyngsei." HPOS="191" VPOS="2587" WIDTH="245" HEIGHT="75" STYLEREFS="font0"/><SP WIDTH="48" VPOS="2587" HPOS="436"/><String ID="p356_w440" CONTENT="The" HPOS="484" VPOS="2587" WIDTH="77" HEIGHT="75" STYLEREFS="font0"/><SP WIDTH="15" VPOS="2587" HPOS="561"/><String ID="p356_w441" CONTENT="linea" HPOS="576" VPOS="2587" WIDTH="83" HEIGHT="75" STYLEREFS="font0"/><SP WIDTH="17" VPOS="2587" HPOS="659"/><String ID="p356_w442" CONTENT="alba" HPOS="676" VPOS="2587" WIDTH="71" HEIGHT="75" STYLEREFS="font0"/><SP WIDTH="15" VPOS="2587" HPOS="747"/><String ID="p356_w443" CONTENT="of" HPOS="762" VPOS="2587" WIDTH="41" HEIGHT="75" STYLEREFS="font0"/><SP WIDTH="19" VPOS="2587" HPOS="803"/><String ID="p356_w444" CONTENT="the" HPOS="822" VPOS="2587" WIDTH="55" HEIGHT="75" STYLEREFS="font0"/><SP WIDTH="23" VPOS="2587" HPOS="877"/><String ID="p356_w445" CONTENT="pharynx" HPOS="900" VPOS="2587" WIDTH="147" HEIGHT="75" STYLEREFS="font0"/><SP WIDTH="17" VPOS="2587" HPOS="1047"/><String ID="p356_w446" CONTENT="begins" HPOS="1064" VPOS="2587" WIDTH="110" HEIGHT="75" STYLEREFS="font0"/><SP WIDTH="12" VPOS="2587" HPOS="1174"/><String ID="p356_w447" CONTENT="by" HPOS="1186" VPOS="2587" WIDTH="44" HEIGHT="75" STYLEREFS="font0"/></TextLine><TextLine WIDTH="685" HEIGHT="75" ID="p356_t52" HPOS="193" VPOS="2635"><String ID="p356_w448" CONTENT="the" HPOS="193" VPOS="2635" WIDTH="56" HEIGHT="75" STYLEREFS="font0"/><SP WIDTH="16" VPOS="2635" HPOS="249"/><String ID="p356_w449" CONTENT="middle" HPOS="265" VPOS="2635" WIDTH="120" HEIGHT="75" STYLEREFS="font0"/><SP WIDTH="17" VPOS="2635" HPOS="385"/><String ID="p356_w450" CONTENT="adhefion" HPOS="402" VPOS="2635" WIDTH="148" HEIGHT="75" STYLEREFS="font0"/><SP WIDTH="16" VPOS="2635" HPOS="550"/><String ID="p356_w451" CONTENT="of" HPOS="566" VPOS="2635" WIDTH="40" HEIGHT="75" STYLEREFS="font0"/><SP WIDTH="18" VPOS="2635" HPOS="606"/><String ID="p356_w452" CONTENT="thefe." HPOS="624" VPOS="2635" WIDTH="93" HEIGHT="75" STYLEREFS="font0"/><SP WIDTH="10" VPOS="2635" HPOS="717"/><String ID="p356_w453" CONTENT="mufcles." HPOS="727" VPOS="2635" WIDTH="151" HEIGHT="75" STYLEREFS="font0"/></TextLine><TextLine WIDTH="996" HEIGHT="75" ID="p356_t53" HPOS="239" VPOS="2682"><String ID="p356_w454" CONTENT="The" HPOS="239" VPOS="2682" WIDTH="77" HEIGHT="75" STYLEREFS="font0"/><SP WIDTH="17" VPOS="2682" HPOS="316"/><String ID="p356_w455" CONTENT="petro-phnryngaei'" HPOS="333" VPOS="2682" WIDTH="295" HEIGHT="75" STYLEREFS="font0"/><SP WIDTH="12" VPOS="2682" HPOS="628"/><String ID="p356_w456" CONTENT="are" HPOS="640" VPOS="2682" WIDTH="53" HEIGHT="75" STYLEREFS="font0"/><SP WIDTH="23" VPOS="2682" HPOS="693"/><String ID="p356_w457" CONTENT="inferted" HPOS="716" VPOS="2682" WIDTH="137" HEIGHT="75" STYLEREFS="font0"/><SP WIDTH="18" VPOS="2682" HPOS="853"/><String ID="p356_w458" CONTENT="in" HPOS="871" VPOS="2682" WIDTH="31" HEIGHT="75" STYLEREFS="font0"/><SP WIDTH="17" VPOS="2682" HPOS="902"/><String ID="p356_w459" CONTENT="the" HPOS="919" VPOS="2682" WIDTH="55" HEIGHT="75" STYLEREFS="font0"/><SP WIDTH="16" VPOS="2682" HPOS="974"/><String ID="p356_w460" CONTENT="lower" HPOS="990" VPOS="2682" WIDTH="100" HEIGHT="75" STYLEREFS="font0"/><SP WIDTH="16" VPOS="2682" HPOS="1090"/><String ID="p356_w461" CONTENT="part" HPOS="1106" VPOS="2682" WIDTH="71" HEIGHT="75" STYLEREFS="font0"/><SP WIDTH="17" VPOS="2682" HPOS="1177"/><String ID="p356_w462" CONTENT="of" HPOS="1194" VPOS="2682" WIDTH="41" HEIGHT="75" STYLEREFS="font0"/></TextLine><TextLine WIDTH="1033" HEIGHT="75" ID="p356_t54" HPOS="195" VPOS="2728"><String ID="p356_w463" CONTENT="the" HPOS="195" VPOS="2728" WIDTH="56" HEIGHT="75" STYLEREFS="font0"/><SP WIDTH="15" VPOS="2728" HPOS="251"/><String ID="p356_w464" CONTENT="extremity" HPOS="266" VPOS="2728" WIDTH="173" HEIGHT="75" STYLEREFS="font0"/><SP WIDTH="24" VPOS="2728" HPOS="439"/><String ID="p356_w465" CONTENT="of" HPOS="463" VPOS="2728" WIDTH="40" HEIGHT="75" STYLEREFS="font0"/><SP WIDTH="17" VPOS="2728" HPOS="503"/><String ID="p356_w466" CONTENT="the" HPOS="520" VPOS="2728" WIDTH="61" HEIGHT="75" STYLEREFS="font0"/><SP WIDTH="11" VPOS="2728" HPOS="581"/><String ID="p356_w467" CONTENT="apophyfis" HPOS="592" VPOS="2728" WIDTH="164" HEIGHT="75" STYLEREFS="font0"/><SP WIDTH="16" VPOS="2728" HPOS="756"/><String ID="p356_w468" CONTENT="petrofa;" HPOS="772" VPOS="2728" WIDTH="146" HEIGHT="75" STYLEREFS="font0"/><SP WIDTH="25" VPOS="2728" HPOS="918"/><String ID="p356_w469" CONTENT="the" HPOS="943" VPOS="2728" WIDTH="56" HEIGHT="75" STYLEREFS="font0"/><SP WIDTH="17" VPOS="2728" HPOS="999"/><String ID="p356_w470" CONTENT="fpheno-pha-" HPOS="1016" VPOS="2728" WIDTH="212" HEIGHT="75" STYLEREFS="font0"/></TextLine><TextLine WIDTH="1032" HEIGHT="75" ID="p356_t55" HPOS="196" VPOS="2774"><String ID="p356_w471" CONTENT="ryngaei," HPOS="196" VPOS="2774" WIDTH="131" HEIGHT="75" STYLEREFS="font0"/><SP WIDTH="26" VPOS="2774" HPOS="327"/><String ID="p356_w472" CONTENT="partly" HPOS="353" VPOS="2774" WIDTH="107" HEIGHT="75" STYLEREFS="font0"/><SP WIDTH="20" VPOS="2774" HPOS="460"/><String ID="p356_w473" CONTENT="in" HPOS="480" VPOS="2774" WIDTH="33" HEIGHT="75" STYLEREFS="font0"/><SP WIDTH="25" VPOS="2774" HPOS="513"/><String ID="p356_w474" CONTENT="the" HPOS="538" VPOS="2774" WIDTH="54" HEIGHT="75" STYLEREFS="font0"/><SP WIDTH="22" VPOS="2774" HPOS="592"/><String ID="p356_w475" CONTENT="os" HPOS="614" VPOS="2774" WIDTH="37" HEIGHT="75" STYLEREFS="font0"/><SP WIDTH="23" VPOS="2774" HPOS="651"/><String ID="p356_w476" CONTENT="fphenoides," HPOS="674" VPOS="2774" WIDTH="200" HEIGHT="75" STYLEREFS="font0"/><SP WIDTH="25" VPOS="2774" HPOS="874"/><String ID="p356_w477" CONTENT="directly" HPOS="899" VPOS="2774" WIDTH="132" HEIGHT="75" STYLEREFS="font0"/><SP WIDTH="26" VPOS="2774" HPOS="1031"/><String ID="p356_w478" CONTENT="abcjve" HPOS="1057" VPOS="2774" WIDTH="99" HEIGHT="75" STYLEREFS="font0"/><SP WIDTH="18" VPOS="2774" HPOS="1156"/><String ID="p356_w479" CONTENT="the" HPOS="1174" VPOS="2774" WIDTH="54" HEIGHT="75" STYLEREFS="font0"/></TextLine><TextLine WIDTH="1032" HEIGHT="75" ID="p356_t56" HPOS="195" VPOS="2821"><String ID="p356_w480" CONTENT="internal" HPOS="195" VPOS="2821" WIDTH="139" HEIGHT="75" STYLEREFS="font0"/><SP WIDTH="15" VPOS="2821" HPOS="334"/><String ID="p356_w481" CONTENT="ala" HPOS="349" VPOS="2821" WIDTH="50" HEIGHT="75" STYLEREFS="font0"/><SP WIDTH="23" VPOS="2821" HPOS="399"/><String ID="p356_w482" CONTENT="of" HPOS="422" VPOS="2821" WIDTH="41" HEIGHT="75" STYLEREFS="font0"/><SP WIDTH="18" VPOS="2821" HPOS="463"/><String ID="p356_w483" CONTENT="the" HPOS="481" VPOS="2821" WIDTH="56" HEIGHT="75" STYLEREFS="font0"/><SP WIDTH="27" VPOS="2821" HPOS="537"/><String ID="p356_w484" CONTENT="apophyfis" HPOS="564" VPOS="2821" WIDTH="163" HEIGHT="75" STYLEREFS="font0"/><SP WIDTH="28" VPOS="2821" HPOS="727"/><String ID="p356_w485" CONTENT="pterygoides," HPOS="755" VPOS="2821" WIDTH="220" HEIGHT="75" STYLEREFS="font0"/><SP WIDTH="22" VPOS="2821" HPOS="975"/><String ID="p356_w486" CONTENT="and" HPOS="997" VPOS="2821" WIDTH="59" HEIGHT="75" STYLEREFS="font0"/><SP WIDTH="18" VPOS="2821" HPOS="1056"/><String ID="p356_w487" CONTENT="partly" HPOS="1074" VPOS="2821" WIDTH="106" HEIGHT="75" STYLEREFS="font0"/><SP WIDTH="15" VPOS="2821" HPOS="1180"/><String ID="p356_w488" CONTENT="in" HPOS="1195" VPOS="2821" WIDTH="32" HEIGHT="75" STYLEREFS="font0"/></TextLine><TextLine WIDTH="1033" HEIGHT="75" ID="p356_t57" HPOS="195" VPOS="2867"><String ID="p356_w489" CONTENT="the" HPOS="195" VPOS="2867" WIDTH="56" HEIGHT="75" STYLEREFS="font0"/><SP WIDTH="16" VPOS="2867" HPOS="251"/><String ID="p356_w490" CONTENT="neighbouring" HPOS="267" VPOS="2867" WIDTH="232" HEIGHT="75" STYLEREFS="font0"/><SP WIDTH="26" VPOS="2867" HPOS="499"/><String ID="p356_w491" CONTENT="cartilaginous" HPOS="525" VPOS="2867" WIDTH="224" HEIGHT="75" STYLEREFS="font0"/><SP WIDTH="24" VPOS="2867" HPOS="749"/><String ID="p356_w492" CONTENT="portion," HPOS="773" VPOS="2867" WIDTH="134" HEIGHT="75" STYLEREFS="font0"/><SP WIDTH="8" VPOS="2867" HPOS="907"/><String ID="p356_w493" CONTENT="of" HPOS="915" VPOS="2867" WIDTH="40" HEIGHT="75" STYLEREFS="font0"/><SP WIDTH="11" VPOS="2867" HPOS="955"/><String ID="p356_w494" CONTENT="the" HPOS="966" VPOS="2867" WIDTH="55" HEIGHT="75" STYLEREFS="font0"/><SP WIDTH="17" VPOS="2867" HPOS="1021"/><String ID="p356_w495" CONTENT="Euflachian" HPOS="1038" VPOS="2867" WIDTH="190" HEIGHT="75" STYLEREFS="font0"/></TextLine><TextLine WIDTH="1032" HEIGHT="75" ID="p356_t58" HPOS="196" VPOS="2913"><String ID="p356_w496" CONTENT="tube" HPOS="196" VPOS="2913" WIDTH="76" HEIGHT="75" STYLEREFS="font0"/><SP WIDTH="12" VPOS="2913" HPOS="272"/><String ID="p356_w497" CONTENT=";" HPOS="284" VPOS="2913" WIDTH="10" HEIGHT="75" STYLEREFS="font0"/><SP WIDTH="34" VPOS="2913" HPOS="294"/><String ID="p356_w498" CONTENT="and" HPOS="328" VPOS="2913" WIDTH="60" HEIGHT="75" STYLEREFS="font0"/><SP WIDTH="17" VPOS="2913" HPOS="388"/><String ID="p356_w499" CONTENT="." HPOS="405" VPOS="2913" WIDTH="4" HEIGHT="75" STYLEREFS="font0"/><SP WIDTH="12" VPOS="2913" HPOS="409"/><String ID="p356_w500" CONTENT="the" HPOS="421" VPOS="2913" WIDTH="55" HEIGHT="75" STYLEREFS="font0"/><SP WIDTH="28" VPOS="2913" HPOS="476"/><String ID="p356_w501" CONTENT="pterygo-pharyngxi," HPOS="504" VPOS="2913" WIDTH="344" HEIGHT="75" STYLEREFS="font0"/><SP WIDTH="24" VPOS="2913" HPOS="848"/><String ID="p356_w502" CONTENT="in" HPOS="872" VPOS="2913" WIDTH="30" HEIGHT="75" STYLEREFS="font0"/><SP WIDTH="27" VPOS="2913" HPOS="902"/><String ID="p356_w503" CONTENT="the" HPOS="929" VPOS="2913" WIDTH="54" HEIGHT="75" STYLEREFS="font0"/><SP WIDTH="22" VPOS="2913" HPOS="983"/><String ID="p356_w504" CONTENT="edge" HPOS="1005" VPOS="2913" WIDTH="81" HEIGHT="75" STYLEREFS="font0"/><SP WIDTH="26" VPOS="2913" HPOS="1086"/><String ID="p356_w505" CONTENT="of" HPOS="1112" VPOS="2913" WIDTH="41" HEIGHT="75" STYLEREFS="font0"/><SP WIDTH="18" VPOS="2913" HPOS="1153"/><String ID="p356_w506" CONTENT="the" HPOS="1171" VPOS="2913" WIDTH="57" HEIGHT="75" STYLEREFS="font0"/></TextLine><TextLine WIDTH="1029" HEIGHT="75" ID="p356_t59" HPOS="197" VPOS="2960"><String ID="p356_w507" CONTENT="fame" HPOS="197" VPOS="2960" WIDTH="81" HEIGHT="75" STYLEREFS="font0"/><SP WIDTH="18" VPOS="2960" HPOS="278"/><String ID="p356_w508" CONTENT="aia" HPOS="296" VPOS="2960" WIDTH="50" HEIGHT="75" STYLEREFS="font0"/><SP WIDTH="11" VPOS="2960" HPOS="346"/><String ID="p356_w509" CONTENT="of" HPOS="357" VPOS="2960" WIDTH="40" HEIGHT="75" STYLEREFS="font0"/><SP WIDTH="17" VPOS="2960" HPOS="397"/><String ID="p356_w510" CONTENT="the" HPOS="414" VPOS="2960" WIDTH="56" HEIGHT="75" STYLEREFS="font0"/><SP WIDTH="13" VPOS="2960" HPOS="470"/><String ID="p356_w511" CONTENT="apbphyfis" HPOS="483" VPOS="2960" WIDTH="162" HEIGHT="75" STYLEREFS="font0"/><SP WIDTH="12" VPOS="2960" HPOS="645"/><String ID="p356_w512" CONTENT="pterygoides." HPOS="657" VPOS="2960" WIDTH="216" HEIGHT="75" STYLEREFS="font0"/><SP WIDTH="46" VPOS="2960" HPOS="873"/><String ID="p356_w513" CONTENT="Thefe" HPOS="919" VPOS="2960" WIDTH="109" HEIGHT="75" STYLEREFS="font0"/><SP WIDTH="12" VPOS="2960" HPOS="1028"/><String ID="p356_w514" CONTENT="three" HPOS="1040" VPOS="2960" WIDTH="92" HEIGHT="75" STYLEREFS="font0"/><SP WIDTH="11" VPOS="2960" HPOS="1132"/><String ID="p356_w515" CONTENT="muf-" HPOS="1143" VPOS="2960" WIDTH="83" HEIGHT="75" STYLEREFS="font0"/></TextLine><TextLine WIDTH="1029" HEIGHT="75" ID="p356_t60" HPOS="197" VPOS="3005"><String ID="p356_w516" CONTENT="d.ea" HPOS="197" VPOS="3005" WIDTH="66" HEIGHT="75" STYLEREFS="font0"/><SP WIDTH="15" VPOS="3005" HPOS="263"/><String ID="p356_w517" CONTENT="on," HPOS="278" VPOS="3005" WIDTH="49" HEIGHT="75" STYLEREFS="font0"/><SP WIDTH="9" VPOS="3005" HPOS="327"/><String ID="p356_w518" CONTENT="each" HPOS="336" VPOS="3005" WIDTH="77" HEIGHT="75" STYLEREFS="font0"/><SP WIDTH="16" VPOS="3005" HPOS="413"/><String ID="p356_w519" CONTENT="fide" HPOS="429" VPOS="3005" WIDTH="64" HEIGHT="75" STYLEREFS="font0"/><SP WIDTH="23" VPOS="3005" HPOS="493"/><String ID="p356_w520" CONTENT="run" HPOS="516" VPOS="3005" WIDTH="58" HEIGHT="75" STYLEREFS="font0"/><SP WIDTH="24" VPOS="3005" HPOS="574"/><String ID="p356_w521" CONTENT="obliquely" HPOS="598" VPOS="3005" WIDTH="165" HEIGHT="75" STYLEREFS="font0"/><SP WIDTH="14" VPOS="3005" HPOS="763"/><String ID="p356_w522" CONTENT="backward," HPOS="777" VPOS="3005" WIDTH="185" HEIGHT="75" STYLEREFS="font0"/><SP WIDTH="21" VPOS="3005" HPOS="962"/><String ID="p356_w523" CONTENT="covering" HPOS="983" VPOS="3005" WIDTH="155" HEIGHT="75" STYLEREFS="font0"/><SP WIDTH="10" VPOS="3005" HPOS="1138"/><String ID="p356_w524" CONTENT="each" HPOS="1148" VPOS="3005" WIDTH="78" HEIGHT="75" STYLEREFS="font0"/></TextLine><TextLine WIDTH="378" HEIGHT="75" ID="p356_t61" HPOS="1377" VPOS="187"><String ID="p356_w525" CONTENT="O" HPOS="1377" VPOS="187" WIDTH="40" HEIGHT="75" STYLEREFS="font0"/><SP WIDTH="117" VPOS="187" HPOS="1417"/><String ID="p356_w526" CONTENT="M" HPOS="1534" VPOS="187" WIDTH="51" HEIGHT="75" STYLEREFS="font0"/><SP WIDTH="118" VPOS="187" HPOS="1585"/><String ID="p356_w527" CONTENT="Y." HPOS="1703" VPOS="187" WIDTH="52" HEIGHT="75" STYLEREFS="font0"/></TextLine><TextLine WIDTH="198" HEIGHT="75" ID="p356_t62" HPOS="2104" VPOS="187"><String ID="p356_w528" CONTENT="Part" HPOS="2104" VPOS="187" WIDTH="102" HEIGHT="75" STYLEREFS="font0"/><SP WIDTH="28" VPOS="187" HPOS="2206"/><String ID="p356_w529" CONTENT="VI." HPOS="2234" VPOS="187" WIDTH="68" HEIGHT="75" STYLEREFS="font0"/></TextLine><TextLine WIDTH="1045" HEIGHT="75" ID="p356_t63" HPOS="1260" VPOS="255"><String ID="p356_w530" CONTENT="other" HPOS="1260" VPOS="255" WIDTH="93" HEIGHT="75" STYLEREFS="font0"/><SP WIDTH="15" VPOS="255" HPOS="1353"/><String ID="p356_w531" CONTENT="by" HPOS="1368" VPOS="255" WIDTH="44" HEIGHT="75" STYLEREFS="font0"/><SP WIDTH="16" VPOS="255" HPOS="1412"/><String ID="p356_w532" CONTENT="fome" HPOS="1428" VPOS="255" WIDTH="86" HEIGHT="75" STYLEREFS="font0"/><SP WIDTH="16" VPOS="255" HPOS="1514"/><String ID="p356_w533" CONTENT="fibres," HPOS="1530" VPOS="255" WIDTH="110" HEIGHT="75" STYLEREFS="font0"/><SP WIDTH="21" VPOS="255" HPOS="1640"/><String ID="p356_w534" CONTENT="and" HPOS="1661" VPOS="255" WIDTH="63" HEIGHT="75" STYLEREFS="font0"/><SP WIDTH="12" VPOS="255" HPOS="1724"/><String ID="p356_w535" CONTENT="meet" HPOS="1736" VPOS="255" WIDTH="86" HEIGHT="75" STYLEREFS="font0"/><SP WIDTH="17" VPOS="255" HPOS="1822"/><String ID="p356_w536" CONTENT="at" HPOS="1839" VPOS="255" WIDTH="34" HEIGHT="75" STYLEREFS="font0"/><SP WIDTH="15" VPOS="255" HPOS="1873"/><String ID="p356_w537" CONTENT="the" HPOS="1888" VPOS="255" WIDTH="56" HEIGHT="75" STYLEREFS="font0"/><SP WIDTH="16" VPOS="255" HPOS="1944"/><String ID="p356_w538" CONTENT="linea" HPOS="1960" VPOS="255" WIDTH="85" HEIGHT="75" STYLEREFS="font0"/><SP WIDTH="16" VPOS="255" HPOS="2045"/><String ID="p356_w539" CONTENT="alba." HPOS="2061" VPOS="255" WIDTH="84" HEIGHT="75" STYLEREFS="font0"/><SP WIDTH="49" VPOS="255" HPOS="2145"/><String ID="p356_w540" CONTENT="Their" HPOS="2194" VPOS="255" WIDTH="111" HEIGHT="75" STYLEREFS="font0"/></TextLine><TextLine WIDTH="1052" HEIGHT="75" ID="p356_t64" HPOS="1262" VPOS="303"><String ID="p356_w541" CONTENT="ufe" HPOS="1262" VPOS="303" WIDTH="53" HEIGHT="75" STYLEREFS="font0"/><SP WIDTH="18" VPOS="303" HPOS="1315"/><String ID="p356_w542" CONTENT="may" HPOS="1333" VPOS="303" WIDTH="74" HEIGHT="75" STYLEREFS="font0"/><SP WIDTH="15" VPOS="303" HPOS="1407"/><String ID="p356_w543" CONTENT="be" HPOS="1422" VPOS="303" WIDTH="41" HEIGHT="75" STYLEREFS="font0"/><SP WIDTH="16" VPOS="303" HPOS="1463"/><String ID="p356_w544" CONTENT="to" HPOS="1479" VPOS="303" WIDTH="35" HEIGHT="75" STYLEREFS="font0"/><SP WIDTH="17" VPOS="303" HPOS="1514"/><String ID="p356_w545" CONTENT="draw" HPOS="1531" VPOS="303" WIDTH="89" HEIGHT="75" STYLEREFS="font0"/><SP WIDTH="17" VPOS="303" HPOS="1620"/><String ID="p356_w546" CONTENT="the" HPOS="1637" VPOS="303" WIDTH="56" HEIGHT="75" STYLEREFS="font0"/><SP WIDTH="16" VPOS="303" HPOS="1693"/><String ID="p356_w547" CONTENT="middle" HPOS="1709" VPOS="303" WIDTH="121" HEIGHT="75" STYLEREFS="font0"/><SP WIDTH="16" VPOS="303" HPOS="1830"/><String ID="p356_w548" CONTENT="portion" HPOS="1846" VPOS="303" WIDTH="128" HEIGHT="75" STYLEREFS="font0"/><SP WIDTH="17" VPOS="303" HPOS="1974"/><String ID="p356_w549" CONTENT="or" HPOS="1991" VPOS="303" WIDTH="37" HEIGHT="75" STYLEREFS="font0"/><SP WIDTH="16" VPOS="303" HPOS="2028"/><String ID="p356_w550" CONTENT="great" HPOS="2044" VPOS="303" WIDTH="91" HEIGHT="75" STYLEREFS="font0"/><SP WIDTH="17" VPOS="303" HPOS="2135"/><String ID="p356_w551" CONTENT="cavity" HPOS="2152" VPOS="303" WIDTH="107" HEIGHT="75" STYLEREFS="font0"/><SP WIDTH="10" VPOS="303" HPOS="2259"/><String ID="p356_w552" CONTENT="of" HPOS="2269" VPOS="303" WIDTH="45" HEIGHT="75" STYLEREFS="font0"/></TextLine><TextLine WIDTH="391" HEIGHT="75" ID="p356_t65" HPOS="1264" VPOS="350"><String ID="p356_w553" CONTENT="the" HPOS="1264" VPOS="350" WIDTH="56" HEIGHT="75" STYLEREFS="font0"/><SP WIDTH="18" VPOS="350" HPOS="1320"/><String ID="p356_w554" CONTENT="pharynx" HPOS="1338" VPOS="350" WIDTH="150" HEIGHT="75" STYLEREFS="font0"/><SP WIDTH="23" VPOS="350" HPOS="1488"/><String ID="p356_w555" CONTENT="upward." HPOS="1511" VPOS="350" WIDTH="144" HEIGHT="75" STYLEREFS="font0"/></TextLine><TextLine WIDTH="995" HEIGHT="75" ID="p356_t66" HPOS="1312" VPOS="398"><String ID="p356_w556" CONTENT="The" HPOS="1312" VPOS="398" WIDTH="77" HEIGHT="75" STYLEREFS="font0"/><SP WIDTH="16" VPOS="398" HPOS="1389"/><String ID="p356_w557" CONTENT="ftylo-pharyngaei" HPOS="1405" VPOS="398" WIDTH="280" HEIGHT="75" STYLEREFS="font0"/><SP WIDTH="18" VPOS="398" HPOS="1685"/><String ID="p356_w558" CONTENT="are" HPOS="1703" VPOS="398" WIDTH="53" HEIGHT="75" STYLEREFS="font0"/><SP WIDTH="16" VPOS="398" HPOS="1756"/><String ID="p356_w559" CONTENT="inferted" HPOS="1772" VPOS="398" WIDTH="138" HEIGHT="75" STYLEREFS="font0"/><SP WIDTH="17" VPOS="398" HPOS="1910"/><String ID="p356_w560" CONTENT="interiorly" HPOS="1927" VPOS="398" WIDTH="167" HEIGHT="75" STYLEREFS="font0"/><SP WIDTH="11" VPOS="398" HPOS="2094"/><String ID="p356_w561" CONTENT="by" HPOS="2105" VPOS="398" WIDTH="45" HEIGHT="75" STYLEREFS="font0"/><SP WIDTH="16" VPOS="398" HPOS="2150"/><String ID="p356_w562" CONTENT="one" HPOS="2166" VPOS="398" WIDTH="61" HEIGHT="75" STYLEREFS="font0"/><SP WIDTH="20" VPOS="398" HPOS="2227"/><String ID="p356_w563" CONTENT="ex-" HPOS="2247" VPOS="398" WIDTH="60" HEIGHT="75" STYLEREFS="font0"/></TextLine><TextLine WIDTH="1041" HEIGHT="75" ID="p356_t67" HPOS="1266" VPOS="444"><String ID="p356_w564" CONTENT="tremity" HPOS="1266" VPOS="444" WIDTH="131" HEIGHT="75" STYLEREFS="font0"/><SP WIDTH="16" VPOS="444" HPOS="1397"/><String ID="p356_w565" CONTENT="in" HPOS="1413" VPOS="444" WIDTH="32" HEIGHT="75" STYLEREFS="font0"/><SP WIDTH="25" VPOS="444" HPOS="1445"/><String ID="p356_w566" CONTENT="the" HPOS="1470" VPOS="444" WIDTH="56" HEIGHT="75" STYLEREFS="font0"/><SP WIDTH="28" VPOS="444" HPOS="1526"/><String ID="p356_w567" CONTENT="apophyfis," HPOS="1554" VPOS="444" WIDTH="177" HEIGHT="75" STYLEREFS="font0"/><SP WIDTH="26" VPOS="444" HPOS="1731"/><String ID="p356_w568" CONTENT="or" HPOS="1757" VPOS="444" WIDTH="38" HEIGHT="75" STYLEREFS="font0"/><SP WIDTH="27" VPOS="444" HPOS="1795"/><String ID="p356_w569" CONTENT="epiphyfis" HPOS="1822" VPOS="444" WIDTH="155" HEIGHT="75" STYLEREFS="font0"/><SP WIDTH="17" VPOS="444" HPOS="1977"/><String ID="p356_w570" CONTENT="ftyloides." HPOS="1994" VPOS="444" WIDTH="164" HEIGHT="75" STYLEREFS="font0"/><SP WIDTH="50" VPOS="444" HPOS="2158"/><String ID="p356_w571" CONTENT="From" HPOS="2208" VPOS="444" WIDTH="99" HEIGHT="75" STYLEREFS="font0"/></TextLine><TextLine WIDTH="1040" HEIGHT="75" ID="p356_t68" HPOS="1266" VPOS="491"><String ID="p356_w572" CONTENT="thence" HPOS="1266" VPOS="491" WIDTH="115" HEIGHT="75" STYLEREFS="font0"/><SP WIDTH="16" VPOS="491" HPOS="1381"/><String ID="p356_w573" CONTENT="each" HPOS="1397" VPOS="491" WIDTH="79" HEIGHT="75" STYLEREFS="font0"/><SP WIDTH="16" VPOS="491" HPOS="1476"/><String ID="p356_w574" CONTENT="mufcle" HPOS="1492" VPOS="491" WIDTH="118" HEIGHT="75" STYLEREFS="font0"/><SP WIDTH="16" VPOS="491" HPOS="1610"/><String ID="p356_w575" CONTENT="runs" HPOS="1626" VPOS="491" WIDTH="76" HEIGHT="75" STYLEREFS="font0"/><SP WIDTH="16" VPOS="491" HPOS="1702"/><String ID="p356_w576" CONTENT="down" HPOS="1718" VPOS="491" WIDTH="94" HEIGHT="75" STYLEREFS="font0"/><SP WIDTH="18" VPOS="491" HPOS="1812"/><String ID="p356_w577" CONTENT="obliquely" HPOS="1830" VPOS="491" WIDTH="165" HEIGHT="75" STYLEREFS="font0"/><SP WIDTH="15" VPOS="491" HPOS="1995"/><String ID="p356_w578" CONTENT="along" HPOS="2010" VPOS="491" WIDTH="96" HEIGHT="75" STYLEREFS="font0"/><SP WIDTH="18" VPOS="491" HPOS="2106"/><String ID="p356_w579" CONTENT="the" HPOS="2124" VPOS="491" WIDTH="57" HEIGHT="75" STYLEREFS="font0"/><SP WIDTH="12" VPOS="491" HPOS="2181"/><String ID="p356_w580" CONTENT="lateral" HPOS="2193" VPOS="491" WIDTH="113" HEIGHT="75" STYLEREFS="font0"/></TextLine><TextLine WIDTH="1047" HEIGHT="75" ID="p356_t69" HPOS="1267" VPOS="536"><String ID="p356_w581" CONTENT="part" HPOS="1267" VPOS="536" WIDTH="71" HEIGHT="75" STYLEREFS="font0"/><SP WIDTH="28" VPOS="536" HPOS="1338"/><String ID="p356_w582" CONTENT="of" HPOS="1366" VPOS="536" WIDTH="40" HEIGHT="75" STYLEREFS="font0"/><SP WIDTH="27" VPOS="536" HPOS="1406"/><String ID="p356_w583" CONTENT="the" HPOS="1433" VPOS="536" WIDTH="55" HEIGHT="75" STYLEREFS="font0"/><SP WIDTH="28" VPOS="536" HPOS="1488"/><String ID="p356_w584" CONTENT="pharynx," HPOS="1516" VPOS="536" WIDTH="162" HEIGHT="75" STYLEREFS="font0"/><SP WIDTH="24" VPOS="536" HPOS="1678"/><String ID="p356_w585" CONTENT="covering" HPOS="1702" VPOS="536" WIDTH="151" HEIGHT="75" STYLEREFS="font0"/><SP WIDTH="26" VPOS="536" HPOS="1853"/><String ID="p356_w586" CONTENT="and" HPOS="1879" VPOS="536" WIDTH="63" HEIGHT="75" STYLEREFS="font0"/><SP WIDTH="29" VPOS="536" HPOS="1942"/><String ID="p356_w587" CONTENT="crofling" HPOS="1971" VPOS="536" WIDTH="131" HEIGHT="75" STYLEREFS="font0"/><SP WIDTH="28" VPOS="536" HPOS="2102"/><String ID="p356_w588" CONTENT="the" HPOS="2130" VPOS="536" WIDTH="56" HEIGHT="75" STYLEREFS="font0"/><SP WIDTH="27" VPOS="536" HPOS="2186"/><String ID="p356_w589" CONTENT="other'" HPOS="2213" VPOS="536" WIDTH="101" HEIGHT="75" STYLEREFS="font0"/></TextLine><TextLine WIDTH="1046" HEIGHT="75" ID="p356_t70" HPOS="1267" VPOS="584"><String ID="p356_w590" CONTENT="mufcles." HPOS="1267" VPOS="584" WIDTH="146" HEIGHT="75" STYLEREFS="font0"/><SP WIDTH="49" VPOS="584" HPOS="1413"/><String ID="p356_w591" CONTENT="It" HPOS="1462" VPOS="584" WIDTH="33" HEIGHT="75" STYLEREFS="font0"/><SP WIDTH="16" VPOS="584" HPOS="1495"/><String ID="p356_w592" CONTENT="extends" HPOS="1511" VPOS="584" WIDTH="136" HEIGHT="75" STYLEREFS="font0"/><SP WIDTH="17" VPOS="584" HPOS="1647"/><String ID="p356_w593" CONTENT="gradually" HPOS="1664" VPOS="584" WIDTH="167" HEIGHT="75" STYLEREFS="font0"/><SP WIDTH="16" VPOS="584" HPOS="1831"/><String ID="p356_w594" CONTENT="in" HPOS="1847" VPOS="584" WIDTH="32" HEIGHT="75" STYLEREFS="font0"/><SP WIDTH="17" VPOS="584" HPOS="1879"/><String ID="p356_w595" CONTENT="breadth" HPOS="1896" VPOS="584" WIDTH="134" HEIGHT="75" STYLEREFS="font0"/><SP WIDTH="18" VPOS="584" HPOS="2030"/><String ID="p356_w596" CONTENT="as" HPOS="2048" VPOS="584" WIDTH="33" HEIGHT="75" STYLEREFS="font0"/><SP WIDTH="17" VPOS="584" HPOS="2081"/><String ID="p356_w597" CONTENT="it" HPOS="2098" VPOS="584" WIDTH="25" HEIGHT="75" STYLEREFS="font0"/><SP WIDTH="17" VPOS="584" HPOS="2123"/><String ID="p356_w598" CONTENT="defcend.Sy" HPOS="2140" VPOS="584" WIDTH="173" HEIGHT="75" STYLEREFS="font0"/></TextLine><TextLine WIDTH="1043" HEIGHT="75" ID="p356_t71" HPOS="1269" VPOS="632"><String ID="p356_w599" CONTENT="and" HPOS="1269" VPOS="632" WIDTH="61" HEIGHT="75" STYLEREFS="font0"/><SP WIDTH="18" VPOS="632" HPOS="1330"/><String ID="p356_w600" CONTENT="forms" HPOS="1348" VPOS="632" WIDTH="102" HEIGHT="75" STYLEREFS="font0"/><SP WIDTH="16" VPOS="632" HPOS="1450"/><String ID="p356_w601" CONTENT="two" HPOS="1466" VPOS="632" WIDTH="67" HEIGHT="75" STYLEREFS="font0"/><SP WIDTH="27" VPOS="632" HPOS="1533"/><String ID="p356_w602" CONTENT="principal" HPOS="1560" VPOS="632" WIDTH="155" HEIGHT="75" STYLEREFS="font0"/><SP WIDTH="16" VPOS="632" HPOS="1715"/><String ID="p356_w603" CONTENT="portions," HPOS="1731" VPOS="632" WIDTH="157" HEIGHT="75" STYLEREFS="font0"/><SP WIDTH="17" VPOS="632" HPOS="1888"/><String ID="p356_w604" CONTENT=".one" HPOS="1905" VPOS="632" WIDTH="68" HEIGHT="75" STYLEREFS="font0"/><SP WIDTH="22" VPOS="632" HPOS="1973"/><String ID="p356_w605" CONTENT="fuperior" HPOS="1995" VPOS="632" WIDTH="141" HEIGHT="75" STYLEREFS="font0"/><SP WIDTH="19" VPOS="632" HPOS="2136"/><String ID="p356_w606" CONTENT="which" HPOS="2155" VPOS="632" WIDTH="107" HEIGHT="75" STYLEREFS="font0"/><SP WIDTH="17" VPOS="632" HPOS="2262"/><String ID="p356_w607" CONTENT="is;" HPOS="2279" VPOS="632" WIDTH="33" HEIGHT="75" STYLEREFS="font0"/></TextLine><TextLine WIDTH="1040" HEIGHT="75" ID="p356_t72" HPOS="1269" VPOS="677"><String ID="p356_w608" CONTENT="narrow," HPOS="1269" VPOS="677" WIDTH="137" HEIGHT="75" STYLEREFS="font0"/><SP WIDTH="26" VPOS="677" HPOS="1406"/><String ID="p356_w609" CONTENT="and" HPOS="1432" VPOS="677" WIDTH="63" HEIGHT="75" STYLEREFS="font0"/><SP WIDTH="15" VPOS="677" HPOS="1495"/><String ID="p356_w610" CONTENT="one" HPOS="1510" VPOS="677" WIDTH="62" HEIGHT="75" STYLEREFS="font0"/><SP WIDTH="23" VPOS="677" HPOS="1572"/><String ID="p356_w611" CONTENT="inferior" HPOS="1595" VPOS="677" WIDTH="132" HEIGHT="75" STYLEREFS="font0"/><SP WIDTH="25" VPOS="677" HPOS="1727"/><String ID="p356_w612" CONTENT="which" HPOS="1752" VPOS="677" WIDTH="104" HEIGHT="75" STYLEREFS="font0"/><SP WIDTH="17" VPOS="677" HPOS="1856"/><String ID="p356_w613" CONTENT="is" HPOS="1873" VPOS="677" WIDTH="27" HEIGHT="75" STYLEREFS="font0"/><SP WIDTH="22" VPOS="677" HPOS="1900"/><String ID="p356_w614" CONTENT="broad." HPOS="1922" VPOS="677" WIDTH="115" HEIGHT="75" STYLEREFS="font0"/><SP WIDTH="47" VPOS="677" HPOS="2037"/><String ID="p356_w615" CONTENT="The" HPOS="2084" VPOS="677" WIDTH="78" HEIGHT="75" STYLEREFS="font0"/><SP WIDTH="19" VPOS="677" HPOS="2162"/><String ID="p356_w616" CONTENT="narrow" HPOS="2181" VPOS="677" WIDTH="128" HEIGHT="75" STYLEREFS="font0"/></TextLine><TextLine WIDTH="1038" HEIGHT="75" ID="p356_t73" HPOS="1269" VPOS="724"><String ID="p356_w617" CONTENT="portion" HPOS="1269" VPOS="724" WIDTH="127" HEIGHT="75" STYLEREFS="font0"/><SP WIDTH="24" VPOS="724" HPOS="1396"/><String ID="p356_w618" CONTENT="is" HPOS="1420" VPOS="724" WIDTH="28" HEIGHT="75" STYLEREFS="font0"/><SP WIDTH="24" VPOS="724" HPOS="1448"/><String ID="p356_w619" CONTENT="fpread" HPOS="1472" VPOS="724" WIDTH="113" HEIGHT="75" STYLEREFS="font0"/><SP WIDTH="24" VPOS="724" HPOS="1585"/><String ID="p356_w620" CONTENT="among" HPOS="1609" VPOS="724" WIDTH="114" HEIGHT="75" STYLEREFS="font0"/><SP WIDTH="26" VPOS="724" HPOS="1723"/><String ID="p356_w621" CONTENT="the" HPOS="1749" VPOS="724" WIDTH="54" HEIGHT="75" STYLEREFS="font0"/><SP WIDTH="24" VPOS="724" HPOS="1803"/><String ID="p356_w622" CONTENT="mufcular" HPOS="1827" VPOS="724" WIDTH="159" HEIGHT="75" STYLEREFS="font0"/><SP WIDTH="22" VPOS="724" HPOS="1986"/><String ID="p356_w623" CONTENT="fibres" HPOS="2008" VPOS="724" WIDTH="96" HEIGHT="75" STYLEREFS="font0"/><SP WIDTH="24" VPOS="724" HPOS="2104"/><String ID="p356_w624" CONTENT="above" HPOS="2128" VPOS="724" WIDTH="100" HEIGHT="75" STYLEREFS="font0"/><SP WIDTH="23" VPOS="724" HPOS="2228"/><String ID="p356_w625" CONTENT="the" HPOS="2251" VPOS="724" WIDTH="56" HEIGHT="75" STYLEREFS="font0"/></TextLine><TextLine WIDTH="1039" HEIGHT="75" ID="p356_t74" HPOS="1270" VPOS="771"><String ID="p356_w626" CONTENT="thyroid" HPOS="1270" VPOS="771" WIDTH="127" HEIGHT="75" STYLEREFS="font0"/><SP WIDTH="19" VPOS="771" HPOS="1397"/><String ID="p356_w627" CONTENT="cartilage," HPOS="1416" VPOS="771" WIDTH="166" HEIGHT="75" STYLEREFS="font0"/><SP WIDTH="26" VPOS="771" HPOS="1582"/><String ID="p356_w628" CONTENT="and" HPOS="1608" VPOS="771" WIDTH="64" HEIGHT="75" STYLEREFS="font0"/><SP WIDTH="16" VPOS="771" HPOS="1672"/><String ID="p356_w629" CONTENT="the" HPOS="1688" VPOS="771" WIDTH="54" HEIGHT="75" STYLEREFS="font0"/><SP WIDTH="16" VPOS="771" HPOS="1742"/><String ID="p356_w630" CONTENT="broad" HPOS="1758" VPOS="771" WIDTH="103" HEIGHT="75" STYLEREFS="font0"/><SP WIDTH="15" VPOS="771" HPOS="1861"/><String ID="p356_w631" CONTENT="portion" HPOS="1876" VPOS="771" WIDTH="130" HEIGHT="75" STYLEREFS="font0"/><SP WIDTH="10" VPOS="771" HPOS="2006"/><String ID="p356_w632" CONTENT="is" HPOS="2016" VPOS="771" WIDTH="26" HEIGHT="75" STYLEREFS="font0"/><SP WIDTH="12" VPOS="771" HPOS="2042"/><String ID="p356_w633" CONTENT="inferred" HPOS="2054" VPOS="771" WIDTH="137" HEIGHT="75" STYLEREFS="font0"/><SP WIDTH="12" VPOS="771" HPOS="2191"/><String ID="p356_w634" CONTENT="in" HPOS="2203" VPOS="771" WIDTH="31" HEIGHT="75" STYLEREFS="font0"/><SP WIDTH="18" VPOS="771" HPOS="2234"/><String ID="p356_w635" CONTENT="the" HPOS="2252" VPOS="771" WIDTH="57" HEIGHT="75" STYLEREFS="font0"/></TextLine><TextLine WIDTH="1041" HEIGHT="75" ID="p356_t75" HPOS="1268" VPOS="818"><String ID="p356_w636" CONTENT="fide" HPOS="1268" VPOS="818" WIDTH="63" HEIGHT="75" STYLEREFS="font0"/><SP WIDTH="16" VPOS="818" HPOS="1331"/><String ID="p356_w637" CONTENT="of" HPOS="1347" VPOS="818" WIDTH="41" HEIGHT="75" STYLEREFS="font0"/><SP WIDTH="18" VPOS="818" HPOS="1388"/><String ID="p356_w638" CONTENT="that" HPOS="1406" VPOS="818" WIDTH="70" HEIGHT="75" STYLEREFS="font0"/><SP WIDTH="17" VPOS="818" HPOS="1476"/><String ID="p356_w639" CONTENT="cartilage;" HPOS="1493" VPOS="818" WIDTH="171" HEIGHT="75" STYLEREFS="font0"/><SP WIDTH="26" VPOS="818" HPOS="1664"/><String ID="p356_w640" CONTENT="and" HPOS="1690" VPOS="818" WIDTH="65" HEIGHT="75" STYLEREFS="font0"/><SP WIDTH="26" VPOS="818" HPOS="1755"/><String ID="p356_w641" CONTENT="thus" HPOS="1781" VPOS="818" WIDTH="74" HEIGHT="75" STYLEREFS="font0"/><SP WIDTH="23" VPOS="818" HPOS="1855"/><String ID="p356_w642" CONTENT="the" HPOS="1878" VPOS="818" WIDTH="55" HEIGHT="75" STYLEREFS="font0"/><SP WIDTH="23" VPOS="818" HPOS="1933"/><String ID="p356_w643" CONTENT="ftylo-pharyngseus" HPOS="1956" VPOS="818" WIDTH="307" HEIGHT="75" STYLEREFS="font0"/><SP WIDTH="16" VPOS="818" HPOS="2263"/><String ID="p356_w644" CONTENT="is" HPOS="2279" VPOS="818" WIDTH="30" HEIGHT="75" STYLEREFS="font0"/></TextLine><TextLine WIDTH="1041" HEIGHT="75" ID="p356_t76" HPOS="1270" VPOS="865"><String ID="p356_w645" CONTENT="partly" HPOS="1270" VPOS="865" WIDTH="106" HEIGHT="75" STYLEREFS="font0"/><SP WIDTH="15" VPOS="865" HPOS="1376"/><String ID="p356_w646" CONTENT="a" HPOS="1391" VPOS="865" WIDTH="20" HEIGHT="75" STYLEREFS="font0"/><SP WIDTH="11" VPOS="865" HPOS="1411"/><String ID="p356_w647" CONTENT="true" HPOS="1422" VPOS="865" WIDTH="72" HEIGHT="75" STYLEREFS="font0"/><SP WIDTH="13" VPOS="865" HPOS="1494"/><String ID="p356_w648" CONTENT="ftylo-thyroidaeus." HPOS="1507" VPOS="865" WIDTH="307" HEIGHT="75" STYLEREFS="font0"/><SP WIDTH="48" VPOS="865" HPOS="1814"/><String ID="p356_w649" CONTENT="Thefe" HPOS="1862" VPOS="865" WIDTH="109" HEIGHT="75" STYLEREFS="font0"/><SP WIDTH="16" VPOS="865" HPOS="1971"/><String ID="p356_w650" CONTENT="mufcles" HPOS="1987" VPOS="865" WIDTH="134" HEIGHT="75" STYLEREFS="font0"/><SP WIDTH="12" VPOS="865" HPOS="2121"/><String ID="p356_w651" CONTENT="may" HPOS="2133" VPOS="865" WIDTH="73" HEIGHT="75" STYLEREFS="font0"/><SP WIDTH="11" VPOS="865" HPOS="2206"/><String ID="p356_w652" CONTENT="draw" HPOS="2217" VPOS="865" WIDTH="94" HEIGHT="75" STYLEREFS="font0"/></TextLine><TextLine WIDTH="1040" HEIGHT="75" ID="p356_t77" HPOS="1269" VPOS="911"><String ID="p356_w653" CONTENT="the" HPOS="1269" VPOS="911" WIDTH="55" HEIGHT="75" STYLEREFS="font0"/><SP WIDTH="25" VPOS="911" HPOS="1324"/><String ID="p356_w654" CONTENT="pharynx" HPOS="1349" VPOS="911" WIDTH="148" HEIGHT="75" STYLEREFS="font0"/><SP WIDTH="26" VPOS="911" HPOS="1497"/><String ID="p356_w655" CONTENT="laterally" HPOS="1523" VPOS="911" WIDTH="147" HEIGHT="75" STYLEREFS="font0"/><SP WIDTH="25" VPOS="911" HPOS="1670"/><String ID="p356_w656" CONTENT="upward," HPOS="1695" VPOS="911" WIDTH="146" HEIGHT="75" STYLEREFS="font0"/><SP WIDTH="25" VPOS="911" HPOS="1841"/><String ID="p356_w657" CONTENT="efpecially" HPOS="1866" VPOS="911" WIDTH="168" HEIGHT="75" STYLEREFS="font0"/><SP WIDTH="22" VPOS="911" HPOS="2034"/><String ID="p356_w658" CONTENT="by" HPOS="2056" VPOS="911" WIDTH="44" HEIGHT="75" STYLEREFS="font0"/><SP WIDTH="23" VPOS="911" HPOS="2100"/><String ID="p356_w659" CONTENT="their" HPOS="2123" VPOS="911" WIDTH="85" HEIGHT="75" STYLEREFS="font0"/><SP WIDTH="24" VPOS="911" HPOS="2208"/><String ID="p356_w660" CONTENT="thy-" HPOS="2232" VPOS="911" WIDTH="77" HEIGHT="75" STYLEREFS="font0"/></TextLine><TextLine WIDTH="244" HEIGHT="75" ID="p356_t78" HPOS="1270" VPOS="958"><String ID="p356_w661" CONTENT="roid" HPOS="1270" VPOS="958" WIDTH="71" HEIGHT="75" STYLEREFS="font0"/><SP WIDTH="17" VPOS="958" HPOS="1341"/><String ID="p356_w662" CONTENT="portions." HPOS="1358" VPOS="958" WIDTH="156" HEIGHT="75" STYLEREFS="font0"/></TextLine><TextLine WIDTH="990" HEIGHT="75" ID="p356_t79" HPOS="1315" VPOS="1004"><String ID="p356_w663" CONTENT="The" HPOS="1315" VPOS="1004" WIDTH="77" HEIGHT="75" STYLEREFS="font0"/><SP WIDTH="16" VPOS="1004" HPOS="1392"/><String ID="p356_w664" CONTENT="peryflraphylo-pharyngsei" HPOS="1408" VPOS="1004" WIDTH="423" HEIGHT="75" STYLEREFS="font0"/><SP WIDTH="17" VPOS="1004" HPOS="1831"/><String ID="p356_w665" CONTENT="are" HPOS="1848" VPOS="1004" WIDTH="53" HEIGHT="75" STYLEREFS="font0"/><SP WIDTH="17" VPOS="1004" HPOS="1901"/><String ID="p356_w666" CONTENT="two" HPOS="1918" VPOS="1004" WIDTH="66" HEIGHT="75" STYLEREFS="font0"/><SP WIDTH="16" VPOS="1004" HPOS="1984"/><String ID="p356_w667" CONTENT="fmall" HPOS="2000" VPOS="1004" WIDTH="91" HEIGHT="75" STYLEREFS="font0"/><SP WIDTH="21" VPOS="1004" HPOS="2091"/><String ID="p356_w668" CONTENT="rnufcles" HPOS="2112" VPOS="1004" WIDTH="134" HEIGHT="75" STYLEREFS="font0"/><SP WIDTH="11" VPOS="1004" HPOS="2246"/><String ID="p356_w669" CONTENT="in-" HPOS="2257" VPOS="1004" WIDTH="48" HEIGHT="75" STYLEREFS="font0"/></TextLine><TextLine WIDTH="1037" HEIGHT="75" ID="p356_t80" HPOS="1269" VPOS="1051"><String ID="p356_w670" CONTENT="ferred" HPOS="1269" VPOS="1051" WIDTH="105" HEIGHT="75" STYLEREFS="font0"/><SP WIDTH="16" VPOS="1051" HPOS="1374"/><String ID="p356_w671" CONTENT="between" HPOS="1390" VPOS="1051" WIDTH="145" HEIGHT="75" STYLEREFS="font0"/><SP WIDTH="17" VPOS="1051" HPOS="1535"/><String ID="p356_w672" CONTENT="the" HPOS="1552" VPOS="1051" WIDTH="55" HEIGHT="75" STYLEREFS="font0"/><SP WIDTH="21" VPOS="1051" HPOS="1607"/><String ID="p356_w673" CONTENT="uvula" HPOS="1628" VPOS="1051" WIDTH="97" HEIGHT="75" STYLEREFS="font0"/><SP WIDTH="18" VPOS="1051" HPOS="1725"/><String ID="p356_w674" CONTENT="and" HPOS="1743" VPOS="1051" WIDTH="62" HEIGHT="75" STYLEREFS="font0"/><SP WIDTH="16" VPOS="1051" HPOS="1805"/><String ID="p356_w675" CONTENT="lower" HPOS="1821" VPOS="1051" WIDTH="98" HEIGHT="75" STYLEREFS="font0"/><SP WIDTH="16" VPOS="1051" HPOS="1919"/><String ID="p356_w676" CONTENT="extremity" HPOS="1935" VPOS="1051" WIDTH="177" HEIGHT="75" STYLEREFS="font0"/><SP WIDTH="15" VPOS="1051" HPOS="2112"/><String ID="p356_w677" CONTENT="of" HPOS="2127" VPOS="1051" WIDTH="41" HEIGHT="75" STYLEREFS="font0"/><SP WIDTH="18" VPOS="1051" HPOS="2168"/><String ID="p356_w678" CONTENT="the" HPOS="2186" VPOS="1051" WIDTH="55" HEIGHT="75" STYLEREFS="font0"/><SP WIDTH="16" VPOS="1051" HPOS="2241"/><String ID="p356_w679" CONTENT="in-" HPOS="2257" VPOS="1051" WIDTH="49" HEIGHT="75" STYLEREFS="font0"/></TextLine><TextLine WIDTH="1039" HEIGHT="75" ID="p356_t81" HPOS="1270" VPOS="1097"><String ID="p356_w680" CONTENT="ternal" HPOS="1270" VPOS="1097" WIDTH="102" HEIGHT="75" STYLEREFS="font0"/><SP WIDTH="19" VPOS="1097" HPOS="1372"/><String ID="p356_w681" CONTENT="ala" HPOS="1391" VPOS="1097" WIDTH="50" HEIGHT="75" STYLEREFS="font0"/><SP WIDTH="12" VPOS="1097" HPOS="1441"/><String ID="p356_w682" CONTENT="of" HPOS="1453" VPOS="1097" WIDTH="40" HEIGHT="75" STYLEREFS="font0"/><SP WIDTH="19" VPOS="1097" HPOS="1493"/><String ID="p356_w683" CONTENT="the" HPOS="1512" VPOS="1097" WIDTH="55" HEIGHT="75" STYLEREFS="font0"/><SP WIDTH="17" VPOS="1097" HPOS="1567"/><String ID="p356_w684" CONTENT="apophyfis" HPOS="1584" VPOS="1097" WIDTH="165" HEIGHT="75" STYLEREFS="font0"/><SP WIDTH="16" VPOS="1097" HPOS="1749"/><String ID="p356_w685" CONTENT="pterygoides," HPOS="1765" VPOS="1097" WIDTH="218" HEIGHT="75" STYLEREFS="font0"/><SP WIDTH="26" VPOS="1097" HPOS="1983"/><String ID="p356_w686" CONTENT="and" HPOS="2009" VPOS="1097" WIDTH="63" HEIGHT="75" STYLEREFS="font0"/><SP WIDTH="17" VPOS="1097" HPOS="2072"/><String ID="p356_w687" CONTENT="run" HPOS="2089" VPOS="1097" WIDTH="58" HEIGHT="75" STYLEREFS="font0"/><SP WIDTH="12" VPOS="1097" HPOS="2147"/><String ID="p356_w688" CONTENT="oblique-" HPOS="2159" VPOS="1097" WIDTH="150" HEIGHT="75" STYLEREFS="font0"/></TextLine><TextLine WIDTH="1037" HEIGHT="75" ID="p356_t82" HPOS="1270" VPOS="1145"><String ID="p356_w689" CONTENT="ly" HPOS="1270" VPOS="1145" WIDTH="34" HEIGHT="75" STYLEREFS="font0"/><SP WIDTH="16" VPOS="1145" HPOS="1304"/><String ID="p356_w690" CONTENT="backward" HPOS="1320" VPOS="1145" WIDTH="171" HEIGHT="75" STYLEREFS="font0"/><SP WIDTH="23" VPOS="1145" HPOS="1491"/><String ID="p356_w691" CONTENT="on" HPOS="1514" VPOS="1145" WIDTH="43" HEIGHT="75" STYLEREFS="font0"/><SP WIDTH="24" VPOS="1145" HPOS="1557"/><String ID="p356_w692" CONTENT="the" HPOS="1581" VPOS="1145" WIDTH="56" HEIGHT="75" STYLEREFS="font0"/><SP WIDTH="26" VPOS="1145" HPOS="1637"/><String ID="p356_w693" CONTENT="fides" HPOS="1663" VPOS="1145" WIDTH="79" HEIGHT="75" STYLEREFS="font0"/><SP WIDTH="17" VPOS="1145" HPOS="1742"/><String ID="p356_w694" CONTENT="of" HPOS="1759" VPOS="1145" WIDTH="40" HEIGHT="75" STYLEREFS="font0"/><SP WIDTH="18" VPOS="1145" HPOS="1799"/><String ID="p356_w695" CONTENT="the" HPOS="1817" VPOS="1145" WIDTH="55" HEIGHT="75" STYLEREFS="font0"/><SP WIDTH="17" VPOS="1145" HPOS="1872"/><String ID="p356_w696" CONTENT="pharynx." HPOS="1889" VPOS="1145" WIDTH="161" HEIGHT="75" STYLEREFS="font0"/><SP WIDTH="47" VPOS="1145" HPOS="2050"/><String ID="p356_w697" CONTENT="The" HPOS="2097" VPOS="1145" WIDTH="78" HEIGHT="75" STYLEREFS="font0"/><SP WIDTH="15" VPOS="1145" HPOS="2175"/><String ID="p356_w698" CONTENT="glolfo-" HPOS="2190" VPOS="1145" WIDTH="117" HEIGHT="75" STYLEREFS="font0"/></TextLine><TextLine WIDTH="1045" HEIGHT="75" ID="p356_t83" HPOS="1269" VPOS="1191"><String ID="p356_w699" CONTENT="pharyngsei" HPOS="1269" VPOS="1191" WIDTH="183" HEIGHT="75" STYLEREFS="font0"/><SP WIDTH="16" VPOS="1191" HPOS="1452"/><String ID="p356_w700" CONTENT="are" HPOS="1468" VPOS="1191" WIDTH="54" HEIGHT="75" STYLEREFS="font0"/><SP WIDTH="16" VPOS="1191" HPOS="1522"/><String ID="p356_w701" CONTENT="fibres" HPOS="1538" VPOS="1191" WIDTH="94" HEIGHT="75" STYLEREFS="font0"/><SP WIDTH="17" VPOS="1191" HPOS="1632"/><String ID="p356_w702" CONTENT="which" HPOS="1649" VPOS="1191" WIDTH="105" HEIGHT="75" STYLEREFS="font0"/><SP WIDTH="17" VPOS="1191" HPOS="1754"/><String ID="p356_w703" CONTENT="run" HPOS="1771" VPOS="1191" WIDTH="59" HEIGHT="75" STYLEREFS="font0"/><SP WIDTH="16" VPOS="1191" HPOS="1830"/><String ID="p356_w704" CONTENT="along" HPOS="1846" VPOS="1191" WIDTH="96" HEIGHT="75" STYLEREFS="font0"/><SP WIDTH="17" VPOS="1191" HPOS="1942"/><String ID="p356_w705" CONTENT="the" HPOS="1959" VPOS="1191" WIDTH="56" HEIGHT="75" STYLEREFS="font0"/><SP WIDTH="14" VPOS="1191" HPOS="2015"/><String ID="p356_w706" CONTENT="lateral" HPOS="2029" VPOS="1191" WIDTH="113" HEIGHT="75" STYLEREFS="font0"/><SP WIDTH="16" VPOS="1191" HPOS="2142"/><String ID="p356_w707" CONTENT="edges" HPOS="2158" VPOS="1191" WIDTH="96" HEIGHT="75" STYLEREFS="font0"/><SP WIDTH="16" VPOS="1191" HPOS="2254"/><String ID="p356_w708" CONTENT="of" HPOS="2270" VPOS="1191" WIDTH="44" HEIGHT="75" STYLEREFS="font0"/></TextLine><TextLine WIDTH="1039" HEIGHT="75" ID="p356_t84" HPOS="1270" VPOS="1238"><String ID="p356_w709" CONTENT="the" HPOS="1270" VPOS="1238" WIDTH="54" HEIGHT="75" STYLEREFS="font0"/><SP WIDTH="25" VPOS="1238" HPOS="1324"/><String ID="p356_w710" CONTENT="tongue," HPOS="1349" VPOS="1238" WIDTH="132" HEIGHT="75" STYLEREFS="font0"/><SP WIDTH="23" VPOS="1238" HPOS="1481"/><String ID="p356_w711" CONTENT="from" HPOS="1504" VPOS="1238" WIDTH="86" HEIGHT="75" STYLEREFS="font0"/><SP WIDTH="17" VPOS="1238" HPOS="1590"/><String ID="p356_w712" CONTENT="which" HPOS="1607" VPOS="1238" WIDTH="105" HEIGHT="75" STYLEREFS="font0"/><SP WIDTH="18" VPOS="1238" HPOS="1712"/><String ID="p356_w713" CONTENT="they" HPOS="1730" VPOS="1238" WIDTH="79" HEIGHT="75" STYLEREFS="font0"/><SP WIDTH="19" VPOS="1238" HPOS="1809"/><String ID="p356_w714" CONTENT="are" HPOS="1828" VPOS="1238" WIDTH="54" HEIGHT="75" STYLEREFS="font0"/><SP WIDTH="16" VPOS="1238" HPOS="1882"/><String ID="p356_w715" CONTENT="parted'backward," HPOS="1898" VPOS="1238" WIDTH="319" HEIGHT="75" STYLEREFS="font0"/><SP WIDTH="26" VPOS="1238" HPOS="2217"/><String ID="p356_w716" CONTENT="and" HPOS="2243" VPOS="1238" WIDTH="66" HEIGHT="75" STYLEREFS="font0"/></TextLine><TextLine WIDTH="1035" HEIGHT="75" ID="p356_t85" HPOS="1271" VPOS="1284"><String ID="p356_w717" CONTENT="run" HPOS="1271" VPOS="1284" WIDTH="58" HEIGHT="75" STYLEREFS="font0"/><SP WIDTH="17" VPOS="1284" HPOS="1329"/><String ID="p356_w718" CONTENT="down" HPOS="1346" VPOS="1284" WIDTH="95" HEIGHT="75" STYLEREFS="font0"/><SP WIDTH="16" VPOS="1284" HPOS="1441"/><String ID="p356_w719" CONTENT="on" HPOS="1457" VPOS="1284" WIDTH="43" HEIGHT="75" STYLEREFS="font0"/><SP WIDTH="16" VPOS="1284" HPOS="1500"/><String ID="p356_w720" CONTENT="the" HPOS="1516" VPOS="1284" WIDTH="57" HEIGHT="75" STYLEREFS="font0"/><SP WIDTH="20" VPOS="1284" HPOS="1573"/><String ID="p356_w721" CONTENT="fides" HPOS="1593" VPOS="1284" WIDTH="80" HEIGHT="75" STYLEREFS="font0"/><SP WIDTH="22" VPOS="1284" HPOS="1673"/><String ID="p356_w722" CONTENT="of" HPOS="1695" VPOS="1284" WIDTH="39" HEIGHT="75" STYLEREFS="font0"/><SP WIDTH="17" VPOS="1284" HPOS="1734"/><String ID="p356_w723" CONTENT="the" HPOS="1751" VPOS="1284" WIDTH="58" HEIGHT="75" STYLEREFS="font0"/><SP WIDTH="23" VPOS="1284" HPOS="1809"/><String ID="p356_w724" CONTENT="pharynx" HPOS="1832" VPOS="1284" WIDTH="149" HEIGHT="75" STYLEREFS="font0"/><SP WIDTH="23" VPOS="1284" HPOS="1981"/><String ID="p356_w725" CONTENT="under" HPOS="2004" VPOS="1284" WIDTH="102" HEIGHT="75" STYLEREFS="font0"/><SP WIDTH="21" VPOS="1284" HPOS="2106"/><String ID="p356_w726" CONTENT="the" HPOS="2127" VPOS="1284" WIDTH="58" HEIGHT="75" STYLEREFS="font0"/><SP WIDTH="23" VPOS="1284" HPOS="2185"/><String ID="p356_w727" CONTENT="fiylo-" HPOS="2208" VPOS="1284" WIDTH="98" HEIGHT="75" STYLEREFS="font0"/></TextLine><TextLine WIDTH="195" HEIGHT="75" ID="p356_t86" HPOS="1271" VPOS="1332"><String ID="p356_w728" CONTENT="pharyngxi." HPOS="1271" VPOS="1332" WIDTH="195" HEIGHT="75" STYLEREFS="font0"/></TextLine><TextLine WIDTH="987" HEIGHT="75" ID="p356_t87" HPOS="1317" VPOS="1378"><String ID="p356_w729" CONTENT="The" HPOS="1317" VPOS="1378" WIDTH="76" HEIGHT="75" STYLEREFS="font0"/><SP WIDTH="16" VPOS="1378" HPOS="1393"/><String ID="p356_w730" CONTENT="hyo-pharyngxi" HPOS="1409" VPOS="1378" WIDTH="265" HEIGHT="75" STYLEREFS="font0"/><SP WIDTH="16" VPOS="1378" HPOS="1674"/><String ID="p356_w731" CONTENT="in" HPOS="1690" VPOS="1378" WIDTH="32" HEIGHT="75" STYLEREFS="font0"/><SP WIDTH="18" VPOS="1378" HPOS="1722"/><String ID="p356_w732" CONTENT="general" HPOS="1740" VPOS="1378" WIDTH="128" HEIGHT="75" STYLEREFS="font0"/><SP WIDTH="25" VPOS="1378" HPOS="1868"/><String ID="p356_w733" CONTENT="are" HPOS="1893" VPOS="1378" WIDTH="54" HEIGHT="75" STYLEREFS="font0"/><SP WIDTH="23" VPOS="1378" HPOS="1947"/><String ID="p356_w734" CONTENT="thofe" HPOS="1970" VPOS="1378" WIDTH="91" HEIGHT="75" STYLEREFS="font0"/><SP WIDTH="21" VPOS="1378" HPOS="2061"/><String ID="p356_w735" CONTENT="on" HPOS="2082" VPOS="1378" WIDTH="41" HEIGHT="75" STYLEREFS="font0"/><SP WIDTH="22" VPOS="1378" HPOS="2123"/><String ID="p356_w736" CONTENT="each" HPOS="2145" VPOS="1378" WIDTH="77" HEIGHT="75" STYLEREFS="font0"/><SP WIDTH="18" VPOS="1378" HPOS="2222"/><String ID="p356_w737" CONTENT="fide" HPOS="2240" VPOS="1378" WIDTH="64" HEIGHT="75" STYLEREFS="font0"/></TextLine><TextLine WIDTH="1034" HEIGHT="75" ID="p356_t88" HPOS="1270" VPOS="1423"><String ID="p356_w738" CONTENT="which" HPOS="1270" VPOS="1423" WIDTH="105" HEIGHT="75" STYLEREFS="font0"/><SP WIDTH="23" VPOS="1423" HPOS="1375"/><String ID="p356_w739" CONTENT="are" HPOS="1398" VPOS="1423" WIDTH="54" HEIGHT="75" STYLEREFS="font0"/><SP WIDTH="14" VPOS="1423" HPOS="1452"/><String ID="p356_w740" CONTENT="inferted" HPOS="1466" VPOS="1423" WIDTH="141" HEIGHT="75" STYLEREFS="font0"/><SP WIDTH="23" VPOS="1423" HPOS="1607"/><String ID="p356_w741" CONTENT="in" HPOS="1630" VPOS="1423" WIDTH="32" HEIGHT="75" STYLEREFS="font0"/><SP WIDTH="17" VPOS="1423" HPOS="1662"/><String ID="p356_w742" CONTENT="the" HPOS="1679" VPOS="1423" WIDTH="56" HEIGHT="75" STYLEREFS="font0"/><SP WIDTH="21" VPOS="1423" HPOS="1735"/><String ID="p356_w743" CONTENT="os" HPOS="1756" VPOS="1423" WIDTH="38" HEIGHT="75" STYLEREFS="font0"/><SP WIDTH="17" VPOS="1423" HPOS="1794"/><String ID="p356_w744" CONTENT="hyoides;" HPOS="1811" VPOS="1423" WIDTH="158" HEIGHT="75" STYLEREFS="font0"/><SP WIDTH="27" VPOS="1423" HPOS="1969"/><String ID="p356_w745" CONTENT="and" HPOS="1996" VPOS="1423" WIDTH="63" HEIGHT="75" STYLEREFS="font0"/><SP WIDTH="23" VPOS="1423" HPOS="2059"/><String ID="p356_w746" CONTENT="they" HPOS="2082" VPOS="1423" WIDTH="78" HEIGHT="75" STYLEREFS="font0"/><SP WIDTH="15" VPOS="1423" HPOS="2160"/><String ID="p356_w747" CONTENT="may" HPOS="2175" VPOS="1423" WIDTH="74" HEIGHT="75" STYLEREFS="font0"/><SP WIDTH="14" VPOS="1423" HPOS="2249"/><String ID="p356_w748" CONTENT="be" HPOS="2263" VPOS="1423" WIDTH="41" HEIGHT="75" STYLEREFS="font0"/></TextLine><TextLine WIDTH="1034" HEIGHT="75" ID="p356_t89" HPOS="1271" VPOS="1471"><String ID="p356_w749" CONTENT="reckoned" HPOS="1271" VPOS="1471" WIDTH="159" HEIGHT="75" STYLEREFS="font0"/><SP WIDTH="23" VPOS="1471" HPOS="1430"/><String ID="p356_w750" CONTENT="three" HPOS="1453" VPOS="1471" WIDTH="92" HEIGHT="75" STYLEREFS="font0"/><SP WIDTH="24" VPOS="1471" HPOS="1545"/><String ID="p356_w751" CONTENT="pairs," HPOS="1569" VPOS="1471" WIDTH="99" HEIGHT="75" STYLEREFS="font0"/><SP WIDTH="30" VPOS="1471" HPOS="1668"/><String ID="p356_w752" CONTENT="the" HPOS="1698" VPOS="1471" WIDTH="57" HEIGHT="75" STYLEREFS="font0"/><SP WIDTH="24" VPOS="1471" HPOS="1755"/><String ID="p356_w753" CONTENT="bafio-pharyngxi," HPOS="1779" VPOS="1471" WIDTH="295" HEIGHT="75" STYLEREFS="font0"/><SP WIDTH="23" VPOS="1471" HPOS="2074"/><String ID="p356_w754" CONTENT="kerato-pha-" HPOS="2097" VPOS="1471" WIDTH="208" HEIGHT="75" STYLEREFS="font0"/></TextLine><TextLine WIDTH="1035" HEIGHT="75" ID="p356_t90" HPOS="1271" VPOS="1517"><String ID="p356_w755" CONTENT="ryngxi" HPOS="1271" VPOS="1517" WIDTH="119" HEIGHT="75" STYLEREFS="font0"/><SP WIDTH="28" VPOS="1517" HPOS="1390"/><String ID="p356_w756" CONTENT="minores," HPOS="1418" VPOS="1517" WIDTH="152" HEIGHT="75" STYLEREFS="font0"/><SP WIDTH="31" VPOS="1517" HPOS="1570"/><String ID="p356_w757" CONTENT="and" HPOS="1601" VPOS="1517" WIDTH="62" HEIGHT="75" STYLEREFS="font0"/><SP WIDTH="26" VPOS="1517" HPOS="1663"/><String ID="p356_w758" CONTENT="kerato-pharyngxi" HPOS="1689" VPOS="1517" WIDTH="311" HEIGHT="75" STYLEREFS="font0"/><SP WIDTH="27" VPOS="1517" HPOS="2000"/><String ID="p356_w759" CONTENT="majores;" HPOS="2027" VPOS="1517" WIDTH="158" HEIGHT="75" STYLEREFS="font0"/><SP WIDTH="33" VPOS="1517" HPOS="2185"/><String ID="p356_w760" CONTENT="thefe" HPOS="2218" VPOS="1517" WIDTH="88" HEIGHT="75" STYLEREFS="font0"/></TextLine><TextLine WIDTH="1042" HEIGHT="75" ID="p356_t91" HPOS="1270" VPOS="1566"><String ID="p356_w761" CONTENT="denominations" HPOS="1270" VPOS="1566" WIDTH="256" HEIGHT="75" STYLEREFS="font0"/><SP WIDTH="24" VPOS="1566" HPOS="1526"/><String ID="p356_w762" CONTENT="being" HPOS="1550" VPOS="1566" WIDTH="95" HEIGHT="75" STYLEREFS="font0"/><SP WIDTH="24" VPOS="1566" HPOS="1645"/><String ID="p356_w763" CONTENT="taken" HPOS="1669" VPOS="1566" WIDTH="95" HEIGHT="75" STYLEREFS="font0"/><SP WIDTH="26" VPOS="1566" HPOS="1764"/><String ID="p356_w764" CONTENT="from" HPOS="1790" VPOS="1566" WIDTH="86" HEIGHT="75" STYLEREFS="font0"/><SP WIDTH="24" VPOS="1566" HPOS="1876"/><String ID="p356_w765" CONTENT="their" HPOS="1900" VPOS="1566" WIDTH="83" HEIGHT="75" STYLEREFS="font0"/><SP WIDTH="22" VPOS="1566" HPOS="1983"/><String ID="p356_w766" CONTENT="infertions" HPOS="2005" VPOS="1566" WIDTH="166" HEIGHT="75" STYLEREFS="font0"/><SP WIDTH="23" VPOS="1566" HPOS="2171"/><String ID="p356_w767" CONTENT="in" HPOS="2194" VPOS="1566" WIDTH="31" HEIGHT="75" STYLEREFS="font0"/><SP WIDTH="24" VPOS="1566" HPOS="2225"/><String ID="p356_w768" CONTENT="the" HPOS="2249" VPOS="1566" WIDTH="63" HEIGHT="75" STYLEREFS="font0"/></TextLine><TextLine WIDTH="1035" HEIGHT="75" ID="p356_t92" HPOS="1271" VPOS="1611"><String ID="p356_w769" CONTENT="bafis," HPOS="1271" VPOS="1611" WIDTH="90" HEIGHT="75" STYLEREFS="font0"/><SP WIDTH="25" VPOS="1611" HPOS="1361"/><String ID="p356_w770" CONTENT="and" HPOS="1386" VPOS="1611" WIDTH="63" HEIGHT="75" STYLEREFS="font0"/><SP WIDTH="22" VPOS="1611" HPOS="1449"/><String ID="p356_w771" CONTENT="in" HPOS="1471" VPOS="1611" WIDTH="33" HEIGHT="75" STYLEREFS="font0"/><SP WIDTH="25" VPOS="1611" HPOS="1504"/><String ID="p356_w772" CONTENT="the" HPOS="1529" VPOS="1611" WIDTH="56" HEIGHT="75" STYLEREFS="font0"/><SP WIDTH="23" VPOS="1611" HPOS="1585"/><String ID="p356_w773" CONTENT="fmall" HPOS="1608" VPOS="1611" WIDTH="90" HEIGHT="75" STYLEREFS="font0"/><SP WIDTH="25" VPOS="1611" HPOS="1698"/><String ID="p356_w774" CONTENT="and" HPOS="1723" VPOS="1611" WIDTH="63" HEIGHT="75" STYLEREFS="font0"/><SP WIDTH="22" VPOS="1611" HPOS="1786"/><String ID="p356_w775" CONTENT="great" HPOS="1808" VPOS="1611" WIDTH="91" HEIGHT="75" STYLEREFS="font0"/><SP WIDTH="22" VPOS="1611" HPOS="1899"/><String ID="p356_w776" CONTENT="cornua" HPOS="1921" VPOS="1611" WIDTH="119" HEIGHT="75" STYLEREFS="font0"/><SP WIDTH="15" VPOS="1611" HPOS="2040"/><String ID="p356_w777" CONTENT="of" HPOS="2055" VPOS="1611" WIDTH="41" HEIGHT="75" STYLEREFS="font0"/><SP WIDTH="17" VPOS="1611" HPOS="2096"/><String ID="p356_w778" CONTENT="the" HPOS="2113" VPOS="1611" WIDTH="56" HEIGHT="75" STYLEREFS="font0"/><SP WIDTH="16" VPOS="1611" HPOS="2169"/><String ID="p356_w779" CONTENT="os" HPOS="2185" VPOS="1611" WIDTH="36" HEIGHT="75" STYLEREFS="font0"/><SP WIDTH="23" VPOS="1611" HPOS="2221"/><String ID="p356_w780" CONTENT="hy-" HPOS="2244" VPOS="1611" WIDTH="62" HEIGHT="75" STYLEREFS="font0"/></TextLine><TextLine WIDTH="102" HEIGHT="75" ID="p356_t93" HPOS="1273" VPOS="1657"><String ID="p356_w781" CONTENT="oides." HPOS="1273" VPOS="1657" WIDTH="102" HEIGHT="75" STYLEREFS="font0"/></TextLine><TextLine WIDTH="989" HEIGHT="75" ID="p356_t94" HPOS="1318" VPOS="1705"><String ID="p356_w782" CONTENT="The" HPOS="1318" VPOS="1705" WIDTH="77" HEIGHT="75" STYLEREFS="font0"/><SP WIDTH="16" VPOS="1705" HPOS="1395"/><String ID="p356_w783" CONTENT="mylo-pharyngxi" HPOS="1411" VPOS="1705" WIDTH="286" HEIGHT="75" STYLEREFS="font0"/><SP WIDTH="13" VPOS="1705" HPOS="1697"/><String ID="p356_w784" CONTENT="is" HPOS="1710" VPOS="1705" WIDTH="27" HEIGHT="75" STYLEREFS="font0"/><SP WIDTH="13" VPOS="1705" HPOS="1737"/><String ID="p356_w785" CONTENT="a" HPOS="1750" VPOS="1705" WIDTH="18" HEIGHT="75" STYLEREFS="font0"/><SP WIDTH="10" VPOS="1705" HPOS="1768"/><String ID="p356_w786" CONTENT="mufcular" HPOS="1778" VPOS="1705" WIDTH="156" HEIGHT="75" STYLEREFS="font0"/><SP WIDTH="11" VPOS="1705" HPOS="1934"/><String ID="p356_w787" CONTENT="portion" HPOS="1945" VPOS="1705" WIDTH="130" HEIGHT="75" STYLEREFS="font0"/><SP WIDTH="10" VPOS="1705" HPOS="2075"/><String ID="p356_w788" CONTENT="diftinfl" HPOS="2085" VPOS="1705" WIDTH="123" HEIGHT="75" STYLEREFS="font0"/><SP WIDTH="11" VPOS="1705" HPOS="2208"/><String ID="p356_w789" CONTENT="from" HPOS="2219" VPOS="1705" WIDTH="88" HEIGHT="75" STYLEREFS="font0"/></TextLine><TextLine WIDTH="981" HEIGHT="75" ID="p356_t95" HPOS="1272" VPOS="1751"><String ID="p356_w790" CONTENT="the" HPOS="1272" VPOS="1751" WIDTH="55" HEIGHT="75" STYLEREFS="font0"/><SP WIDTH="17" VPOS="1751" HPOS="1327"/><String ID="p356_w791" CONTENT="genio-gloflus," HPOS="1344" VPOS="1751" WIDTH="239" HEIGHT="75" STYLEREFS="font0"/><SP WIDTH="26" VPOS="1751" HPOS="1583"/><String ID="p356_w792" CONTENT="inferted" HPOS="1609" VPOS="1751" WIDTH="138" HEIGHT="75" STYLEREFS="font0"/><SP WIDTH="15" VPOS="1751" HPOS="1747"/><String ID="p356_w793" CONTENT="in" HPOS="1762" VPOS="1751" WIDTH="32" HEIGHT="75" STYLEREFS="font0"/><SP WIDTH="17" VPOS="1751" HPOS="1794"/><String ID="p356_w794" CONTENT="the" HPOS="1811" VPOS="1751" WIDTH="54" HEIGHT="75" STYLEREFS="font0"/><SP WIDTH="18" VPOS="1751" HPOS="1865"/><String ID="p356_w795" CONTENT="fide" HPOS="1883" VPOS="1751" WIDTH="63" HEIGHT="75" STYLEREFS="font0"/><SP WIDTH="17" VPOS="1751" HPOS="1946"/><String ID="p356_w796" CONTENT="of" HPOS="1963" VPOS="1751" WIDTH="40" HEIGHT="75" STYLEREFS="font0"/><SP WIDTH="19" VPOS="1751" HPOS="2003"/><String ID="p356_w797" CONTENT="the" HPOS="2022" VPOS="1751" WIDTH="54" HEIGHT="75" STYLEREFS="font0"/><SP WIDTH="17" VPOS="1751" HPOS="2076"/><String ID="p356_w798" CONTENT="pharynx." HPOS="2093" VPOS="1751" WIDTH="160" HEIGHT="75" STYLEREFS="font0"/></TextLine><TextLine WIDTH="986" HEIGHT="75" ID="p356_t96" HPOS="1319" VPOS="1798"><String ID="p356_w799" CONTENT="T" HPOS="1319" VPOS="1798" WIDTH="24" HEIGHT="75" STYLEREFS="font0"/><SP WIDTH="10" VPOS="1798" HPOS="1343"/><String ID="p356_w800" CONTENT="he" HPOS="1353" VPOS="1798" WIDTH="41" HEIGHT="75" STYLEREFS="font0"/><SP WIDTH="24" VPOS="1798" HPOS="1394"/><String ID="p356_w801" CONTENT="fyndefmo-pharyngxi" HPOS="1418" VPOS="1798" WIDTH="363" HEIGHT="75" STYLEREFS="font0"/><SP WIDTH="24" VPOS="1798" HPOS="1781"/><String ID="p356_w802" CONTENT="are" HPOS="1805" VPOS="1798" WIDTH="53" HEIGHT="75" STYLEREFS="font0"/><SP WIDTH="22" VPOS="1798" HPOS="1858"/><String ID="p356_w803" CONTENT="fafciculi" HPOS="1880" VPOS="1798" WIDTH="139" HEIGHT="75" STYLEREFS="font0"/><SP WIDTH="16" VPOS="1798" HPOS="2019"/><String ID="p356_w804" CONTENT="of" HPOS="2035" VPOS="1798" WIDTH="41" HEIGHT="75" STYLEREFS="font0"/><SP WIDTH="18" VPOS="1798" HPOS="2076"/><String ID="p356_w805" CONTENT="mufcular" HPOS="2094" VPOS="1798" WIDTH="156" HEIGHT="75" STYLEREFS="font0"/><SP WIDTH="16" VPOS="1798" HPOS="2250"/><String ID="p356_w806" CONTENT="fi-" HPOS="2266" VPOS="1798" WIDTH="39" HEIGHT="75" STYLEREFS="font0"/></TextLine><TextLine WIDTH="1036" HEIGHT="75" ID="p356_t97" HPOS="1273" VPOS="1844"><String ID="p356_w807" CONTENT="bres" HPOS="1273" VPOS="1844" WIDTH="72" HEIGHT="75" STYLEREFS="font0"/><SP WIDTH="24" VPOS="1844" HPOS="1345"/><String ID="p356_w808" CONTENT="very" HPOS="1369" VPOS="1844" WIDTH="78" HEIGHT="75" STYLEREFS="font0"/><SP WIDTH="22" VPOS="1844" HPOS="1447"/><String ID="p356_w809" CONTENT="diftindtly" HPOS="1469" VPOS="1844" WIDTH="159" HEIGHT="75" STYLEREFS="font0"/><SP WIDTH="22" VPOS="1844" HPOS="1628"/><String ID="p356_w810" CONTENT="inferted" HPOS="1650" VPOS="1844" WIDTH="140" HEIGHT="75" STYLEREFS="font0"/><SP WIDTH="22" VPOS="1844" HPOS="1790"/><String ID="p356_w811" CONTENT="by" HPOS="1812" VPOS="1844" WIDTH="45" HEIGHT="75" STYLEREFS="font0"/><SP WIDTH="15" VPOS="1844" HPOS="1857"/><String ID="p356_w812" CONTENT="one" HPOS="1872" VPOS="1844" WIDTH="63" HEIGHT="75" STYLEREFS="font0"/><SP WIDTH="8" VPOS="1844" HPOS="1935"/><String ID="p356_w813" CONTENT="'end" HPOS="1943" VPOS="1844" WIDTH="76" HEIGHT="75" STYLEREFS="font0"/><SP WIDTH="24" VPOS="1844" HPOS="2019"/><String ID="p356_w814" CONTENT="along" HPOS="2043" VPOS="1844" WIDTH="95" HEIGHT="75" STYLEREFS="font0"/><SP WIDTH="16" VPOS="1844" HPOS="2138"/><String ID="p356_w815" CONTENT="the" HPOS="2154" VPOS="1844" WIDTH="54" HEIGHT="75" STYLEREFS="font0"/><SP WIDTH="16" VPOS="1844" HPOS="2208"/><String ID="p356_w816" CONTENT="liga*" HPOS="2224" VPOS="1844" WIDTH="85" HEIGHT="75" STYLEREFS="font0"/></TextLine><TextLine WIDTH="1031" HEIGHT="75" ID="p356_t98" HPOS="1272" VPOS="1890"><String ID="p356_w817" CONTENT="ments" HPOS="1272" VPOS="1890" WIDTH="103" HEIGHT="75" STYLEREFS="font0"/><SP WIDTH="18" VPOS="1890" HPOS="1375"/><String ID="p356_w818" CONTENT="by" HPOS="1393" VPOS="1890" WIDTH="42" HEIGHT="75" STYLEREFS="font0"/><SP WIDTH="16" VPOS="1890" HPOS="1435"/><String ID="p356_w819" CONTENT="which" HPOS="1451" VPOS="1890" WIDTH="106" HEIGHT="75" STYLEREFS="font0"/><SP WIDTH="17" VPOS="1890" HPOS="1557"/><String ID="p356_w820" CONTENT="the" HPOS="1574" VPOS="1890" WIDTH="56" HEIGHT="75" STYLEREFS="font0"/><SP WIDTH="16" VPOS="1890" HPOS="1630"/><String ID="p356_w821" CONTENT="fuperior" HPOS="1646" VPOS="1890" WIDTH="142" HEIGHT="75" STYLEREFS="font0"/><SP WIDTH="16" VPOS="1890" HPOS="1788"/><String ID="p356_w822" CONTENT="cornua" HPOS="1804" VPOS="1890" WIDTH="117" HEIGHT="75" STYLEREFS="font0"/><SP WIDTH="17" VPOS="1890" HPOS="1921"/><String ID="p356_w823" CONTENT="of" HPOS="1938" VPOS="1890" WIDTH="41" HEIGHT="75" STYLEREFS="font0"/><SP WIDTH="10" VPOS="1890" HPOS="1979"/><String ID="p356_w824" CONTENT="the" HPOS="1989" VPOS="1890" WIDTH="57" HEIGHT="75" STYLEREFS="font0"/><SP WIDTH="11" VPOS="1890" HPOS="2046"/><String ID="p356_w825" CONTENT="cartilago" HPOS="2057" VPOS="1890" WIDTH="154" HEIGHT="75" STYLEREFS="font0"/><SP WIDTH="17" VPOS="1890" HPOS="2211"/><String ID="p356_w826" CONTENT="thy-" HPOS="2228" VPOS="1890" WIDTH="75" HEIGHT="75" STYLEREFS="font0"/></TextLine><TextLine WIDTH="1033" HEIGHT="75" ID="p356_t99" HPOS="1272" VPOS="1937"><String ID="p356_w827" CONTENT="roides" HPOS="1272" VPOS="1937" WIDTH="104" HEIGHT="75" STYLEREFS="font0"/><SP WIDTH="18" VPOS="1937" HPOS="1376"/><String ID="p356_w828" CONTENT="are" HPOS="1394" VPOS="1937" WIDTH="53" HEIGHT="75" STYLEREFS="font0"/><SP WIDTH="16" VPOS="1937" HPOS="1447"/><String ID="p356_w829" CONTENT="connected" HPOS="1463" VPOS="1937" WIDTH="172" HEIGHT="75" STYLEREFS="font0"/><SP WIDTH="16" VPOS="1937" HPOS="1635"/><String ID="p356_w830" CONTENT="to" HPOS="1651" VPOS="1937" WIDTH="35" HEIGHT="75" STYLEREFS="font0"/><SP WIDTH="16" VPOS="1937" HPOS="1686"/><String ID="p356_w831" CONTENT="the" HPOS="1702" VPOS="1937" WIDTH="56" HEIGHT="75" STYLEREFS="font0"/><SP WIDTH="16" VPOS="1937" HPOS="1758"/><String ID="p356_w832" CONTENT="extremities" HPOS="1774" VPOS="1937" WIDTH="199" HEIGHT="75" STYLEREFS="font0"/><SP WIDTH="17" VPOS="1937" HPOS="1973"/><String ID="p356_w833" CONTENT="of" HPOS="1990" VPOS="1937" WIDTH="40" HEIGHT="75" STYLEREFS="font0"/><SP WIDTH="18" VPOS="1937" HPOS="2030"/><String ID="p356_w834" CONTENT="the" HPOS="2048" VPOS="1937" WIDTH="56" HEIGHT="75" STYLEREFS="font0"/><SP WIDTH="22" VPOS="1937" HPOS="2104"/><String ID="p356_w835" CONTENT="great" HPOS="2126" VPOS="1937" WIDTH="89" HEIGHT="75" STYLEREFS="font0"/><SP WIDTH="17" VPOS="1937" HPOS="2215"/><String ID="p356_w836" CONTENT="cor-" HPOS="2232" VPOS="1937" WIDTH="73" HEIGHT="75" STYLEREFS="font0"/></TextLine><TextLine WIDTH="1031" HEIGHT="75" ID="p356_t100" HPOS="1272" VPOS="1982"><String ID="p356_w837" CONTENT="nua" HPOS="1272" VPOS="1982" WIDTH="62" HEIGHT="75" STYLEREFS="font0"/><SP WIDTH="22" VPOS="1982" HPOS="1334"/><String ID="p356_w838" CONTENT="of" HPOS="1356" VPOS="1982" WIDTH="41" HEIGHT="75" STYLEREFS="font0"/><SP WIDTH="18" VPOS="1982" HPOS="1397"/><String ID="p356_w839" CONTENT="the" HPOS="1415" VPOS="1982" WIDTH="54" HEIGHT="75" STYLEREFS="font0"/><SP WIDTH="26" VPOS="1982" HPOS="1469"/><String ID="p356_w840" CONTENT="os" HPOS="1495" VPOS="1982" WIDTH="36" HEIGHT="75" STYLEREFS="font0"/><SP WIDTH="21" VPOS="1982" HPOS="1531"/><String ID="p356_w841" CONTENT="hyoides." HPOS="1552" VPOS="1982" WIDTH="147" HEIGHT="75" STYLEREFS="font0"/><SP WIDTH="53" VPOS="1982" HPOS="1699"/><String ID="p356_w842" CONTENT="From" HPOS="1752" VPOS="1982" WIDTH="97" HEIGHT="75" STYLEREFS="font0"/><SP WIDTH="25" VPOS="1982" HPOS="1849"/><String ID="p356_w843" CONTENT="thence" HPOS="1874" VPOS="1982" WIDTH="114" HEIGHT="75" STYLEREFS="font0"/><SP WIDTH="28" VPOS="1982" HPOS="1988"/><String ID="p356_w844" CONTENT="they" HPOS="2016" VPOS="1982" WIDTH="77" HEIGHT="75" STYLEREFS="font0"/><SP WIDTH="24" VPOS="1982" HPOS="2093"/><String ID="p356_w845" CONTENT="run" HPOS="2117" VPOS="1982" WIDTH="60" HEIGHT="75" STYLEREFS="font0"/><SP WIDTH="28" VPOS="1982" HPOS="2177"/><String ID="p356_w846" CONTENT="back-" HPOS="2205" VPOS="1982" WIDTH="98" HEIGHT="75" STYLEREFS="font0"/></TextLine><TextLine WIDTH="591" HEIGHT="75" ID="p356_t101" HPOS="1271" VPOS="2029"><String ID="p356_w847" CONTENT="ward" HPOS="1271" VPOS="2029" WIDTH="89" HEIGHT="75" STYLEREFS="font0"/><SP WIDTH="16" VPOS="2029" HPOS="1360"/><String ID="p356_w848" CONTENT="and" HPOS="1376" VPOS="2029" WIDTH="63" HEIGHT="75" STYLEREFS="font0"/><SP WIDTH="16" VPOS="2029" HPOS="1439"/><String ID="p356_w849" CONTENT="meet" HPOS="1455" VPOS="2029" WIDTH="84" HEIGHT="75" STYLEREFS="font0"/><SP WIDTH="17" VPOS="2029" HPOS="1539"/><String ID="p356_w850" CONTENT="at" HPOS="1556" VPOS="2029" WIDTH="33" HEIGHT="75" STYLEREFS="font0"/><SP WIDTH="17" VPOS="2029" HPOS="1589"/><String ID="p356_w851" CONTENT="the" HPOS="1606" VPOS="2029" WIDTH="56" HEIGHT="75" STYLEREFS="font0"/><SP WIDTH="16" VPOS="2029" HPOS="1662"/><String ID="p356_w852" CONTENT="linea" HPOS="1678" VPOS="2029" WIDTH="84" HEIGHT="75" STYLEREFS="font0"/><SP WIDTH="15" VPOS="2029" HPOS="1762"/><String ID="p356_w853" CONTENT="alba." HPOS="1777" VPOS="2029" WIDTH="85" HEIGHT="75" STYLEREFS="font0"/></TextLine><TextLine WIDTH="988" HEIGHT="75" ID="p356_t102" HPOS="1317" VPOS="2076"><String ID="p356_w854" CONTENT="The" HPOS="1317" VPOS="2076" WIDTH="76" HEIGHT="75" STYLEREFS="font0"/><SP WIDTH="16" VPOS="2076" HPOS="1393"/><String ID="p356_w855" CONTENT="thyro-pharyngxi" HPOS="1409" VPOS="2076" WIDTH="295" HEIGHT="75" STYLEREFS="font0"/><SP WIDTH="18" VPOS="2076" HPOS="1704"/><String ID="p356_w856" CONTENT="are" HPOS="1722" VPOS="2076" WIDTH="53" HEIGHT="75" STYLEREFS="font0"/><SP WIDTH="15" VPOS="2076" HPOS="1775"/><String ID="p356_w857" CONTENT="very" HPOS="1790" VPOS="2076" WIDTH="78" HEIGHT="75" STYLEREFS="font0"/><SP WIDTH="15" VPOS="2076" HPOS="1868"/><String ID="p356_w858" CONTENT="broad," HPOS="1883" VPOS="2076" WIDTH="115" HEIGHT="75" STYLEREFS="font0"/><SP WIDTH="17" VPOS="2076" HPOS="1998"/><String ID="p356_w859" CONTENT="and" HPOS="2015" VPOS="2076" WIDTH="63" HEIGHT="75" STYLEREFS="font0"/><SP WIDTH="15" VPOS="2076" HPOS="2078"/><String ID="p356_w860" CONTENT="each" HPOS="2093" VPOS="2076" WIDTH="76" HEIGHT="75" STYLEREFS="font0"/><SP WIDTH="18" VPOS="2076" HPOS="2169"/><String ID="p356_w861" CONTENT="mufcle" HPOS="2187" VPOS="2076" WIDTH="118" HEIGHT="75" STYLEREFS="font0"/></TextLine><TextLine WIDTH="1034" HEIGHT="75" ID="p356_t103" HPOS="1271" VPOS="2122"><String ID="p356_w862" CONTENT="is" HPOS="1271" VPOS="2122" WIDTH="27" HEIGHT="75" STYLEREFS="font0"/><SP WIDTH="16" VPOS="2122" HPOS="1298"/><String ID="p356_w863" CONTENT="inferted" HPOS="1314" VPOS="2122" WIDTH="137" HEIGHT="75" STYLEREFS="font0"/><SP WIDTH="17" VPOS="2122" HPOS="1451"/><String ID="p356_w864" CONTENT="along" HPOS="1468" VPOS="2122" WIDTH="95" HEIGHT="75" STYLEREFS="font0"/><SP WIDTH="16" VPOS="2122" HPOS="1563"/><String ID="p356_w865" CONTENT="the" HPOS="1579" VPOS="2122" WIDTH="53" HEIGHT="75" STYLEREFS="font0"/><SP WIDTH="23" VPOS="2122" HPOS="1632"/><String ID="p356_w866" CONTENT="outfide" HPOS="1655" VPOS="2122" WIDTH="121" HEIGHT="75" STYLEREFS="font0"/><SP WIDTH="25" VPOS="2122" HPOS="1776"/><String ID="p356_w867" CONTENT="of" HPOS="1801" VPOS="2122" WIDTH="40" HEIGHT="75" STYLEREFS="font0"/><SP WIDTH="18" VPOS="2122" HPOS="1841"/><String ID="p356_w868" CONTENT="the" HPOS="1859" VPOS="2122" WIDTH="56" HEIGHT="75" STYLEREFS="font0"/><SP WIDTH="23" VPOS="2122" HPOS="1915"/><String ID="p356_w869" CONTENT="ala" HPOS="1938" VPOS="2122" WIDTH="50" HEIGHT="75" STYLEREFS="font0"/><SP WIDTH="24" VPOS="2122" HPOS="1988"/><String ID="p356_w870" CONTENT="of" HPOS="2012" VPOS="2122" WIDTH="40" HEIGHT="75" STYLEREFS="font0"/><SP WIDTH="18" VPOS="2122" HPOS="2052"/><String ID="p356_w871" CONTENT="the" HPOS="2070" VPOS="2122" WIDTH="56" HEIGHT="75" STYLEREFS="font0"/><SP WIDTH="24" VPOS="2122" HPOS="2126"/><String ID="p356_w872" CONTENT="cartilago" HPOS="2150" VPOS="2122" WIDTH="155" HEIGHT="75" STYLEREFS="font0"/></TextLine><TextLine WIDTH="1034" HEIGHT="75" ID="p356_t104" HPOS="1272" VPOS="2170"><String ID="p356_w873" CONTENT="thyroides," HPOS="1272" VPOS="2170" WIDTH="180" HEIGHT="75" STYLEREFS="font0"/><SP WIDTH="24" VPOS="2170" HPOS="1452"/><String ID="p356_w874" CONTENT="between" HPOS="1476" VPOS="2170" WIDTH="142" HEIGHT="75" STYLEREFS="font0"/><SP WIDTH="28" VPOS="2170" HPOS="1618"/><String ID="p356_w875" CONTENT="the" HPOS="1646" VPOS="2170" WIDTH="56" HEIGHT="75" STYLEREFS="font0"/><SP WIDTH="26" VPOS="2170" HPOS="1702"/><String ID="p356_w876" CONTENT="edge" HPOS="1728" VPOS="2170" WIDTH="81" HEIGHT="75" STYLEREFS="font0"/><SP WIDTH="25" VPOS="2170" HPOS="1809"/><String ID="p356_w877" CONTENT="of" HPOS="1834" VPOS="2170" WIDTH="39" HEIGHT="75" STYLEREFS="font0"/><SP WIDTH="19" VPOS="2170" HPOS="1873"/><String ID="p356_w878" CONTENT="that" HPOS="1892" VPOS="2170" WIDTH="71" HEIGHT="75" STYLEREFS="font0"/><SP WIDTH="24" VPOS="2170" HPOS="1963"/><String ID="p356_w879" CONTENT="cartilage" HPOS="1987" VPOS="2170" WIDTH="151" HEIGHT="75" STYLEREFS="font0"/><SP WIDTH="25" VPOS="2170" HPOS="2138"/><String ID="p356_w880" CONTENT="and" HPOS="2163" VPOS="2170" WIDTH="61" HEIGHT="75" STYLEREFS="font0"/><SP WIDTH="25" VPOS="2170" HPOS="2224"/><String ID="p356_w881" CONTENT="the" HPOS="2249" VPOS="2170" WIDTH="57" HEIGHT="75" STYLEREFS="font0"/></TextLine><TextLine WIDTH="1040" HEIGHT="75" ID="p356_t105" HPOS="1273" VPOS="2216"><String ID="p356_w882" CONTENT="oblique" HPOS="1273" VPOS="2216" WIDTH="130" HEIGHT="75" STYLEREFS="font0"/><SP WIDTH="15" VPOS="2216" HPOS="1403"/><String ID="p356_w883" CONTENT="line" HPOS="1418" VPOS="2216" WIDTH="64" HEIGHT="75" STYLEREFS="font0"/><SP WIDTH="17" VPOS="2216" HPOS="1482"/><String ID="p356_w884" CONTENT="in" HPOS="1499" VPOS="2216" WIDTH="33" HEIGHT="75" STYLEREFS="font0"/><SP WIDTH="15" VPOS="2216" HPOS="1532"/><String ID="p356_w885" CONTENT="which" HPOS="1547" VPOS="2216" WIDTH="106" HEIGHT="75" STYLEREFS="font0"/><SP WIDTH="17" VPOS="2216" HPOS="1653"/><String ID="p356_w886" CONTENT="the" HPOS="1670" VPOS="2216" WIDTH="56" HEIGHT="75" STYLEREFS="font0"/><SP WIDTH="12" VPOS="2216" HPOS="1726"/><String ID="p356_w887" CONTENT="thyro-hyoidxi" HPOS="1738" VPOS="2216" WIDTH="251" HEIGHT="75" STYLEREFS="font0"/><SP WIDTH="13" VPOS="2216" HPOS="1989"/><String ID="p356_w888" CONTENT="are" HPOS="2002" VPOS="2216" WIDTH="52" HEIGHT="75" STYLEREFS="font0"/><SP WIDTH="12" VPOS="2216" HPOS="2054"/><String ID="p356_w889" CONTENT="fixed" HPOS="2066" VPOS="2216" WIDTH="86" HEIGHT="75" STYLEREFS="font0"/><SP WIDTH="55" VPOS="2216" HPOS="2152"/><String ID="p356_w890" CONTENT="From-" HPOS="2207" VPOS="2216" WIDTH="106" HEIGHT="75" STYLEREFS="font0"/></TextLine><TextLine WIDTH="1033" HEIGHT="75" ID="p356_t106" HPOS="1272" VPOS="2264"><String ID="p356_w891" CONTENT="thence" HPOS="1272" VPOS="2264" WIDTH="115" HEIGHT="75" STYLEREFS="font0"/><SP WIDTH="16" VPOS="2264" HPOS="1387"/><String ID="p356_w892" CONTENT="they" HPOS="1403" VPOS="2264" WIDTH="78" HEIGHT="75" STYLEREFS="font0"/><SP WIDTH="17" VPOS="2264" HPOS="1481"/><String ID="p356_w893" CONTENT="run" HPOS="1498" VPOS="2264" WIDTH="58" HEIGHT="75" STYLEREFS="font0"/><SP WIDTH="16" VPOS="2264" HPOS="1556"/><String ID="p356_w894" CONTENT="up" HPOS="1572" VPOS="2264" WIDTH="43" HEIGHT="75" STYLEREFS="font0"/><SP WIDTH="16" VPOS="2264" HPOS="1615"/><String ID="p356_w895" CONTENT="obliquely" HPOS="1631" VPOS="2264" WIDTH="165" HEIGHT="75" STYLEREFS="font0"/><SP WIDTH="15" VPOS="2264" HPOS="1796"/><String ID="p356_w896" CONTENT="backward," HPOS="1811" VPOS="2264" WIDTH="184" HEIGHT="75" STYLEREFS="font0"/><SP WIDTH="24" VPOS="2264" HPOS="1995"/><String ID="p356_w897" CONTENT="and" HPOS="2019" VPOS="2264" WIDTH="62" HEIGHT="75" STYLEREFS="font0"/><SP WIDTH="22" VPOS="2264" HPOS="2081"/><String ID="p356_w898" CONTENT="meet" HPOS="2103" VPOS="2264" WIDTH="85" HEIGHT="75" STYLEREFS="font0"/><SP WIDTH="16" VPOS="2264" HPOS="2188"/><String ID="p356_w899" CONTENT="under" HPOS="2204" VPOS="2264" WIDTH="101" HEIGHT="75" STYLEREFS="font0"/></TextLine><TextLine WIDTH="252" HEIGHT="75" ID="p356_t107" HPOS="1275" VPOS="2309"><String ID="p356_w900" CONTENT="the" HPOS="1275" VPOS="2309" WIDTH="54" HEIGHT="75" STYLEREFS="font0"/><SP WIDTH="18" VPOS="2309" HPOS="1329"/><String ID="p356_w901" CONTENT="linea" HPOS="1347" VPOS="2309" WIDTH="84" HEIGHT="75" STYLEREFS="font0"/><SP WIDTH="11" VPOS="2309" HPOS="1431"/><String ID="p356_w902" CONTENT="alba." HPOS="1442" VPOS="2309" WIDTH="85" HEIGHT="75" STYLEREFS="font0"/></TextLine><TextLine WIDTH="984" HEIGHT="75" ID="p356_t108" HPOS="1320" VPOS="2357"><String ID="p356_w903" CONTENT="The" HPOS="1320" VPOS="2357" WIDTH="77" HEIGHT="75" STYLEREFS="font0"/><SP WIDTH="24" VPOS="2357" HPOS="1397"/><String ID="p356_w904" CONTENT="crico-pharyngxi" HPOS="1421" VPOS="2357" WIDTH="283" HEIGHT="75" STYLEREFS="font0"/><SP WIDTH="26" VPOS="2357" HPOS="1704"/><String ID="p356_w905" CONTENT="are" HPOS="1730" VPOS="2357" WIDTH="52" HEIGHT="75" STYLEREFS="font0"/><SP WIDTH="24" VPOS="2357" HPOS="1782"/><String ID="p356_w906" CONTENT="inferted" HPOS="1806" VPOS="2357" WIDTH="137" HEIGHT="75" STYLEREFS="font0"/><SP WIDTH="24" VPOS="2357" HPOS="1943"/><String ID="p356_w907" CONTENT="each" HPOS="1967" VPOS="2357" WIDTH="78" HEIGHT="75" STYLEREFS="font0"/><SP WIDTH="24" VPOS="2357" HPOS="2045"/><String ID="p356_w908" CONTENT="in" HPOS="2069" VPOS="2357" WIDTH="33" HEIGHT="75" STYLEREFS="font0"/><SP WIDTH="22" VPOS="2357" HPOS="2102"/><String ID="p356_w909" CONTENT="the" HPOS="2124" VPOS="2357" WIDTH="56" HEIGHT="75" STYLEREFS="font0"/><SP WIDTH="23" VPOS="2357" HPOS="2180"/><String ID="p356_w910" CONTENT="lower" HPOS="2203" VPOS="2357" WIDTH="101" HEIGHT="75" STYLEREFS="font0"/></TextLine><TextLine WIDTH="1029" HEIGHT="75" ID="p356_t109" HPOS="1274" VPOS="2403"><String ID="p356_w911" CONTENT="part" HPOS="1274" VPOS="2403" WIDTH="70" HEIGHT="75" STYLEREFS="font0"/><SP WIDTH="17" VPOS="2403" HPOS="1344"/><String ID="p356_w912" CONTENT="of" HPOS="1361" VPOS="2403" WIDTH="40" HEIGHT="75" STYLEREFS="font0"/><SP WIDTH="19" VPOS="2403" HPOS="1401"/><String ID="p356_w913" CONTENT="the" HPOS="1420" VPOS="2403" WIDTH="55" HEIGHT="75" STYLEREFS="font0"/><SP WIDTH="17" VPOS="2403" HPOS="1475"/><String ID="p356_w914" CONTENT="fide" HPOS="1492" VPOS="2403" WIDTH="62" HEIGHT="75" STYLEREFS="font0"/><SP WIDTH="17" VPOS="2403" HPOS="1554"/><String ID="p356_w915" CONTENT="of" HPOS="1571" VPOS="2403" WIDTH="40" HEIGHT="75" STYLEREFS="font0"/><SP WIDTH="19" VPOS="2403" HPOS="1611"/><String ID="p356_w916" CONTENT="the" HPOS="1630" VPOS="2403" WIDTH="54" HEIGHT="75" STYLEREFS="font0"/><SP WIDTH="16" VPOS="2403" HPOS="1684"/><String ID="p356_w917" CONTENT="cricoid" HPOS="1700" VPOS="2403" WIDTH="120" HEIGHT="75" STYLEREFS="font0"/><SP WIDTH="16" VPOS="2403" HPOS="1820"/><String ID="p356_w918" CONTENT="cartilage." HPOS="1836" VPOS="2403" WIDTH="163" HEIGHT="75" STYLEREFS="font0"/><SP WIDTH="48" VPOS="2403" HPOS="1999"/><String ID="p356_w919" CONTENT="They" HPOS="2047" VPOS="2403" WIDTH="100" HEIGHT="75" STYLEREFS="font0"/><SP WIDTH="21" VPOS="2403" HPOS="2147"/><String ID="p356_w920" CONTENT="feem" HPOS="2168" VPOS="2403" WIDTH="84" HEIGHT="75" STYLEREFS="font0"/><SP WIDTH="15" VPOS="2403" HPOS="2252"/><String ID="p356_w921" CONTENT="to" HPOS="2267" VPOS="2403" WIDTH="36" HEIGHT="75" STYLEREFS="font0"/></TextLine><TextLine WIDTH="1030" HEIGHT="75" ID="p356_t110" HPOS="1275" VPOS="2450"><String ID="p356_w922" CONTENT="be" HPOS="1275" VPOS="2450" WIDTH="38" HEIGHT="75" STYLEREFS="font0"/><SP WIDTH="17" VPOS="2450" HPOS="1313"/><String ID="p356_w923" CONTENT="appendices" HPOS="1330" VPOS="2450" WIDTH="189" HEIGHT="75" STYLEREFS="font0"/><SP WIDTH="15" VPOS="2450" HPOS="1519"/><String ID="p356_w924" CONTENT="of" HPOS="1534" VPOS="2450" WIDTH="40" HEIGHT="75" STYLEREFS="font0"/><SP WIDTH="18" VPOS="2450" HPOS="1574"/><String ID="p356_w925" CONTENT="the" HPOS="1592" VPOS="2450" WIDTH="56" HEIGHT="75" STYLEREFS="font0"/><SP WIDTH="16" VPOS="2450" HPOS="1648"/><String ID="p356_w926" CONTENT="thyro-pharyngxi," HPOS="1664" VPOS="2450" WIDTH="308" HEIGHT="75" STYLEREFS="font0"/><SP WIDTH="24" VPOS="2450" HPOS="1972"/><String ID="p356_w927" CONTENT="(hewing" HPOS="1996" VPOS="2450" WIDTH="138" HEIGHT="75" STYLEREFS="font0"/><SP WIDTH="15" VPOS="2450" HPOS="2134"/><String ID="p356_w928" CONTENT="no" HPOS="2149" VPOS="2450" WIDTH="42" HEIGHT="75" STYLEREFS="font0"/><SP WIDTH="19" VPOS="2450" HPOS="2191"/><String ID="p356_w929" CONTENT="other" HPOS="2210" VPOS="2450" WIDTH="95" HEIGHT="75" STYLEREFS="font0"/></TextLine><TextLine WIDTH="1039" HEIGHT="75" ID="p356_t111" HPOS="1275" VPOS="2496"><String ID="p356_w930" CONTENT="marks" HPOS="1275" VPOS="2496" WIDTH="104" HEIGHT="75" STYLEREFS="font0"/><SP WIDTH="18" VPOS="2496" HPOS="1379"/><String ID="p356_w931" CONTENT="of" HPOS="1397" VPOS="2496" WIDTH="39" HEIGHT="75" STYLEREFS="font0"/><SP WIDTH="10" VPOS="2496" HPOS="1436"/><String ID="p356_w932" CONTENT="diflinftion" HPOS="1446" VPOS="2496" WIDTH="176" HEIGHT="75" STYLEREFS="font0"/><SP WIDTH="17" VPOS="2496" HPOS="1622"/><String ID="p356_w933" CONTENT="but" HPOS="1639" VPOS="2496" WIDTH="57" HEIGHT="75" STYLEREFS="font0"/><SP WIDTH="12" VPOS="2496" HPOS="1696"/><String ID="p356_w934" CONTENT="thefe" HPOS="1708" VPOS="2496" WIDTH="87" HEIGHT="75" STYLEREFS="font0"/><SP WIDTH="12" VPOS="2496" HPOS="1795"/><String ID="p356_w935" CONTENT="infertions," HPOS="1807" VPOS="2496" WIDTH="180" HEIGHT="75" STYLEREFS="font0"/><SP WIDTH="25" VPOS="2496" HPOS="1987"/><String ID="p356_w936" CONTENT="and" HPOS="2012" VPOS="2496" WIDTH="61" HEIGHT="75" STYLEREFS="font0"/><SP WIDTH="22" VPOS="2496" HPOS="2073"/><String ID="p356_w937" CONTENT="a" HPOS="2095" VPOS="2496" WIDTH="18" HEIGHT="75" STYLEREFS="font0"/><SP WIDTH="16" VPOS="2496" HPOS="2113"/><String ID="p356_w938" CONTENT="fmall" HPOS="2129" VPOS="2496" WIDTH="86" HEIGHT="75" STYLEREFS="font0"/><SP WIDTH="25" VPOS="2496" HPOS="2215"/><String ID="p356_w939" CONTENT="dif-" HPOS="2240" VPOS="2496" WIDTH="74" HEIGHT="75" STYLEREFS="font0"/></TextLine><TextLine WIDTH="1031" HEIGHT="75" ID="p356_t112" HPOS="1275" VPOS="2543"><String ID="p356_w940" CONTENT="ference" HPOS="1275" VPOS="2543" WIDTH="126" HEIGHT="75" STYLEREFS="font0"/><SP WIDTH="16" VPOS="2543" HPOS="1401"/><String ID="p356_w941" CONTENT="in" HPOS="1417" VPOS="2543" WIDTH="32" HEIGHT="75" STYLEREFS="font0"/><SP WIDTH="16" VPOS="2543" HPOS="1449"/><String ID="p356_w942" CONTENT="direction," HPOS="1465" VPOS="2543" WIDTH="167" HEIGHT="75" STYLEREFS="font0"/><SP WIDTH="24" VPOS="2543" HPOS="1632"/><String ID="p356_w943" CONTENT="becaufe" HPOS="1656" VPOS="2543" WIDTH="132" HEIGHT="75" STYLEREFS="font0"/><SP WIDTH="15" VPOS="2543" HPOS="1788"/><String ID="p356_w944" CONTENT="as" HPOS="1803" VPOS="2543" WIDTH="35" HEIGHT="75" STYLEREFS="font0"/><SP WIDTH="16" VPOS="2543" HPOS="1838"/><String ID="p356_w945" CONTENT="they" HPOS="1854" VPOS="2543" WIDTH="79" HEIGHT="75" STYLEREFS="font0"/><SP WIDTH="16" VPOS="2543" HPOS="1933"/><String ID="p356_w946" CONTENT="run" HPOS="1949" VPOS="2543" WIDTH="58" HEIGHT="75" STYLEREFS="font0"/><SP WIDTH="24" VPOS="2543" HPOS="2007"/><String ID="p356_w947" CONTENT="backward" HPOS="2031" VPOS="2543" WIDTH="172" HEIGHT="75" STYLEREFS="font0"/><SP WIDTH="23" VPOS="2543" HPOS="2203"/><String ID="p356_w948" CONTENT="they" HPOS="2226" VPOS="2543" WIDTH="80" HEIGHT="75" STYLEREFS="font0"/></TextLine><TextLine WIDTH="278" HEIGHT="75" ID="p356_t113" HPOS="1274" VPOS="2589"><String ID="p356_w949" CONTENT="defcend" HPOS="1274" VPOS="2589" WIDTH="136" HEIGHT="75" STYLEREFS="font0"/><SP WIDTH="13" VPOS="2589" HPOS="1410"/><String ID="p356_w950" CONTENT="a" HPOS="1423" VPOS="2589" WIDTH="17" HEIGHT="75" STYLEREFS="font0"/><SP WIDTH="15" VPOS="2589" HPOS="1440"/><String ID="p356_w951" CONTENT="little." HPOS="1455" VPOS="2589" WIDTH="97" HEIGHT="75" STYLEREFS="font0"/></TextLine><TextLine WIDTH="985" HEIGHT="75" ID="p356_t114" HPOS="1320" VPOS="2636"><String ID="p356_w952" CONTENT="The" HPOS="1320" VPOS="2636" WIDTH="76" HEIGHT="75" STYLEREFS="font0"/><SP WIDTH="16" VPOS="2636" HPOS="1396"/><String ID="p356_w953" CONTENT="lowed" HPOS="1412" VPOS="2636" WIDTH="108" HEIGHT="75" STYLEREFS="font0"/><SP WIDTH="16" VPOS="2636" HPOS="1520"/><String ID="p356_w954" CONTENT="of" HPOS="1536" VPOS="2636" WIDTH="41" HEIGHT="75" STYLEREFS="font0"/><SP WIDTH="17" VPOS="2636" HPOS="1577"/><String ID="p356_w955" CONTENT="thefe" HPOS="1594" VPOS="2636" WIDTH="87" HEIGHT="75" STYLEREFS="font0"/><SP WIDTH="16" VPOS="2636" HPOS="1681"/><String ID="p356_w956" CONTENT="mufcular" HPOS="1697" VPOS="2636" WIDTH="157" HEIGHT="75" STYLEREFS="font0"/><SP WIDTH="20" VPOS="2636" HPOS="1854"/><String ID="p356_w957" CONTENT="fibres" HPOS="1874" VPOS="2636" WIDTH="97" HEIGHT="75" STYLEREFS="font0"/><SP WIDTH="16" VPOS="2636" HPOS="1971"/><String ID="p356_w958" CONTENT="make" HPOS="1987" VPOS="2636" WIDTH="93" HEIGHT="75" STYLEREFS="font0"/><SP WIDTH="25" VPOS="2636" HPOS="2080"/><String ID="p356_w959" CONTENT="a" HPOS="2105" VPOS="2636" WIDTH="18" HEIGHT="75" STYLEREFS="font0"/><SP WIDTH="24" VPOS="2636" HPOS="2123"/><String ID="p356_w960" CONTENT="complete" HPOS="2147" VPOS="2636" WIDTH="158" HEIGHT="75" STYLEREFS="font0"/></TextLine><TextLine WIDTH="1040" HEIGHT="75" ID="p356_t115" HPOS="1273" VPOS="2682"><String ID="p356_w961" CONTENT="circle" HPOS="1273" VPOS="2682" WIDTH="96" HEIGHT="75" STYLEREFS="font0"/><SP WIDTH="24" VPOS="2682" HPOS="1369"/><String ID="p356_w962" CONTENT="backward," HPOS="1393" VPOS="2682" WIDTH="183" HEIGHT="75" STYLEREFS="font0"/><SP WIDTH="25" VPOS="2682" HPOS="1576"/><String ID="p356_w963" CONTENT="between" HPOS="1601" VPOS="2682" WIDTH="146" HEIGHT="75" STYLEREFS="font0"/><SP WIDTH="23" VPOS="2682" HPOS="1747"/><String ID="p356_w964" CONTENT="the" HPOS="1770" VPOS="2682" WIDTH="56" HEIGHT="75" STYLEREFS="font0"/><SP WIDTH="23" VPOS="2682" HPOS="1826"/><String ID="p356_w965" CONTENT="two" HPOS="1849" VPOS="2682" WIDTH="67" HEIGHT="75" STYLEREFS="font0"/><SP WIDTH="24" VPOS="2682" HPOS="1916"/><String ID="p356_w966" CONTENT="fides" HPOS="1940" VPOS="2682" WIDTH="78" HEIGHT="75" STYLEREFS="font0"/><SP WIDTH="25" VPOS="2682" HPOS="2018"/><String ID="p356_w967" CONTENT="of" HPOS="2043" VPOS="2682" WIDTH="41" HEIGHT="75" STYLEREFS="font0"/><SP WIDTH="18" VPOS="2682" HPOS="2084"/><String ID="p356_w968" CONTENT="the" HPOS="2102" VPOS="2682" WIDTH="55" HEIGHT="75" STYLEREFS="font0"/><SP WIDTH="17" VPOS="2682" HPOS="2157"/><String ID="p356_w969" CONTENT="bafis" HPOS="2174" VPOS="2682" WIDTH="77" HEIGHT="75" STYLEREFS="font0"/><SP WIDTH="18" VPOS="2682" HPOS="2251"/><String ID="p356_w970" CONTENT="of" HPOS="2269" VPOS="2682" WIDTH="44" HEIGHT="75" STYLEREFS="font0"/></TextLine><TextLine WIDTH="1036" HEIGHT="75" ID="p356_t116" HPOS="1273" VPOS="2730"><String ID="p356_w971" CONTENT="the" HPOS="1273" VPOS="2730" WIDTH="54" HEIGHT="75" STYLEREFS="font0"/><SP WIDTH="16" VPOS="2730" HPOS="1327"/><String ID="p356_w972" CONTENT="cartilago" HPOS="1343" VPOS="2730" WIDTH="153" HEIGHT="75" STYLEREFS="font0"/><SP WIDTH="16" VPOS="2730" HPOS="1496"/><String ID="p356_w973" CONTENT="cricoides." HPOS="1512" VPOS="2730" WIDTH="168" HEIGHT="75" STYLEREFS="font0"/><SP WIDTH="48" VPOS="2730" HPOS="1680"/><String ID="p356_w974" CONTENT="This" HPOS="1728" VPOS="2730" WIDTH="87" HEIGHT="75" STYLEREFS="font0"/><SP WIDTH="16" VPOS="2730" HPOS="1815"/><String ID="p356_w975" CONTENT="circle" HPOS="1831" VPOS="2730" WIDTH="95" HEIGHT="75" STYLEREFS="font0"/><SP WIDTH="16" VPOS="2730" HPOS="1926"/><String ID="p356_w976" CONTENT="is" HPOS="1942" VPOS="2730" WIDTH="27" HEIGHT="75" STYLEREFS="font0"/><SP WIDTH="23" VPOS="2730" HPOS="1969"/><String ID="p356_w977" CONTENT="the" HPOS="1992" VPOS="2730" WIDTH="57" HEIGHT="75" STYLEREFS="font0"/><SP WIDTH="22" VPOS="2730" HPOS="2049"/><String ID="p356_w978" CONTENT="beginning" HPOS="2071" VPOS="2730" WIDTH="173" HEIGHT="75" STYLEREFS="font0"/><SP WIDTH="24" VPOS="2730" HPOS="2244"/><String ID="p356_w979" CONTENT="of" HPOS="2268" VPOS="2730" WIDTH="41" HEIGHT="75" STYLEREFS="font0"/></TextLine><TextLine WIDTH="1032" HEIGHT="75" ID="p356_t117" HPOS="1273" VPOS="2776"><String ID="p356_w980" CONTENT="the" HPOS="1273" VPOS="2776" WIDTH="54" HEIGHT="75" STYLEREFS="font0"/><SP WIDTH="16" VPOS="2776" HPOS="1327"/><String ID="p356_w981" CONTENT="cefophagus," HPOS="1343" VPOS="2776" WIDTH="201" HEIGHT="75" STYLEREFS="font0"/><SP WIDTH="25" VPOS="2776" HPOS="1544"/><String ID="p356_w982" CONTENT="and" HPOS="1569" VPOS="2776" WIDTH="63" HEIGHT="75" STYLEREFS="font0"/><SP WIDTH="16" VPOS="2776" HPOS="1632"/><String ID="p356_w983" CONTENT="has" HPOS="1648" VPOS="2776" WIDTH="57" HEIGHT="75" STYLEREFS="font0"/><SP WIDTH="16" VPOS="2776" HPOS="1705"/><String ID="p356_w984" CONTENT="been" HPOS="1721" VPOS="2776" WIDTH="80" HEIGHT="75" STYLEREFS="font0"/><SP WIDTH="17" VPOS="2776" HPOS="1801"/><String ID="p356_w985" CONTENT="thought" HPOS="1818" VPOS="2776" WIDTH="141" HEIGHT="75" STYLEREFS="font0"/><SP WIDTH="14" VPOS="2776" HPOS="1959"/><String ID="p356_w986" CONTENT="by" HPOS="1973" VPOS="2776" WIDTH="42" HEIGHT="75" STYLEREFS="font0"/><SP WIDTH="17" VPOS="2776" HPOS="2015"/><String ID="p356_w987" CONTENT="fome" HPOS="2032" VPOS="2776" WIDTH="85" HEIGHT="75" STYLEREFS="font0"/><SP WIDTH="17" VPOS="2776" HPOS="2117"/><String ID="p356_w988" CONTENT="to" HPOS="2134" VPOS="2776" WIDTH="34" HEIGHT="75" STYLEREFS="font0"/><SP WIDTH="16" VPOS="2776" HPOS="2168"/><String ID="p356_w989" CONTENT="form" HPOS="2184" VPOS="2776" WIDTH="85" HEIGHT="75" STYLEREFS="font0"/><SP WIDTH="15" VPOS="2776" HPOS="2269"/><String ID="p356_w990" CONTENT="a" HPOS="2284" VPOS="2776" WIDTH="21" HEIGHT="75" STYLEREFS="font0"/></TextLine><TextLine WIDTH="625" HEIGHT="75" ID="p356_t118" HPOS="1273" VPOS="2821"><String ID="p356_w991" CONTENT="diftinift" HPOS="1273" VPOS="2821" WIDTH="121" HEIGHT="75" STYLEREFS="font0"/><SP WIDTH="16" VPOS="2821" HPOS="1394"/><String ID="p356_w992" CONTENT="mufcle," HPOS="1410" VPOS="2821" WIDTH="129" HEIGHT="75" STYLEREFS="font0"/><SP WIDTH="26" VPOS="2821" HPOS="1539"/><String ID="p356_w993" CONTENT="called" HPOS="1565" VPOS="2821" WIDTH="102" HEIGHT="75" STYLEREFS="font0"/><SP WIDTH="18" VPOS="2821" HPOS="1667"/><String ID="p356_w994" CONTENT="xfophagaus." HPOS="1685" VPOS="2821" WIDTH="213" HEIGHT="75" STYLEREFS="font0"/></TextLine><TextLine WIDTH="986" HEIGHT="75" ID="p356_t119" HPOS="1318" VPOS="2869"><String ID="p356_w995" CONTENT="The" HPOS="1318" VPOS="2869" WIDTH="77" HEIGHT="75" STYLEREFS="font0"/><SP WIDTH="17" VPOS="2869" HPOS="1395"/><String ID="p356_w996" CONTENT="particular" HPOS="1412" VPOS="2869" WIDTH="171" HEIGHT="75" STYLEREFS="font0"/><SP WIDTH="16" VPOS="2869" HPOS="1583"/><String ID="p356_w997" CONTENT="ufes" HPOS="1599" VPOS="2869" WIDTH="68" HEIGHT="75" STYLEREFS="font0"/><SP WIDTH="17" VPOS="2869" HPOS="1667"/><String ID="p356_w998" CONTENT="of" HPOS="1684" VPOS="2869" WIDTH="40" HEIGHT="75" STYLEREFS="font0"/><SP WIDTH="19" VPOS="2869" HPOS="1724"/><String ID="p356_w999" CONTENT="all" HPOS="1743" VPOS="2869" WIDTH="42" HEIGHT="75" STYLEREFS="font0"/><SP WIDTH="17" VPOS="2869" HPOS="1785"/><String ID="p356_w1000" CONTENT="thefe" HPOS="1802" VPOS="2869" WIDTH="88" HEIGHT="75" STYLEREFS="font0"/><SP WIDTH="15" VPOS="2869" HPOS="1890"/><String ID="p356_w1001" CONTENT="mufcles" HPOS="1905" VPOS="2869" WIDTH="132" HEIGHT="75" STYLEREFS="font0"/><SP WIDTH="19" VPOS="2869" HPOS="2037"/><String ID="p356_w1002" CONTENT="are" HPOS="2056" VPOS="2869" WIDTH="53" HEIGHT="75" STYLEREFS="font0"/><SP WIDTH="17" VPOS="2869" HPOS="2109"/><String ID="p356_w1003" CONTENT="very" HPOS="2126" VPOS="2869" WIDTH="77" HEIGHT="75" STYLEREFS="font0"/><SP WIDTH="15" VPOS="2869" HPOS="2203"/><String ID="p356_w1004" CONTENT="diffi-" HPOS="2218" VPOS="2869" WIDTH="86" HEIGHT="75" STYLEREFS="font0"/></TextLine><TextLine WIDTH="1036" HEIGHT="75" ID="p356_t120" HPOS="1273" VPOS="2914"><String ID="p356_w1005" CONTENT="cult" HPOS="1273" VPOS="2914" WIDTH="65" HEIGHT="75" STYLEREFS="font0"/><SP WIDTH="17" VPOS="2914" HPOS="1338"/><String ID="p356_w1006" CONTENT="to" HPOS="1355" VPOS="2914" WIDTH="35" HEIGHT="75" STYLEREFS="font0"/><SP WIDTH="16" VPOS="2914" HPOS="1390"/><String ID="p356_w1007" CONTENT="be" HPOS="1406" VPOS="2914" WIDTH="40" HEIGHT="75" STYLEREFS="font0"/><SP WIDTH="21" VPOS="2914" HPOS="1446"/><String ID="p356_w1008" CONTENT="determined." HPOS="1467" VPOS="2914" WIDTH="212" HEIGHT="75" STYLEREFS="font0"/><SP WIDTH="49" VPOS="2914" HPOS="1679"/><String ID="p356_w1009" CONTENT="It" HPOS="1728" VPOS="2914" WIDTH="33" HEIGHT="75" STYLEREFS="font0"/><SP WIDTH="22" VPOS="2914" HPOS="1761"/><String ID="p356_w1010" CONTENT="is" HPOS="1783" VPOS="2914" WIDTH="27" HEIGHT="75" STYLEREFS="font0"/><SP WIDTH="26" VPOS="2914" HPOS="1810"/><String ID="p356_w1011" CONTENT="certain" HPOS="1836" VPOS="2914" WIDTH="119" HEIGHT="75" STYLEREFS="font0"/><SP WIDTH="24" VPOS="2914" HPOS="1955"/><String ID="p356_w1012" CONTENT="that" HPOS="1979" VPOS="2914" WIDTH="71" HEIGHT="75" STYLEREFS="font0"/><SP WIDTH="23" VPOS="2914" HPOS="2050"/><String ID="p356_w1013" CONTENT="thofe" HPOS="2073" VPOS="2914" WIDTH="90" HEIGHT="75" STYLEREFS="font0"/><SP WIDTH="24" VPOS="2914" HPOS="2163"/><String ID="p356_w1014" CONTENT="of" HPOS="2187" VPOS="2914" WIDTH="41" HEIGHT="75" STYLEREFS="font0"/><SP WIDTH="19" VPOS="2914" HPOS="2228"/><String ID="p356_w1015" CONTENT="the" HPOS="2247" VPOS="2914" WIDTH="62" HEIGHT="75" STYLEREFS="font0"/></TextLine><TextLine WIDTH="1046" HEIGHT="75" ID="p356_t121" HPOS="1270" VPOS="2962"><String ID="p356_w1016" CONTENT="middle" HPOS="1270" VPOS="2962" WIDTH="118" HEIGHT="75" STYLEREFS="font0"/><SP WIDTH="17" VPOS="2962" HPOS="1388"/><String ID="p356_w1017" CONTENT="and" HPOS="1405" VPOS="2962" WIDTH="63" HEIGHT="75" STYLEREFS="font0"/><SP WIDTH="14" VPOS="2962" HPOS="1468"/><String ID="p356_w1018" CONTENT="lower" HPOS="1482" VPOS="2962" WIDTH="100" HEIGHT="75" STYLEREFS="font0"/><SP WIDTH="14" VPOS="2962" HPOS="1582"/><String ID="p356_w1019" CONTENT="portions" HPOS="1596" VPOS="2962" WIDTH="143" HEIGHT="75" STYLEREFS="font0"/><SP WIDTH="24" VPOS="2962" HPOS="1739"/><String ID="p356_w1020" CONTENT="of" HPOS="1763" VPOS="2962" WIDTH="42" HEIGHT="75" STYLEREFS="font0"/><SP WIDTH="17" VPOS="2962" HPOS="1805"/><String ID="p356_w1021" CONTENT="the" HPOS="1822" VPOS="2962" WIDTH="56" HEIGHT="75" STYLEREFS="font0"/><SP WIDTH="20" VPOS="2962" HPOS="1878"/><String ID="p356_w1022" CONTENT="pharynx" HPOS="1898" VPOS="2962" WIDTH="150" HEIGHT="75" STYLEREFS="font0"/><SP WIDTH="25" VPOS="2962" HPOS="2048"/><String ID="p356_w1023" CONTENT="ferve" HPOS="2073" VPOS="2962" WIDTH="90" HEIGHT="75" STYLEREFS="font0"/><SP WIDTH="23" VPOS="2962" HPOS="2163"/><String ID="p356_w1024" CONTENT="chiefljr" HPOS="2186" VPOS="2962" WIDTH="130" HEIGHT="75" STYLEREFS="font0"/></TextLine><TextLine WIDTH="274" HEIGHT="75" ID="p356_t122" HPOS="1266" VPOS="3009"><String ID="p356_w1025" CONTENT="for" HPOS="1266" VPOS="3009" WIDTH="53" HEIGHT="75" STYLEREFS="font0"/><SP WIDTH="15" VPOS="3009" HPOS="1319"/><String ID="p356_w1026" CONTENT="deglutition." HPOS="1334" VPOS="3009" WIDTH="206" HEIGHT="75" STYLEREFS="font0"/></TextLine><TextLine WIDTH="91" HEIGHT="75" ID="p356_t123" HPOS="2213" VPOS="3054"><String ID="p356_w1027" CONTENT="Tht" HPOS="2213" VPOS="3054" WIDTH="91" HEIGHT="75" STYLEREFS="font0"/></TextLine></PrintSpace></Page></Layout></alto>