2397 3387
466 170 34 75 B
560 170 17 75 I
637 170 27 75 S

1022 170 19 75 (
1099 170 83 75 557
1241 170 19 75 )

1628 170 211 75 BIT

86 234 366 75 Bishop’s-CAstle,
477 234 19 75 a
506 234 253 75 borough-town
774 234 33 75 in
825 234 200 75 Shropfhire,
1043 234 74 75 iitu-

132 283 74 75 ated
223 283 42 75 on
290 283 55 75 the
369 283 83 75 river
468 283 91 75 Ony,
584 283 99 75 about
704 283 52 75 15'
756 283 96 75 miles
879 283 187 75 fouth-weft
1082 283 42 75 of

134 327 221 75 Shrewlbury,
380 327 32 75 in
431 327 17 75 3
448 309 19 49 0
482 327 60 75 W.
559 327 89 75 long,
667 327 62 75 and
747 327 41 75 52
788 309 19 49 0
828 327 44 75 30
872 309 10 49 /
898 327 48 75 N.
964 327 59 75 lat.

86 376 154 75 Bishop
260 376 76 75 and
358 376 63 75 his
442 376 163 75 clerks,
623 376 86 75 fome
724 376 84 75 little
825 376 112 75 iflands
951 376 61 75 and
1025 376 94 75 rocks

133 421 121 75 on'the
271 421 83 75 coaft
378 421 40 75 of
439 421 274 75 Pembrokelhiie,
738 421 57 75 not
810 421 51 75 far
877 421 85 75 from
991 421 39 75 St
1047 421 71 75 Da-

133 468 94 75 vid’s,
254 468 77 75 very
344 468 78 75 fatal
438 468 36 75 to
490 468 166 75 mariners.

87 512 446 75 Bishop’s-stortford,
551 512 19 75 a
582 512 225 75 market-town
820 512 31 75 in
863 512 256 75 Hertfordlhire,

77 593 11 49 r
136 561 45 75 30
198 561 92 75 miles
305 561 96 75 north
423 561 40 75 of
482 561 153 75 London,
660 561 63 75 and
738 561 77 75 only
836 561 40 75 10
893 561 91 75 miles
1006 561 114 75 north-

133 607 62 75 eaid
208 607 39 75 of
260 607 179 75 Hertford;
466 607 31 75 in
517 607 109 75 20'E.
646 607 88 75 long.
755 607 59 75 ji°
835 607 55 75 3c/
906 607 48 75 N.
972 607 59 75 lat.

87 654 278 75 BISHOPING,
390 654 20 75 a
425 654 82 75 term
531 654 115 75 among
662 654 263 75 horfe-courfers,
951 654 35 75 to
1002 654 117 75 denote

134 701 56 75 the
214 701 250 75 fophiftications
490 701 75 75 ufed
581 701 34 75 to
632 701 92 75 make
748 701 39 75 an
812 701 56 75 old
891 701 93 75 horfe
1003 701 117 75 appear

135 747 120 75 young,
282 747 18 75 a
316 747 63 75 bad
395 747 60 75 one
470 747 98 75 good,
596 747 65 75 6"c.

87 794 270 75 BISHOPRIC,
382 794 54 75 the
461 794 119 75 didridt
603 794 78 75 over
696 794 106 75 which
827 794 18 75 a
860 794 138 75 bifliop’s
1024 794 95 75 jurif-

133 839 117 75 diftion
262 839 149 75 extends,
436 839 167 75 otherwife
620 839 103 75 called
739 839 19 75 a
769 839 137 75 diocefe.

183 886 37 75 In
243 886 147 75 England
420 886 92 75 there
539 886 53 75 are
608 886 213 75 twenty-four
847 886 185 75 bilhoprics,
1059 886 63 75 and

134 933 66 75 two
217 933 269 75 archbilhoprics;
513 933 33 75 in
566 933 169 75 Scotland,
760 933 82 75 none
863 933 33 75 at
911 933 64 75 all;
1002 933 32 75 in
1051 933 69 75 Ire-

133 979 87 75 land,
246 979 146 75 eighteen
410 979 186 75 biftioprics,
620 979 63 75 and
696 979 74 75 four
786 979 263 75 archbifhoprics.

86 1026 286 75 BISIGNANO,
398 1026 18 75 a
433 1026 66 75 city
520 1026 37 75 of
571 1026 120 75 Hither
712 1026 164 75 Calabria,
901 1026 32 75 in
957 1026 55 75 the
1028 1026 92 75 king-

133 1073 76 75 dom
228 1073 40 75 of
287 1073 146 75 Naples;
459 1073 33 75 in
514 1073 41 75 16
555 1055 22 49 0
593 1073 56 75 4s'
666 1073 45 75 E.
728 1073 88 75 long,
835 1073 64 75 and
917 1073 43 75 39
960 1055 23 49 0
1000 1073 55 75 50'
1072 1073 48 75 N.

134 1119 58 75 lat.

85 1166 192 75 BISKET,
295 1166 18 75 a
324 1166 79 75 kind
414 1166 41 75 of
465 1166 99 75 bread
577 1166 156 75 prepared
748 1166 44 75 by
804 1166 55 75 the
875 1166 247 75 confectioners,

134 1212 40 75 of
195 1212 62 75 fine
281 1212 94 75 flour,
401 1212 89 75 eggs,
516 1212 63 75 and
603 1212 105 75 fugar,
735 1212 63 75 and
825 1212 68 75 rofe
921 1212 37 75 or
985 1212 136 75 orange-

133 1257 121 75 water;
288 1257 38 75 or
349 1257 41 75 of
411 1257 94 75 flour,
531 1257 88 75 eggs,
657 1257 64 75 and
744 1257 103 75 fugar,
879 1257 81 75 with
981 1257 141 75 anifeeds

133 1305 63 75 and
212 1305 204 75 citron-peel,
442 1305 103 75 baked
558 1305 91 75 again
667 1305 63 75 and
747 1305 90 75 again
854 1305 32 75 in
902 1305 56 75 the
975 1305 92 75 oven,
1088 1305 33 75 in

132 1352 48 75 tin
192 1352 38 75 or
247 1352 96 75 paper
355 1352 140 75 moulds.
527 1352 113 75 There
656 1352 54 75 are
725 1352 107 75 divers
843 1352 81 75 forts
938 1352 40 75 of
989 1352 130 75 bifkets,

134 1398 33 75 as
188 1398 203 75 feed-bilket,
416 1398 209 75 fruit-bilket,
650 1398 78 75 long
745 1398 114 75 bilket,
885 1398 105 75 round
1005 1398 114 75 bilket,

133 1442 239 75 naples-bilket,
389 1442 247 75 fpunge-bilket,
662 1442 33 75 <&■
695 1442 32 75 £.

88 1488 234 75 iSea-BisKET
352 1488 26 75 is
395 1488 19 75 a
440 1488 67 75 fort
529 1488 162 75 oLbread
714 1488 95 75 much
826 1488 92 75 dried
943 1488 44 75 by
1007 1488 115 75 palling

137 1538 56 75 the
217 1538 83 75 oven
323 1538 107 75 twice,
455 1538 35 75 to
507 1538 92 75 make
614 1538 27 75 it
658 1538 80 75 keep
751 1538 51 75 for
818 1538 199 75 fea-fervice.
1058 1538 66 75 For

134 1584 77 75 long
227 1584 138 75 voyages
390 1584 79 75 they
491 1584 81 75 bake
588 1584 27 75 it
642 1584 74 75 four
731 1584 107 75 times,
864 1584 61 75 and
949 1584 132 75 prepare
1097 1584 27 75 it

135 1631 47 75 fix
194 1631 130 75 months
340 1631 111 75 before
466 1631 56 75 the
534 1631 233 75 embarkation.
815 1631 34 75 It
864 1631 66 75 will
942 1631 79 75 hold
1037 1631 87 75 good

136 1677 19 75 a
173 1677 105 75 whole
295 1677 90 75 year.

89 1724 251 75 BISMILLA,
358 1724 19 75 a
392 1724 120 75 folemn
529 1724 83 75 form
624 1724 76 75 ufed
715 1724 45 75 by
776 1724 56 75 the
844 1724 228 75 Mahometans
1090 1724 34 75 at

136 1769 56 75 the
205 1769 169 75 beginning
386 1769 39 75 of
437 1769 43 75 alj
492 1769 85 75 their
593 1769 102 75 books
711 1769 60 75 and
785 1769 94 75 other
889 1769 156 75 writings,
1063 1769 59 75 fig-

138 1815 136 75 nifying,
302 1815 39 75 In
359 1815 51 75 the
427 1815 94 75 name
538 1815 43 75 of
587 1815 53 75 the
656 1815 76 75 nioji
748 1815 156 75 merciful
917 1815 81 75 God.

88 1863 237 75 BISMUTH,
351 1863 18 75 a
385 1863 180 75 ponderous
582 1863 110 75 brittle
707 1863 203 75 femi-metal,
934 1863 190 75 refembling

139 1909 72 75 zinc
228 1909 63 75 and
303 1909 55 75 the
376 1909 126 75 regulus
515 1909 40 75 of
567 1909 177 75 antimony,
762 1909 57 75 but
831 1909 150 75 differing
997 1909 126 75 greatly

141 1956 84 75 from
235 1956 87 75 them
332 1956 31 75 in
375 1956 136 75 quality.
529 1956 33 75 It
574 1956 147 75 dilfolves
730 1956 78 75 with
821 1956 192 75 vehemence
1025 1956 32 75 in
1065 1956 57 75 the

136 2003 123 75 nitrous
276 2003 83 75 acid,
385 2003 105 75 which
508 2003 75 75 only
601 2003 150 75 corrodes
767 2003 57 75 the
841 2003 128 75 regulus
986 2003 40 75 of
1040 2003 82 75 anti-

134 2050 97 75 mony
241 2050 10 75 ;
278 2050 63 75 and
356 2050 27 75 is
399 2050 105 75 fcarce
520 2050 122 75 foluble
657 2050 32 75 in
707 2050 55 75 the
778 2050 119 75 marine
913 2050 83 75 acid,
1014 2050 107 75 which

136 2095 63 75 adts
216 2095 141 75 llrongly
374 2095 40 75 on
434 2095 84 75 zinc.
568 2095 32 75 A
616 2095 75 75 calx
708 2095 62 75 and
786 2095 127 75 flowers
929 2095 41 75 of
981 2095 140 75 bifmuth

135 2140 81 75 have
231 2140 82 75 been
331 2140 243 75 recommended
592 2140 32 75 as
642 2140 114 75 fimilar
772 2140 33 75 in
822 2140 104 75 virtue
949 2140 35 75 to
1001 2140 119 75 certain

137 2185 183 75 antimonial
338 2185 239 75 preparations;
603 2185 60 75 but
673 2185 54 75 are
740 2185 33 75 at
784 2185 124 75 prefent
920 2185 39 75 of
971 2185 42 75 no
1028 2185 94 75 other

137 2232 53 75 ufe
208 2232 77 75 than
301 2232 33 75 as
353 2232 18 75 a
382 2232 141 75 pigment
540 2232 36 75 or
593 2232 161 75 cofijietic.

185 2278 147 75 Bifmuth
350 2278 26 75 is
399 2278 178 75 fometimes
600 2278 101 75 found
725 2278 119 75 native,
868 2278 31 75 in
919 2278 88 75 fmall
1032 2278 88 75 com-

138 2326 69 75 padt
224 2326 122 75 maffes,
372 2326 39 75 of
422 2326 18 75 a
452 2326 70 75 pale
539 2326 198 75 lead-colour
754 2326 41 75 on
812 2326 56 75 the
880 2326 131 75 outfide,
1036 2326 57 75 but
1104 2326 18 75 a

138 2372 113 75 filvery
274 2372 97 75 white
396 2372 123 75 within.
573 2372 33 75 It
630 2372 177 75 attenuates
836 2372 55 75 the
914 2372 87 75 parts
1025 2372 40 75 of
1076 2372 44 75 all

138 2418 94 75 other
241 2418 124 75 metals,
381 2418 63 75 and
455 2418 133 75 thereby
597 2418 162 75 promotes
772 2418 84 75 their
867 2418 115 75 fufion.
1007 2418 113 75 When

138 2465 153 75 diflblved
303 2465 32 75 in
352 2465 107 75 ftrong
475 2465 99 75 acids,
598 2465 27 75 it
641 2465 101 75 yields
758 2465 56 75 the
831 2465 129 75 famous,
972 2465 150 75 cofmetic

139 2511 180 75 magiftery,
345 2511 62 75 and
434 2511 25 75 is
488 2511 19 75 a
529 2511 77 75 very
629 2511 146 75 valuable
798 2511 180 75 ingredient
1005 2511 33 75 in
1066 2511 55 75 the

140 2558 110 75 mixed
266 2558 120 75 metals,
394 2558 76 75 ufed
485 2558 32 75 in
531 2558 116 75 calling
663 2558 105 75 types,
787 2558 61 75 and
860 2558 52 75 for
928 2558 191 75 bell-metal.

188 2604 146 75 Bifmuth
351 2604 26 75 is
395 2604 76 75 very
494 2604 146 75 common
657 2604 32 75 in
706 2604 180 75 Germany,
911 2604 64 75 and
992 2604 56 75 not
1063 2604 58 75 un-

139 2652 184 75 frequently
335 2652 100 75 found
451 2652 31 75 in
499 2652 55 75 the
570 2652 165 75 tin-mines
750 2652 41 75 of
802 2652 177 75 Cornwall,
996 2652 125 75 though

139 2698 84 75 little
240 2698 134 75 known,
400 2698 37 75 or
454 2698 32 75 at
497 2698 75 75 leal!
588 2698 167 75 regarded,
774 2698 104 75 there.

92 2745 261 75 BISNAGER,
377 2745 57 75 the
447 2745 112 75 capital
572 2745 39 75 of
623 2745 16 75 a
657 2745 148 75 province
817 2745 40 75 of
869 2745 55 75 the
935 2745 84 75 fame
1030 2745 93 75 name

140 2792 32 75 in
186 2792 57 75 the
260 2792 115 75 higher
391 2792 161 75 peninfula
567 2792 40 75 of
618 2792 114 75 India;
758 2792 93 75 imyS
851 2774 23 49 0
889 2792 44 75 E.
952 2792 89 75 long,
1058 2792 63 75 and

129 2837 75 75 ,14°
221 2837 48 75 N.
287 2837 57 75 lat.

82 2884 218 75 .BISNOW,
326 2884 36 75 or
385 2884 217 75 Bischnou,
628 2884 18 75 a
662 2884 62 75 fed!
740 2884 40 75 of
792 2884 55 75 the
863 2884 138 75 Banians
1019 2884 30 75 in
1067 2884 56 75 the

141 2930 75 75 Eaft
233 2930 126 75 Indies;
394 2930 77 75 they
494 2930 61 75 call
577 2930 84 75 their
677 2930 65 75 god
764 2930 183 75 Ram-ram,
973 2930 60 75 and
1051 2930 72 75 give

140 2977 66 75 him
219 2977 18 75 a
248 2977 74 75 wife
334 2977 8 75 :
369 2977 97 75 They
481 2977 99 75 adorn
597 2977 49 75 his
659 2977 102 75 image
773 2977 80 75 with
870 2977 117 75 golden
1001 2977 121 75 chains,

139 3024 164 75 necklaces
327 3024 39 75 of
377 3024 115 75 pearls,
519 3024 61 75 and
597 3024 43 75 all
666 3024 81 75 foils
770 3024 40 75 of
832 3024 146 75 precious
1001 3024 120 75 Rones.

187 3072 101 75 Vol.
314 3072 31 75 I.
394 3072 71 75 No.
485 3072 57 75 24.

1053 3072 27 75 3

1214 229 99 75 They
1324 229 65 75 ling
1406 229 114 75 hymns
1539 229 32 75 in
1587 229 127 75 honour
1733 229 40 75 of
1785 229 83 75 their
1885 229 77 75 god,
1980 229 123 75 mixing
2120 229 83 75 their

1214 276 151 75 devotion
1382 276 79 75 with
1478 276 116 75 dances
1612 276 62 75 and
1702 276 55 75 the
1773 276 101 75 found
1896 276 40 75 of
1958 276 123 75 drums,
2104 276 99 75 flage-

1214 323 74 75 lets,
1307 323 118 75 biazen
1442 323 124 75 bafons,
1585 323 63 75 and
1664 323 95 75 other
1773 323 215 75 inllniments.
2036 323 86 75 This
2138 323 63 75 feet

1215 369 79 75 lives
1313 369 119 75 wholly
1450 369 83 75 upon
1549 369 96 75 herbs
1664 369 61 75 and
1742 369 98 75 pulfe,
1859 369 108 75 butter
1983 369 61 75 and
2061 369 91 75 milk.

1169 417 209 75 BISOCHI,
1403 417 36 75 or
1460 417 194 75 Bizochi.
1707 417 61 75 See
1792 417 194 75 Bizochi.

1168 465 242 75 BISOMUM,
1436 465 37 75 or
1490 465 211 75 Disomum,
1726 465 31 75 in
1775 465 128 75 Roman
1921 465 173 75 antiquity,
2117 465 21 75 a
2154 465 47 75 fe-

1215 509 145 75 pulchre,
1385 509 38 75 or
1445 509 101 75 vault,
1572 509 182 75 containing
1779 509 67 75 two
1873 509 83 75 dead
1973 509 123 75 bodies.
2146 509 55 75 On

1216 556 55 75 the
1288 556 105 75 tombs
1415 556 40 75 of
1467 556 54 75 the
1537 556 161 75 primitive
1711 556 175 75 ChriRians
1904 556 83 75 were
2004 556 87 75 wont
2110 556 91 75 to.be

1214 603 158 75 inferibed
1383 603 55 75 the
1450 603 107 75 words
1574 603 120 75 bifomi,
1720 603 36 75 or
1773 603 137 75 trifnii,
1936 603 36 75 or
1990 603 209 75 quadrifomi,

1215 650 65 75 <bc.
1307 650 70 75 that
1402 650 41 75 by
1460 650 87 75 thefe
1564 650 108 75 means
1697 650 78 75 they
1792 650 103 75 might
1911 650 56 75 the
1984 650 94 75 ealier
2095 650 106 75 calcu-

1214 695 65 75 late
1295 695 56 75 the
1368 695 133 75 number
1514 695 40 75 of
1565 695 83 75 their
1665 695 94 75 dead.

1166 743 158 75 BISON,
1350 743 33 75 in
1400 743 151 75 zoology,
1569 743 56 75 the
1640 743 106 75 trivial
1758 743 91 75 name
1862 743 39 75 of
1913 743 20 75 a
1947 743 119 75 fpecies
2077 743 40 75 of
2129 743 72 75 bos.

1218 789 61 75 See
1296 789 94 75 Bos.

1168 836 228 75 BISQUET,
1421 836 38 75 or
1476 836 168 75 Bisket.
1696 836 61 75 See
1774 836 163 75 Bisket.

1168 883 519 75 BISSACRAMENTALES,
1701 883 265 75 adenomination
1977 883 226 75 giventoPro-

1217 928 141 75 teftahts,
1381 928 41 75 on
1441 928 134 75 account
1599 928 40 75 of
1649 928 85 75 their
1751 928 149 75 allowing
1918 928 39 75 of
1978 928 79 75 only
2072 928 66 75 two
2155 928 48 75 fa-

1218 975 170 75 craments,
1414 975 71 75 viz.
1510 975 136 75 baptifm
1662 975 63 75 and
1742 975 55 75 the
1809 975 168 75 eucharift.

1169 1022 302 75 BISSECTION,
1484 1022 32 75 in
1529 1022 178 75 geometry,
1722 1022 56 75 the
1789 1022 181 75 divifionof
1978 1022 19 75 a
2008 1022 75 75 line,
2097 1022 106 75 angle,

1220 1068 63 75 <bc.
1310 1068 68 75 into
1394 1068 67 75 two
1478 1068 96 75 equal
1590 1068 101 75 parts.

1170 1115 304 75 BISSELjEUM,
1501 1115 115 75 among
1632 1115 125 75 ancient
1774 1115 191 75 naturalifts,
1992 1115 132 75 denotes
2147 1115 58 75 the

1219 1160 43 75 oil
1279 1160 41 75 of
1331 1160 101 75 pitch,
1451 1160 88 75 more
1552 1160 150 75 properly
1711 1160 394 75 calledSee
2116 1160 88 75 Pis-

1219 1207 177 75 SELZEUM.

1169 1255 301 75 BISSEXTILE,
1496 1255 31 75 in
1545 1255 211 75 chronology,
1782 1255 18 75 a
1815 1255 76 75 year
1908 1255 163 75 confifting
2082 1255 38 75 of
2130 1255 74 75 ,366

1216 1300 91 75 days,
1325 1300 95 75 being
1429 1300 55 75 the
1497 1300 82 75 fame
1597 1300 78 75 with
1688 1300 59 75 our
1763 1300 177 75 leap-year.
1979 1300 61 75 See
2055 1300 148 75 Astro-

1220 1347 125 75 nomy,
1369 1347 57 75 Of
1432 1347 52 75 the
1501 1347 134 75 divifton
1647 1347 45 75 of
1697 1347 92 75 tbne.

2216 1347 6 75 '

1170 1394 191 75 BISTER.
1412 1394 62 75 See
1490 1394 162 75 Bistre.

1171 1439 140 75 BISTI,
1337 1439 31 75 in
1385 1439 189 75 commerce,
1597 1439 22 75 a
1634 1439 88 75 fmall
1740 1439 70 75 coin
1829 1439 39 75 of
1880 1439 126 75 Perfia:
2035 1439 98 75 Some
2150 1439 55 75 fay

1217 1485 70 75 that
1303 1485 27 75 it
1346 1485 26 75 is
1390 1485 116 75 among
1517 1485 56 75 the
1585 1485 128 75 current
1729 1485 92 75 Giver
1837 1485 88 75 coins
1943 1485 39 75 of
1994 1485 117 75 Perfia,
2142 1485 63 75 and

1218 1532 104 75 worth
1336 1532 75 75 only
1426 1532 17 75 a
1455 1532 85 75 little
1557 1532 100 75 above
1674 1532 90 75 three
1776 1532 158 75 farthings
1946 1532 40 75 of
1998 1532 58 75 our
2073 1532 130 75 money;

1218 1579 109 75 others
1345 1579 95 75 fpeak
1452 1579 40 75 of
1503 1579 27 75 it
1546 1579 93 75 again
1656 1579 33 75 as
1707 1579 19 75 a
1743 1579 116 75 money
1869 1579 40 75 of
1921 1579 148 75 account.

1170 1627 260 75 BISTORTA,
1449 1627 31 75 in
1498 1627 131 75 botany,
1650 1627 56 75 the
1719 1627 105 75 trivial
1841 1627 91 75 name
1949 1627 40 75 of
2001 1627 18 75 a
2034 1627 118 75 fpecies
2168 1627 42 75 of

1219 1673 206 75 polygonum.
1454 1673 61 75 See
1532 1673 271 75 Polygonum.

1170 1720 259 75 BISTOURY,
1455 1720 32 75 in
1512 1720 142 75 furgery,
1681 1720 38 75 an
1736 1720 185 75 inftrument
1946 1720 51 75 for
2013 1720 128 75 making
2157 1720 49 75 in-

1219 1766 123 75 cifions,
1368 1766 38 75 of
1418 1766 107 75 which
1543 1766 89 75 there
1645 1766 52 75 are
1718 1766 151 75 different
1884 1766 107 75 kinds,
2008 1766 85 75 fome
2108 1766 98 75 being

1218 1812 40 75 of
1269 1812 56 75 the
1342 1812 84 75 form
1450 1812 40 75 of
1505 1812 18 75 a
1538 1812 117 75 lancet,
1681 1812 109 75 others
1814 1812 87 75 ftrait
1919 1812 62 75 and
1997 1812 85 75 fixed
2099 1812 33 75 in
2149 1812 56 75 the

1217 1859 118 75 handle
1350 1859 66 75 like
1431 1859 19 75 a
1461 1859 100 75 knife,
1586 1859 63 75 and
1665 1859 110 75 others
1788 1859 141 75 crooked
1946 1859 79 75 with
2041 1859 56 75 the
2113 1859 91 75 (harp

1218 1905 80 75 edge
1311 1905 42 75 on
1370 1905 56 75 the
1443 1905 109 75 infide.
1603 1905 62 75 See
1684 1905 201 75 Surgery.

1170 1952 190 75 BISTRE,
1386 1952 38 75 or
1448 1952 162 75 Bister,
1637 1952 116 75 among
1777 1952 152 75 painters,
1955 1952 133 75 denotes
2104 1952 103 75 glofiy

1217 1998 81 75 foot,
1325 1998 179 75 pulverifed
1529 1998 62 75 and
1613 1998 93 75 made
1721 1998 69 75 into
1814 1998 18 75 a
1845 1998 81 75 kind
1942 1998 40 75 of
1994 1998 105 75 cakes,
2125 1998 79 75 with

1218 2046 206 75 gum-water.
1481 2046 32 75 It
1536 2046 27 75 is
1589 2046 75 75 ufed
1688 2046 36 75 to
1740 2046 82 75 wafh
1849 2046 84 75 their
1958 2046 131 75 defigns.
2142 2046 63 75 See

1219 2093 215 75 Washing.

1171 2137 96 75 BIT,
1292 2137 38 75 or
1346 2137 119 75 Bitt,
1492 2137 38 75 an
1547 2137 137 75 effential
1703 2137 71 75 part
1793 2137 41 75 of
1844 2137 19 75 a
1878 2137 118 75 bridle.
2043 2137 48 75 Its
2108 2137 95 75 kinds

1218 2184 53 75 are
1291 2184 140 75 various.
1471 2184 29 75 1.
1518 2184 76 75 The
1612 2184 131 75 mufrol,
1767 2184 119 75 fnaffle,
1911 2184 37 75 or
1972 2184 232 75 watering-bit.

1219 2231 32 75 2.
1268 2231 77 75 Tbe
1357 2231 243 75 canon-mouth,
1626 2231 126 75 jointed
1775 2231 32 75 in
1824 2231 56 75 the
1897 2231 132 75 middle.
2070 2231 8 75 '
2078 2231 33 75 3.
2125 2231 78 75 The

1217 2277 100 75 canon
1334 2277 80 75 with
1431 2277 18 75 a
1465 2277 59 75 fall
1548 2277 124 75 mouth,
1699 2277 42 75 all
1764 2277 41 75 of
1826 2277 18 75 a
1870 2277 105 75 piece,
2001 2277 77 75 only
2099 2277 105 75 kneed

1218 2322 30 75 in
1260 2322 56 75 the
1329 2322 131 75 middle,
1478 2322 35 75 to
1527 2322 82 75 form
1625 2322 18 75 a
1654 2322 118 75 liberty
1780 2322 38 75 or
1829 2322 90 75 fpace
1931 2322 52 75 for
1995 2322 55 75 the
2062 2322 139 75 tongue;

1218 2368 35 75 fit
1271 2368 51 75 for
1338 2368 108 75 horfes
1463 2368 56 75 too
1540 2368 139 75 fenfible,
1705 2368 37 75 or
1758 2368 137 75 ticklilh,
1921 2368 63 75 and
2000 2368 94 75 liable
2111 2368 35 75 to
2162 2368 40 75 be

1219 2416 196 75 continually
1439 2416 130 75 bearing
1596 2416 40 75 on
1663 2416 54 75 the
1757 2416 98 75 hand.
1923 2416 33 75 4.
1981 2416 77 75 The
2086 2416 117 75 canon-

1219 2463 123 75 rpmith,
1370 2463 78 75 with
1464 2463 56 75 the
1547 2463 118 75 liberty
1688 2463 32 75 in
1737 2463 83 75 form
1837 2463 41 75 of
1896 2463 19 75 a
1931 2463 142 75 pigeon’s
2097 2463 104 75 neck;

1219 2509 115 75 proper
1350 2509 107 75 where
1475 2509 19 75 a
1502 2509 94 75 horfe
1614 2509 56 75 has
1683 2509 56 75 too
1752 2509 87 75 large
1856 2509 19 75 a
1890 2509 133 75 tongue.
2076 2509 31 75 5.
2124 2509 79 75 The

1219 2555 100 75 canon
1348 2555 78 75 with
1444 2555 18 75 a
1479 2555 71 75 port
1567 2555 125 75 mouth,
1718 2555 62 75 and
1797 2555 39 75 an
1860 2555 90 75 upfet
1971 2555 36 75 or
2036 2555 166 75 mounting

1219 2601 138 75 liberty;
1383 2601 78 75 ufed
1487 2601 106 75 where
1603 2601 26 75 ,a
1644 2601 94 75 horfe
1764 2601 58 75 has
1843 2601 19 75 a
1877 2601 86 75 good
1990 2601 125 75 mouth,
2142 2601 60 75 but

1217 2650 88 75 large
1322 2650 131 75 tongue.
1502 2650 33 75 6.
1560 2650 77 75 The
1654 2650 249 75 fcatch-mouth,
1929 2650 79 75 with
2032 2650 39 75 an
2088 2650 111 75 upfet;

1219 2694 95 75 ruder
1337 2694 57 75 but
1411 2694 87 75 more
1521 2694 106 75 fecure
1643 2694 78 75 than
1738 2694 19 75 a
1772 2694 243 75 canon-mouth.
2067 2694 33 75 7.
2125 2694 78 75 The

1219 2743 227 75 canon-mouth
1464 2743 77 75 with
1560 2743 19 75 a
1593 2743 136 75 liberty;
1756 2743 114 75 proper
1886 2743 52 75 for
1950 2743 18 75 a
1983 2743 93 75 horfe
2093 2743 76 75 with
2182 2743 19 75 a

1220 2788 86 75 large
1323 2788 130 75 tongue,
1478 2788 61 75 and
1563 2788 101 75 round
1689 2788 87 75 bars.
1826 2788 34 75 8.
1885 2788 76 75 The
1978 2788 222 75 mafticadour,

1220 2837 36 75 or
1272 2837 228 75 flavering-bit,
1526 2837 64 75 &c.
1639 2837 76 75 The
1742 2837 119 75 feveral
1879 2837 86 75 parts
1988 2837 40 75 of
2047 2837 18 75 a
2081 2837 118 75 fnaffle,

1220 2881 37 75 or
1273 2881 154 75 curb-bit,
1453 2881 53 75 are
1522 2881 55 75 the
1589 2881 111 75 mouth
1713 2881 100 75 piece,
1832 2881 55 75 the
1904 2881 116 75 cheeks
2037 2881 63 75 and
2111 2881 88 75 eyes,

1217 2930 102 75 guard
1332 2930 39 75 of
1381 2930 56 75 the
1456 2930 112 75 cheek,
1590 2930 86 75 head
1690 2930 43 75 of
1744 2930 55 75 the
1816 2930 128 75 cheeks,
1967 2930 55 75 the
2040 2930 83 75 port,
2142 2930 57 75 the

1221 2976 104 75 welts,
1350 2976 54 75 the
1422 2976 161 75 campanel
1598 2976 40 75 or
1653 2976 80 75 curb
1750 2976 63 75 and
1829 2976 99 75 hook,
1946 2976 54 75 the
2017 2976 112 75 bofles,
2147 2976 56 75 the

1222 3024 129 75 bulners
1369 3024 63 75 and
1447 3024 141 75 rabbets,
1613 3024 56 75 the
1688 3024 238 75 water-chains,
1951 3024 55 75 the
2022 3024 179 75 fide-bolts,

1599 3072 17 75 7
1642 3072 30 75 B

2104 3072 100 75 bolts.
