2397 3387
515 142 35 75 B
610 142 41 75 O
712 142 36 75 L

1063 142 18 75 (
1139 142 83 75 57S
1282 142 19 75 )

1620 142 36 75 B
1718 142 40 75 O
1819 142 35 75 L

172 206 74 75 near
264 206 54 75 the
331 206 119 75 mouth
471 206 40 75 of
530 206 54 75 the
602 206 83 75 river
709 206 98 75 Spey,
830 206 136 75 fituated
986 206 33 75 in
1044 206 20 75 2
1064 188 23 49 0
1108 206 54 75 23'

171 253 60 75 W.
250 253 87 75 long,
365 253 62 75 and
447 253 41 75 57
488 235 24 49 0
533 253 57 75 40'
607 253 48 75 N.
673 253 58 75 lat.

126 299 325 75 BOGARMITiE.
501 299 62 75 See
579 299 223 75 Bogomilt.

123 347 206 75 BOGDOI,
367 347 18 75 a
412 347 90 75 great
527 347 109 75 nation
664 347 40 75 of
720 347 144 75 Tartary
887 347 33 75 in
946 347 85 75 Afia.
1080 347 78 75 The

171 392 137 75 Chinefe
324 392 61 75 call
397 392 89 75 them
501 392 121 75 eaftern
633 392 160 75 Tartars;
812 392 62 75 and
885 392 32 75 in
934 392 56 75 the
1006 392 148 75 Mogul’s

171 438 137 75 country
322 438 79 75 they
413 438 52 75 are
482 438 102 75 called
596 438 123 75 Niuchi
737 438 36 75 or
790 438 123 75 Nuchi.

123 487 189 75 BQGHO*
333 487 38 75 or
387 487 140 75 Bueil,
553 487 19 75 a
588 487 87 75 town
688 487 32 75 in
737 487 55 75 the
809 487 119 75 county
944 487 41 75 of
1002 487 97 75 Nice,
1125 487 32 75 in

169 532 184 75 Piedmont,
378 532 135 75 fituated
532 532 41 75 on
593 532 57 75 the
670 532 151 75 frontiers
838 532 39 75 of
897 532 135 75 France,
1059 532 98 75 about

170 579 200 75 twenty-five
397 579 92 75 miles
513 579 187 75 north-weft
722 579 156 75 oFNice,
910 579 31 75 in
968 579 44 75 6°
1028 579 60 75 45'
1110 579 45 75 Ei

172 625 88 75 long,
286 625 60 75 and
365 625 44 75 44
409 607 19 49 0
451 625 51 75 ^
525 625 46 75 N.
589 625 59 75 lat.

125 673 261 75 BGGOMILI,
411 673 38 75 or
476 673 268 75 Bogarmitje,
776 673 31 75 in
836 673 270 75 church-hiftory,
1138 673 19 75 a

171 718 61 75 fed
244 718 40 75 of
295 718 151 75 heretics,
472 718 104 75 which
593 718 117 75 fprung
721 718 43 75 up
780 718 97 75 about
890 718 55 75 the
961 718 77 75 year
1055 718 100 75 1179.

169 766 100 75 They
293 766 140 75 thought
458 766 70 75 that
554 766 57 75 but
630 766 93 75 feven
748 766 100 75 books
872 766 40 75 of
931 766 55 75 the
1003 766 154 75 fcripture

171 812 54 75 are
241 812 35 75 to
299 812 40 75 be
363 812 158 75 received,
547 812 72 75 that
643 812 55 75 the
720 812 52 75 ufe
788 812 41 75 of
848 812 168 75 churches,
1042 812 40 75 of
1100 812 57 75 the

171 858 174 75 facrament
368 858 41 75 of
428 858 55 75 the
508 858 120 75 Lord’s
645 858 124 75 fupper,
795 858 63 75 and
880 858 41 75 all
945 858 126 75 prayer,
1097 858 58 75 ex-

169 905 72 75 cept
265 905 56 75 the
346 905 121 75 Lord’s
491 905 127 75 prayer,
643 905 101 75 6ught
768 905 36 75 to
821 905 40 75 be
877 905 181 75 abolilhed;
1085 905 70 75 that

169 952 55 75 the
241 952 134 75 baptifm
393 952 40 75 of
452 952 166 75 Catholics
643 952 28 75 is
695 952 186 75 imperfect;
908 952 71 75 that
1004 952 55 75 the
1083 952 72 75 per-

168 1000 72 75 ions
253 1000 39 75 of
312 1000 54 75 the
381 1000 136 75 Trinity
536 1000 53 75 are
608 1000 153 75 unequal,
788 1000 62 75 and
866 1000 70 75 that
954 1000 77 75 they
1049 1000 106 75 often-

168 1047 93 75 times
286 1047 93 75 made
402 1047 190 75 themfelves
616 1047 108 75 vifible
748 1047 36 75 to
807 1047 101 75 thofe.
920 1047 40 75 of
979 1047 85 75 their
1079 1047 74 75 fetft.

169 1093 99 75 They
285 1093 78 75 faid,
382 1093 70 75 that
469 1093 100 75 devils
587 1093 100 75 dwelt
702 1093 32 75 in
746 1093 56 75 the
819 1093 169 75 churches,
1006 1093 62 75 and
1084 1093 72 75 that

170 1140 98 75 Satan
284 1140 65 75 had
366 1140 121 75 refided
503 1140 32 75 in
552 1140 56 75 the
632 1140 119 75 temple
771 1140 39 75 of
830 1140 155 75 Solomon
997 1140 85 75 from
1099 1140 55 75 the

184 1186 188 75 deftru&ion
390 1186 40 75 of
448 1186 175 75 Jerufalem
640 1186 36 75 to
688 1186 85 75 their
785 1186 71 75 own
875 1186 87 75 time.

122 1234 218 75 BOGOTO,
365 1234 55 75 the
437 1234 117 75 capital
571 1234 39 75 of
621 1234 85 75 New
722 1234 167 75 Granada,
915 1234 32 75 in
963 1234 108 75 Terra
1083 1234 70 75 Fir-

170 1278 61 75 ma,
258 1278 134 75 fituated
404 1278 30 75 in
455 1278 43 75 74
498 1260 23 49 0
543 1278 59 75 W.
620 1278 89 75 long,
735 1278 60 75 and
813 1278 21 75 4
834 1260 22 49 0
875 1278 47 75 N.
941 1278 58 75 lat.

120 1326 181 75 BOHEA,
326 1326 33 75 in
387 1326 190 75 commerce,
609 1326 62 75 one
698 1326 40 75 of
756 1326 56 75 the
836 1326 67 75 belt
924 1326 93 75 kinds
1043 1326 40 75 of
1101 1326 54 75 tea

140 1370 9 75 .
167 1370 71 75 that
255 1370 91 75 come
363 1370 84 75 from
465 1370 119 75 China.
632 1370 113 75 There
761 1370 54 75 are
839 1370 92 75 three
947 1370 81 75 forts
1045 1370 40 75 of
1104 1370 46 75 it:

167 1418 55 75 the
239 1418 64 75 firft
315 1418 26 75 is
358 1418 124 75 bought
499 1418 30 75 at
550 1418 128 75 Canton
697 1418 52 75 for
765 1418 46 75 80
827 1418 60 75 tals
900 1418 60 75 per
976 1418 71 75 pice
1060 1418 10 75 ;
1097 1418 57 75 the

167 1465 116 75 fecond
300 1465 51 75 for
369 1465 42 75 45
425 1465 10 75 ;
463 1465 62 75 and
541 1465 55 75 the
613 1465 88 75 third
718 1465 51 75 for
788 1465 57 75 25.
896 1465 62 75 See
974 1465 99 75 Tea.

121 1511 239 75 BOHEMIA,
387 1511 17 75 a
416 1511 154 75 kingdom
582 1511 117 75 fubjeft
715 1511 35 75 to
767 1511 54 75 the
838 1511 98 75 houfe
952 1511 40 75 of
1009 1511 142 75 Auftria,

167 1558 149 75 bounded
328 1558 44 75 by
390 1558 133 75 Saxony
535 1558 42 75 on
593 1558 56 75 the
666 1558 109 75 north,
792 1558 46 75 by
848 1558 124 75 Poland
985 1558 61 75 and
1059 1558 92 75 Hun-

166 1603 79 75 gary
256 1603 41 75 on
309 1603 55 75 the
377 1603 74 75 eaft,
478 1603 44 75 by
539 1603 129 75 Auftria
680 1603 40 75 on
740 1603 56 75 the
812 1603 106 75 fouth,
944 1603 62 75 and
1029 1603 44 75 by
1089 1603 63 75 Ba-

165 1650 89 75 varia
271 1650 61 75 and
348 1650 71 75 part
436 1650 39 75 of
487 1650 133 75 Saxony
632 1650 43 75 on
685 1650 56 75 the
753 1650 87 75 weft.
890 1650 32 75 It
938 1650 59 75 lies
1009 1650 144 75 between

172 1699 39 75 I2
211 1681 25 49 q
255 1699 63 75 and
339 1699 37 75 17
376 1681 22 49 0
417 1699 43 75 E.
478 1699 88 75 long,
592 1699 62 75 and
672 1699 65 75 48°
756 1699 64 75 and
839 1699 42 75 52
881 1681 24 49 0
924 1699 47 75 N.
989 1699 58 75 lat.

121 1745 263 75 BOHEMIAN
403 1745 91 75 Bole.
544 1745 62 75 See
624 1745 26 75 B
658 1745 21 75 o
687 1745 18 75 l
713 1745 16 75 e
738 1745 8 75 .

119 1792 182 75 BOHOL,
327 1792 60 75 one
415 1792 39 75 of
473 1792 55 75 the
555 1792 182 75 Philippine
763 1792 126 75 iflands,
914 1792 33 75 in
974 1792 97 75 Afia;
1105 1792 45 75 E.

168 1837 88 75 long.
280 1837 62 75 122
342 1819 22 49 0
364 1837 16 75 ,
406 1837 48 75 N.
472 1837 58 75 lat.
553 1837 78 75 io°.

120 1884 204 75 BOJANO,
350 1884 19 75 a
385 1884 65 75 city
462 1884 40 75 of
521 1884 130 75 Molife,
676 1884 31 75 in
720 1884 55 75 the
787 1884 153 75 kingdom
957 1884 40 75 of
1015 1884 136 75 Naples,

167 1929 98 75 about
280 1929 111 75 fifteen
404 1929 90 75 miles
507 1929 96 75 north
620 1929 40 75 of
679 1929 208 75 Benevento;
913 1929 51 75 E..
978 1929 88 75 long.
1085 1929 39 75 15
1124 1911 25 49 0

170 1977 65 75 2.c/,
263 1977 62 75 and
337 1977 48 75 N.
398 1977 57 75 lat.
476 1977 39 75 41
515 1959 26 49 0
563 1977 43 75 20
606 1959 17 49 A
623 1977 7 75 .

120 2023 180 75 BOJARS
318 2023 117 75 denote
451 2023 128 75 Ruffian
595 2023 181 75 noblemen.
827 2023 62 75 See
906 2023 164 75 Russia.

120 2072 270 75 BOIGUACU,
417 2072 31 75 in
466 2072 154 75 zoology,
646 2072 17 75 a
682 2072 161 75 fynonime
860 2072 40 75 of
919 2072 56 75 the
990 2072 63 75 boa
1075 2072 76 75 con-

167 2115 135 75 ftriiftor.
352 2115 61 75 See
426 2115 95 75 Boa.

121 2163 129 75 BOIL,
275 2163 38 75 or
329 2163 230 75 Furuncle,
580 2163 32 75 in
629 2163 143 75 furgery.
822 2163 62 75 See
900 2163 227 75 Furuncle.

121 2209 229 75 BOILING,,
368 2209 37 75 or
427 2209 266 75 Ebullition,
719 2209 55 75 the
798 2209 153 75 agitation
976 2209 40 75 of
1034 2209 18 75 a
1074 2209 79 75 fluid

168 2256 99 75 body,
293 2256 111 75 arifing
417 2256 83 75 from
517 2256 55 75 the
585 2256 191 75 application
794 2256 40 75 of
853 2256 69 75 fire.
973 2256 62 75 See
1053 2256 99 75 Che-

171 2302 163 75 mistry.

121 2348 252 75 BOIQUIRA,
399 2348 57 75 the
470 2348 170 75 American
653 2348 91 75 name
762 2348 50 75 for
825 2348 54 75 the
896 2348 220 75 rattle-fnake.

248 2396 38 75 de
298 2396 156 75 foignies,
472 2396 54 75 the
543 2396 96 75 foreft
655 2396 41 75 of
708 2396 159 75 Soignies,
884 2396 32 75 in
933 2396 55 75 the
1003 2396 148 75 Auftrian

168 2442 230 75 Netherlands,
424 2442 63 75 and
515 2442 148 75 province
690 2442 40 75 of
751 2442 155 75 Brabant,
939 2442 97 75 about
1060 2442 92 75 three

168 2488 93 75 miles
270 2488 173 75 fouth-eaft
458 2488 42 75 of
518 2488 153 75 Bruffels.

121 2536 294 75 BOISLEDUC,
440 2536 103 75 called
565 2536 44 75 by
628 2536 55 75 the
700 2536 113 75 Dutch
831 2536 277 75 Hertogenbofch,
1134 2536 19 75 a

167 2582 89 75 large
272 2582 141 75 fortified
429 2582 87 75 town
533 2582 40 75 of
585 2582 113 75 Dutch
716 2582 155 75 Brabant,
890 2582 133 75 fituated
1039 2582 41 75 on
1097 2582 56 75 the

170 2628 84 75 river
270 2628 161 75 Bommel,
457 2628 98 75 about
566 2628 228 75 twenty-three
812 2628 90 75 miles
919 2628 95 75 north
1033 2628 62 75 eaft
1118 2628 41 75 of

169 2675 127 75 Breda;
324 2675 44 75 E.
386 2675 89 75 long.
493 2675 15 75 5
508 2657 25 49 0
553 2675 67 75 2o\
646 2675 61 75 and
725 2675 48 75 N.
792 2675 61 75 lat.
876 2675 67 75 yi°
962 2675 68 75 45'.

123 2723 284 75 BOKHARAH,
427 2723 146 75 Bocar,
591 2723 228 75 otRoghar,
838 2723 18 75 a
868 2723 65 75 city
946 2723 40 75 of
996 2723 156 75 Tartary,

170 2767 32 75 in
218 2767 55 75 the
289 2767 135 75 country
441 2767 38 75 of
493 2767 202 75 theUfbecs,
720 2767 76 75 near
812 2767 114 75 Gihuri
943 2767 61 75 and
1017 2767 135 75 Bikunt.

123 2815 154 75 BOLES
296 2815 53 75 are
370 2815 98 75 vifcid
492 2815 119 75 earths,
636 2815 59 75 lefs
721 2815 152 75 coherent
897 2815 62 75 and
984 2815 88 75 more
1095 2815 56 75 fri-

171 2861 70 75 able
258 2861 76 75 than
350 2861 83 75 clay,
458 2861 89 75 more
564 2861 124 75 readily
701 2861 124 75 uniting
849 2861 76 75 with
952 2861 111 75 water,
1089 2861 64 75 and

170 2907 89 75 more
275 2907 103 75 freely
393 2907 156 75 fubfiding
560 2907 84 75 from
656 2907 38 75 it.
743 2907 99 75 They
854 2907 52 75 are
918 2907 63 75 foft
997 2907 62 75 and
1076 2907 75 75 unc-

170 2955 96 75 tuous
282 2955 36 75 to
333 2955 56 75 the
401 2955 111 75 touch,
537 2955 116 75 adhere
670 2955 34 75 to
721 2955 55 75 the
799 2955 130 75 tongue,
955 2955 62 75 and
1033 2955 44 75 by
1096 2955 55 75 de-

171 3001 89 75 grees
278 3001 78 75 melt
379 3001 32 75 in
436 3001 56 75 the
517 3001 125 75 mouth,
667 3001 175 75 impreffing
867 3001 18 75 a
912 3001 82 75 light
1015 3001 87 75 fenfe
1118 3001 40 75 of

1256 204 207 75 aftringency.
1499 204 114 75 There
1625 204 53 75 are
1691 204 18 75 a
1721 204 90 75 great
1822 204 125 75 variety
1959 204 39 75 of
2009 204 88 75 thefe
2109 204 106 75 earths
2226 236 19 49 r

1256 252 54 75 the
1326 252 155 75 principal
1493 252 40 75 of
1551 252 105 75 which
1674 252 54 75 are
1745 252 55 75 the
1816 252 180 75 following.
2035 252 4 75 .

1307 299 29 75 x.
1362 299 176 75 Armenian
1560 299 85 75 bole,
1672 299 91 75 when
1780 299 90 75 pure,
1896 299 26 75 is
1948 299 40 75 of
2007 299 19 75 a
2050 299 109 75 bright
2183 299 59 75 red

1255 344 123 75 colour,
1401 344 81 75 with
1502 344 18 75 a
1532 344 87 75 tinge
1635 344 40 75 of
1686 344 137 75 yellow;
1862 344 32 75 It
1905 344 27 75 is
1945 344 60 75 one
2021 344 40 75 of
2072 344 54 75 the
2143 344 97 75 hard-

1253 391 43 75 eft
1313 391 62 75 and
1391 391 79 75 moft
1488 391 141 75 compad
1646 391 40 75 of
1705 391 56 75 the
1785 391 110 75 bodies
1919 391 41 75 of
1978 391 65 75 this
2061 391 91 75 clafs,
2178 391 64 75 and

1252 439 57 75 not
1325 439 124 75 fmooth
1463 439 63 75 and
1543 439 100 75 gloffy
1659 439 66 75 like
1741 439 56 75 the
1813 439 122 75 others,
1961 439 58 75 but
2031 439 163 75 generally
2205 439 43 75 of

1253 485 18 75 a
1295 485 103 75 rough
1422 485 93 75 dufty
1536 485 137 75 furface.
1723 485 32 75 It
1783 485 77 75 does
1885 485 57 75 not
1966 485 171 75 efFervefce
2148 485 92 75 .with

1253 531 98 75 acids.

1301 580 33 75 2.
1360 580 124 75 French
1501 580 74 75 bole
1590 580 28 75 is
1635 580 42 75 of
1694 580 19 75 a
1737 580 70 75 pale
1830 580 56 75 red
1903 580 125 75 colour,
2052 580 188 75 variegated

1250 625 78 75 with
1344 625 155 75 irregular
1516 625 109 75 fpecks
1639 625 148 75 of,white
1805 625 60 75 and
1883 625 128 75 yellow.
2062 625 30 75 It
2105 625 26 75 is
2144 625 95 75 much

1250 671 99 75 fofter
1366 671 76 75 than
1460 671 55 75 the
1534 671 186 75 Armenian,
1746 671 63 75 and
1820 671 128 75 flightly
1960 671 186 75 effervefces
2160 671 78 75 with

1252 718 99 75 acids.

1302 765 32 75 3.
1359 765 83 75 Bole
1454 765 41 75 of
1513 765 91 75 Blois
1620 765 28 75 is
1662 765 127 75 yellow,
1807 765 202 75 remarkably
2026 765 118 75 lighter
2160 765 78 75 than

1252 812 53 75 the
1323 812 79 75 moft
1418 812 40 75 of
1478 812 55 75 the
1558 812 95 75 other
1679 812 118 75 yellow
1822 812 123 75 earths,
1971 812 64 75 and
2051 812 186 75 effervefces

1251 858 138 75 ftrongly
1406 858 79 75 with
1504 858 99 75 acids.

1300 905 33 75 4.
1359 905 176 75 Bohemian
1560 905 72 75 bole
1657 905 26 75 is
1712 905 40 75 of
1771 905 19 75 a
1816 905 118 75 yellow
1960 905 122 75 colour,
2110 905 78 75 with
2218 905 19 75 a

1251 952 63 75 caft
1329 952 40 75 of
1389 952 68 75 red,
1482 952 63 75 and
1567 952 164 75 generally
1755 952 41 75 of
1815 952 18 75 a
1857 952 85 75 flaky
1959 952 142 75 texture.
2150 952 33 75 It
2206 952 29 75 is

1250 998 58 75 not
1325 998 90 75 afted
1426 998 42 75 on
1485 998 43 75 by
1540 998 100 75 acids.

1300 1045 31 75 5.
1351 1045 158 75 Lemnian
1522 1045 90 75 earth
1630 1045 25 75 is
1672 1045 41 75 of
1724 1045 19 75 a
1754 1045 69 75 pale
1841 1045 57 75 red
1910 1045 122 75 colour,
2051 1045 183 75 andflight-

1248 1091 37 75 iy
1301 1091 186 75 effervefces
1499 1091 77 75 with
1595 1091 99 75 acids.

1297 1139 34 75 6.
1358 1139 130 75 Silefian
1504 1139 74 75 bole
1593 1139 26 75 is
1637 1139 40 75 of
1688 1139 18 75 a
1722 1139 156 75 browntfti
1895 1139 118 75 yellow
2029 1139 123 75 colour,
2171 1139 64 75 and

1249 1184 86 75 acids
1348 1184 80 75 have
1440 1184 42 75 no
1493 1184 128 75 fenfible
1638 1184 109 75 effeds
1763 1184 85 75 upon
1864 1184 39 75 it.

1297 1230 108 75 Thefe
1418 1230 59 75 and
1495 1230 94 75 other
1601 1230 119 75 earths,
1739 1230 92 75 made
1847 1230 68 75 into
1930 1230 85 75 little
2027 1230 123 75 maffes,
2169 1230 63 75 and

1248 1276 138 75 ftamped
1398 1276 78 75 with
1494 1276 118 75 certain
1625 1276 203 75 impreflions,
1847 1276 52 75 are
1912 1276 101 75 called
2027 1276 99 75 terra
2129 1276 101 75 Jigil*

1248 1323 90 75 lata.
1374 1323 109 75 Thefe
1500 1323 107 75 earths
1619 1323 81 75 have
1717 1323 78 75 been
1808 1323 244 75 recommended
2070 1323 32 75 as
2120 1323 111 75 aftrin-

1250 1368 87 75 gent,
1370 1368 161 75 fudorific,
1559 1368 63 75 and
1647 1368 242 75 alexipharmic.
1948 1368 65 75 But
2039 1368 99 75 thefe,
2167 1368 64 75 and

1248 1416 96 75 many
1368 1416 96 75 other
1487 1416 119 75 virtues
1623 1416 70 75 that
1714 1416 81 75 have
1810 1416 83 75 been
1909 1416 140 75 afcribed
2070 1416 35 75 to
2127 1416 103 75 them,

1249 1462 115 75 appear
1383 1462 35 75 to
1440 1462 81 75 have
1538 1462 42 75 no
1597 1462 202 75 foundation.
1847 1462 100 75 They
1963 1462 53 75 are
2028 1462 62 75 ftill
2106 1462 77 75 ufed
2198 1462 33 75 in

1249 1509 103 75 fluxes
1369 1509 62 75 and
1444 1509 187 75 complaints
1649 1509 40 75 of
1707 1509 56 75 the
1780 1509 63 75 firft
1861 1509 149 75 paffages.

1199 1556 242 75 BOLETUS,
1473 1556 31 75 in
1534 1556 131 75 botany,
1696 1556 19 75 a
1742 1556 99 75 genus
1870 1556 40 75 of
1930 1556 55 75 the
2012 1556 220 75 cryptogamia

1247 1602 89 75 fungi
1365 1602 92 75 clafs.
1504 1602 86 75 This
1617 1602 179 75 mulhroom
1824 1602 26 75 is
1875 1602 194 75 horizontal,
2094 1602 135 75 fpungy,

1246 1650 62 75 and
1332 1650 115 75 porous
1472 1650 117 75 below.
1637 1650 113 75 There
1775 1650 53 75 are
1851 1650 39 75 14
1907 1650 130 75 fpecies,
2062 1650 40 75 of
2123 1650 107 75 which

1247 1695 92 75 feven
1363 1695 54 75 are
1441 1695 122 75 natives
1589 1695 39 75 of
1648 1695 138 75 Britain,
1812 1695 70 75 viz.
1907 1695 56 75 the
1988 1695 176 75 fuberofus,
2191 1695 38 75 or

1247 1742 76 75 cork
1352 1742 147 75 boletus;
1533 1742 56 75 the
1617 1742 220 75 fomentarius,
1868 1742 37 75 or
1932 1742 120 75 fpongy
2079 1742 148 75 boletus;

1245 1790 55 75 the
1317 1790 182 75 verficolor,
1524 1790 38 75 or
1578 1790 115 75 ftriped
1709 1790 147 75 boletus;
1882 1790 57 75 the
1955 1790 103 75 albus,
2083 1790 37 75 or
2131 1790 99 75 white

1246 1836 125 75 boletus
1383 1836 11 75 ;
1413 1836 56 75 the
1484 1836 164 75 igniarius,
1666 1836 37 75 or
1714 1836 81 75 hard
1807 1836 136 75 boletus,
1963 1836 37 75 or
2012 1836 191 75 touchwood
2215 1836 12 75 ;

1245 1882 56 75 the
1323 1882 150 75 bovinus,
1496 1882 38 75 or
1557 1882 110 75 brown
1695 1882 147 75 boletus;
1877 1882 62 75 and
1963 1882 55 75 the
2045 1882 119 75 luteus,
2189 1882 39 75 or

1246 1927 114 75 yellow
1377 1927 139 75 boletus.

1198 1973 366 75 BOLINGBROKE,
1601 1973 37 75 or
1670 1973 325 75 Bullingbroke,
2033 1973 18 75 a
2086 1973 143 75 market-

1246 2020 89 75 town
1349 2020 40 75 of
1409 2020 231 75 Lincolnfhire,
1665 2020 99 75 about
1780 2020 197 75 twenty-five
2000 2020 89 75 miles
2113 2020 63 75 eaft
2192 2020 40 75 of

1246 2066 159 75 Lincoln;
1432 2066 43 75 E.
1494 2066 88 75 long.
1607 2066 53 75 15'
1660 2066 11 75 ,
1696 2066 47 75 N.
1762 2066 46 75 lat
1829 2066 38 75 53
1867 2048 20 49 0
1910 2066 37 75 ij
1947 2048 19 49 7
1966 2066 6 75 .

1198 2114 272 75 BOLISLAW,
1496 2114 18 75 a
1529 2114 86 75 town
1639 2114 40 75 of
1700 2114 168 75 Bohemia,
1893 2114 97 75 about
2012 2114 102 75 thirty
2139 2114 89 75 miles

1246 2159 176 75 north-eaft
1449 2159 39 75 of
1518 2159 146 75 Prague;
1706 2159 44 75 E.
1778 2159 90 75 long.
1903 2159 57 75 14°
1988 2159 44 75 40
2032 2141 11 49 ,

2043 2191 13 49 >
2090 2159 60 75 N.|
2167 2159 59 75 lat.

1250 2207 57 75 50°
1327 2207 68 75 25'.

1199 2252 276 75 BOLLARDS,
1499 2252 88 75 large
1610 2252 83 75 polls
1710 2252 47 75 fet
1772 2252 69 75 into
1856 2252 56 75 the
1934 2252 137 75 ground,
2097 2252 40 75 on
2150 2252 78 75 each

1245 2300 63 75 fide
1325 2300 40 75 of
1376 2300 18 75 a
1410 2300 98 75 dock.
1548 2300 54 75 On
1620 2300 140 75 docking
1776 2300 38 75 or
1829 2300 183 75 undocking
2029 2300 93 75 fhips,
2140 2300 89 75 large

1245 2346 110 75 blocks
1372 2346 53 75 are
1441 2346 105 75 lafhed
1562 2346 35 75 to
1620 2346 109 75 them;
1757 2346 61 75 and
1840 2346 139 75 through
2006 2346 87 75 thefe
2115 2346 116 75 blocks

1248 2392 53 75 are
1323 2392 116 75 reeved
1461 2392 56 75 the
1540 2392 213 75 tranfporting
1769 2392 135 75 hawfers
1928 2392 35 75 to
1978 2392 40 75 be
2035 2392 141 75 brought
2192 2392 37 75 to

1247 2438 55 75 the
1319 2438 155 75 capftons.

1200 2486 231 75 BOLLITO,
1457 2486 18 75 a
1491 2486 91 75 name
1598 2486 44 75 by
1664 2486 106 75 which
1792 2486 56 75 the
1875 2486 130 75 Italians
2030 2486 60 75 call
2119 2486 17 75 a
2161 2486 65 75 fea-

1246 2531 95 75 green
1358 2531 111 75 colour
1484 2531 32 75 in
1533 2531 144 75 artificial
1697 2531 128 75 cryftal.
1872 2531 57 75 To
1945 2531 131 75 prepare
2093 2531 63 75 this
2173 2531 54 75 co-

1246 2578 84 75 lour,
1355 2578 64 75 you
1434 2578 83 75 muff
1539 2578 81 75 have
1644 2578 32 75 in
1701 2578 55 75 the
1782 2578 131 75 furnace
1937 2578 19 75 a
1972 2578 55 75 pot
2045 2578 86 75 filled
2148 2578 80 75 with

1246 2623 89 75 forty
1351 2623 111 75 pound
1481 2623 40 75 of
1539 2623 86 75 good
1646 2623 126 75 cryftal,
1797 2623 64 75 firft
1884 2623 156 75 carefully
2062 2623 176 75 Ikimmed,..

1243 2670 125 75 boiled,
1396 2670 63 75 and
1486 2670 147 75 purified,
1664 2670 137 75 without
1826 2670 61 75 any
1911 2670 204 75 manganefe:
2150 2670 77 75 then

1245 2717 64 75 you
1331 2717 80 75 muft
1426 2717 81 75 have
1523 2717 116 75 twelve
1655 2717 117 75 ounces
1791 2717 39 75 of
1849 2717 54 75 the
1928 2717 130 75 powder
2080 2717 42 75 of
2137 2717 100 75 fmalh

1245 2763 104 75 leaves
1378 2763 40 75 of
1438 2763 132 75 copper,
1591 2763 101 75 thrice
1720 2763 153 75 calcined,
1906 2763 74 75 half
1999 2763 42 75 an
2066 2763 100 75 ounce
2193 2763 40 75 of

1246 2809 102 75 zaffer
1364 2809 31 75 in
1413 2809 151 75 powder;
1590 2809 69 75 mix
1682 2809 87 75 them
1794 2809 160 75 together,
1980 2809 63 75 and
2066 2809 56 75 put
2139 2809 89 75 them

1247 2857 31 75 at
1296 2857 71 75 four
1385 2857 95 75 times
1494 2857 68 75 into
1586 2857 55 75 the
1665 2857 68 75 pot,
1759 2857 70 75 that
1852 2857 76 75 they
1946 2857 74 75 may
2043 2857 55 75 the
2123 2857 105 75 better

1246 2903 69 75 mix
1338 2903 78 75 with
1441 2903 56 75 the
1521 2903 93 75 gjafs,
1639 2903 126 75 ftirring
1788 2903 89 75 them
1902 2903 73 75 well
1999 2903 77 75 each
2099 2903 76 75 time
2191 2903 45 75 of

1246 2949 127 75 putting
1389 2949 32 75 in
1438 2949 55 75 the
1509 2949 142 75 powder,
1670 2949 51 75 for
1736 2949 70 75 fear
1822 2949 69 75 that
1907 2949 144 75 it.fliould
2068 2949 85 75 fwell
2171 2949 56 75 too

1246 2997 94 75 much
1358 2997 62 75 and
1432 2997 60 75 run
1503 2997 88 75 over.

1974 3038 246 75 BOLOGNA.
