2428 3377
112 129 101 75 Part
243 129 32 75 I.

677 129 41 75 A
833 129 44 75 N
994 129 42 75 A
1153 129 39 75 T

112 197 83 75 back
211 197 78 75 than
305 197 56 75 the
377 197 137 75 Internal
539 197 182 75 malleolus,
747 197 63 75 and
825 197 32 75 in
882 197 39 75 an
946 197 129 75 oblique
1099 197 49 75 di-

111 242 135 75 reftion,
272 242 122 75 obliges
412 242 36 75 ns
464 242 159 75 naturally
641 242 36 75 to
693 242 75 75 tarn
784 242 54 75 the
855 242 157 75 fore-part
1035 242 40 75 of
1093 242 56 75 the

112 288 74 75 foot
202 288 177 75 outwards.
428 288 48 75 At
492 288 55 75 the
571 288 100 75 lower
687 288 135 75 internal
847 288 71 75 part
935 288 39 75 of
992 288 65 75 this
1074 288 74 75 pro-

113 335 81 75 cefs,
220 335 19 75 a
254 335 122 75 fpongy
392 335 106 75 cavity
515 335 51 75 for
583 335 229 75 mucilaginous
825 335 111 75 glands
953 335 74 75 may
1043 335 39 75 be
1100 335 49 75 re-

113 380 135 75 marked
258 380 10 75 ;
296 380 83 75 from
396 380 42 75 its
456 380 103 75 point,
577 380 169 75 ligaments
759 380 53 75 are
824 380 162 75 extended
998 380 35 75 to
1046 380 54 75 the
1115 380 33 75 a-

109 426 171 75 flragalus,
305 426 35 75 os
357 426 108 75 calcis,
484 426 62 75 and
562 426 35 75 os
614 426 194 75 naviculare,
825 426 98 75 bones
936 426 41 75 of
988 426 54 75 the
1054 426 95 75 foot;

115 473 63 75 and
192 473 86 75 from
294 473 41 75 its
351 473 109 75 infide,
477 473 87 75 Ihort
579 473 107 75 ftrong
702 473 76 75 ones
795 473 43 75 go
853 473 58 75 out
931 473 34 75 to
982 473 55 75 the
1054 473 96 75 altra-

111 518 107 75 galus.
267 518 54 75 On
337 518 57 75 the
405 518 170 75 back-part
591 518 41 75 of
642 518 38 75 it,
698 518 19 75 a
732 518 145 75 finuofity
892 518 27 75 is
937 518 91 75 made
1039 518 43 75 by
1095 518 56 75 the

113 565 136 75 tendons
275 565 40 75 of
339 565 56 75 the
420 565 137 75 peronaei
585 565 307 75 mufcles.—When
916 565 55 75 the
998 565 153 75 ligament

113 611 164 75 extended
300 611 77 75 over
401 611 89 75 thefe
515 611 135 75 tendons
674 611 85 75 from
786 611 57 75 the
867 611 61 75 one
950 611 64 75 fide
1036 611 41 75 of
1095 611 56 75 the

114 657 173 75 depreflion
303 657 35 75 to
358 657 55 75 the
431 657 93 75 other
548 657 26 75 is
595 657 112 75 broke,
734 657 160 75 (Iretched
909 657 55 75 too
981 657 107 75 much,
1114 657 38 75 or

111 704 97 75 made
226 704 91 75 weak
333 704 43 75 by
393 704 18 75 a
423 704 115 75 fprain,
564 704 55 75 the
636 704 135 75 tendons
789 704 187 75 frequently
991 704 76 75 ftart
1083 704 67 75 for-

112 750 109 75 wards
239 750 35 75 to
287 750 55 75 the
358 750 120 75 outhde
495 750 40 75 of
554 750 55 75 the
625 750 109 75 fibula.

162 795 77 75 The
256 795 202 75 conjundtion
479 795 40 75 of
537 795 56 75 the
616 795 101 75 upper
733 795 63 75 end
819 795 41 75 of
877 795 56 75 the
949 795 98 75 fibula
1068 795 83 75 with

112 842 60 75 the
188 842 81 75 tibia
284 842 40 75 is,
342 842 44 75 by
402 842 85 75 plain
503 842 152 75 furfaces,
673 842 109 75 tipped
793 842 80 75 with
885 842 170 75 cartilage;
1073 842 75 75 and,

117 888 32 75 at
164 888 42 75 its
219 888 100 75 lower
330 888 74 75 end,
422 888 56 75 the
491 888 152 75 cartilage
654 888 99 75 feems
766 888 34 75 to
813 888 73 75 glue
903 888 55 75 the
974 888 66 75 two
1052 888 97 75 bones

110 933 167 75 together,
302 933 70 75 not,
397 933 162 75 however,
585 933 33 75 fo
634 933 106 75 firmly
762 933 32 75 in
811 933 107 75 young
941 933 125 75 people,
1092 933 58 75 but

117 979 70 75 that
203 979 56 75 the
274 979 123 75 motion
414 979 33 75 at
459 979 55 75 the
530 979 94 75 other
640 979 63 75 end
719 979 40 75 of
776 979 77 75 fuch
871 979 18 75 a
906 979 77 75 long
999 979 107 75 radius
1123 979 26 75 is

113 1025 82 75 Very
210 1025 198 75 obfervable.

163 1072 77 75 The
264 1072 152 75 principal
432 1072 54 75 ufe
502 1072 40 75 of
561 1072 63 75 this
640 1072 83 75 bone
739 1072 27 75 is
789 1072 36 75 to
841 1072 106 75 afford
969 1072 104 75 origin
1089 1072 63 75 and

114 1118 152 75 infertion
283 1118 35 75 to
343 1118 155 75 mufcles;
525 1118 55 75 the
605 1118 154 75 diredlion
783 1118 40 75 of
842 1118 104 75 which
969 1118 73 75 may
1066 1118 40 75 be
1133 1118 19 75 a

117 1163 84 75 little
230 1163 134 75 altered,
401 1163 40 75 on
469 1163 116 75 proper
612 1163 172 75 occafions,
820 1163 44 75 by
891 1163 40 75 its
959 1163 100 75 upper
1082 1163 71 75 part

115 1209 146 75 /huffiing
284 1209 186 75 backwards
494 1209 63 75 and
580 1209 168 75 forwards.
844 1209 34 75 It
898 1209 141 75 likewife
1060 1209 92 75 helps

118 1255 34 75 to
181 1255 92 75 make
295 1255 57 75 the
376 1255 203 75 articulation
606 1255 40 75 of
669 1255 56 75 the
745 1255 71 75 foot
843 1255 89 75 more
958 1255 108 75 fecure
1087 1255 66 75 and

115 1301 88 75 •firm.

167 1348 166 75 Rotula
351 1348 26 75 is
389 1348 56 75 the
457 1348 89 75 fmall
562 1348 55 75 flat
629 1348 82 75 bone
727 1348 133 75 fituated
877 1348 32 75 at
922 1348 55 75 the
994 1348 158 75 fore-part

115 1393 45 75 •of
185 1393 55 75 the
270 1393 85 75 joint
381 1393 41 75 of
448 1393 55 75 the
527 1393 94 75 knee.
716 1393 48 75 Its
789 1393 91 75 (hape
903 1393 168 75 refemhles
1097 1393 54 75 the

122 1438 147 75 common
285 1438 100 75 figure
401 1438 40 75 of
458 1438 56 75 the
526 1438 91 75 heart
634 1438 76 75 with
728 1438 41 75 its
787 1438 88 75 point
891 1438 262 75 downwards.—

119 1486 77 75 The
214 1486 138 75 anterior
368 1486 125 75 convex
504 1486 123 75 furface
643 1486 40 75 of
702 1486 54 75 the
771 1486 107 75 rotula
894 1486 26 75 is
937 1486 127 75 pierced
1080 1486 42 75 by
1134 1486 20 75 a

122 1531 89 75 great
228 1531 132 75 number
372 1531 41 75 of
431 1531 102 75 holes,
558 1531 69 75 into
639 1531 104 75 which
756 1531 93 75 fibres
866 1531 40 75 of
918 1531 56 75 the
991 1531 106 75 ftrong
1113 1531 38 75 li-

121 1576 126 75 gament
264 1576 70 75 that
351 1576 27 75 is
395 1576 112 75 fpread
522 1576 77 75 over
621 1576 26 75 it
664 1576 101 75 enter.
861 1576 140 75 Behind,
1026 1576 41 75 its
1084 1576 67 75 fur-

118 1623 72 75 face
203 1623 25 75 is
247 1623 138 75 fmooth,
411 1623 137 75 covered
559 1623 79 75 with
654 1623 163 75 cartilage,
844 1623 61 75 and
921 1623 131 75 divided
1068 1623 43 75 by
1134 1623 19 75 a

120 1670 119 75 middle
257 1670 125 75 convex
399 1670 90 75 ridge
506 1670 68 75 into
593 1670 65 75 two
674 1670 142 75 cavities,
841 1670 40 75 of
899 1670 105 75 which
1021 1670 55 75 the
1093 1670 57 75 ex-

119 1715 102 75 ternal
239 1715 26 75 is
278 1715 125 75 largeft,
429 1715 61 75 and
507 1715 81 75 both
605 1715 53 75 are
673 1715 125 75 exa<5tly
810 1715 138 75 adapted
963 1715 35 75 to
1010 1715 55 75 the
1082 1715 69 75 pul-

120 1762 53 75 ley
195 1762 42 75 of
255 1762 55 75 the
334 1762 35 75 os
395 1762 143 75 femoris,
563 1762 41 75 on
629 1762 105 75 which
750 1762 78 75 they
844 1762 53 75 are
914 1762 112 75 placed
1040 1762 34 75 in
1096 1762 56 75 the

121 1808 81 75 moft
219 1808 150 75 ordinary
384 1808 193 75 unftraining
592 1808 140 75 poftures
749 1808 40 75 of
807 1808 55 75 the
886 1808 73 75 leg;
986 1808 57 75 but
1059 1808 93 75 when

114 1854 61 75 •the
199 1854 52 75 leg
275 1854 26 75 is
327 1854 94 75 much
445 1854 137 75 bended,
609 1854 56 75 the
687 1854 106 75 rotula
816 1854 150 75 defcends
991 1854 49 75 far
1056 1854 95 75 down

118 1900 44 75 on
180 1900 55 75 the
260 1900 173 75 condyles;
461 1900 62 75 and
545 1900 93 75 when
660 1900 55 75 the
739 1900 52 75 leg
808 1900 33 75 js
865 1900 85 75 fully
977 1900 173 75 extended,

117 1946 59 75 •the
189 1946 105 75 rotula
309 1946 74 75 rifes
399 1946 126 75 higher,
550 1946 33 75 in
599 1946 41 75 its
657 1946 100 75 upper
773 1946 83 75 part,
877 1946 78 75 than
971 1946 55 75 the
1043 1946 109 75 pulley

121 1992 40 75 of
178 1992 56 75 the
251 1992 204 75 thigh-bone.
548 1992 79 75 The
643 1992 85 75 plain
744 1992 126 75 fmooth
890 1992 122 75 furface
1035 1992 26 75 is
1085 1992 65 75 fur-

120 2039 145 75 rounded
281 2039 43 75 by
340 2039 19 75 a
375 2039 102 75 rough
493 2039 180 75 prominent
689 2039 92 75 edge,
807 2039 35 75 to
857 2039 107 75 which
975 2039 55 75 the
1043 2039 108 75 capfu-

120 2084 48 75 lar
185 2084 150 75 ligament
352 2084 132 75 adheres
497 2084 186 75 :—Below,
708 2084 55 75 the
779 2084 90 75 point
890 2084 38 75 of
946 2084 58 75 the
1025 2084 83 75 bone
1125 2084 26 75 is

120 2129 160 75 fcabrous,
306 2129 107 75 where
429 2129 56 75 the
502 2129 105 75 ftrong
630 2129 169 75 tendinous
823 2129 150 75 ligament
989 2129 85 75 from
1097 2129 56 75 the

116 2175 147 75 tubercle
275 2175 40 75 of
333 2175 55 75 the
404 2175 80 75 tibia
498 2175 26 75 is
537 2175 225 75 fixed.—The
778 2175 99 75 upper
888 2175 181 75 horizontal
1081 2175 72 75 part

122 2221 40 75 of
180 2221 64 75 this
261 2221 82 75 bone
360 2221 25 75 is
403 2221 112 75 flatted
531 2221 61 75 and
606 2221 149 75 unequal,
780 2221 107 75 where
900 2221 54 75 the
967 2221 134 75 tendons
1118 2221 40 75 of

122 2267 55 75 the
189 2267 165 75 extenfors
366 2267 41 75 of
426 2267 55 75 the
497 2267 53 75 leg
563 2267 52 75 are
628 2267 150 75 inferted.

167 2313 77 75 The
260 2313 160 75 fubftance
432 2313 40 75 of
490 2313 57 75 the
563 2313 106 75 rotula
684 2313 26 75 is
724 2313 143 75 cellular,
892 2313 80 75 with
988 2313 78 75 very
1083 2313 70 75 thin

122 2359 146 75 external
292 2359 71 75 firm
379 2359 122 75 plates:
528 2359 67 75 But
619 2359 75 75 then
711 2359 87 75 thefe
821 2359 77 75 cells
915 2359 52 75 are
992 2359 34 75 fo
1049 2359 102 75 fmall,

119 2406 66 75 and
201 2406 74 75 fuch
293 2406 19 75 a
331 2406 148 75 quantity
503 2406 39 75 of
560 2406 82 75 bone
662 2406 25 75 is
704 2406 168 75 employed
889 2406 29 75 in
933 2406 84 75 their
1033 2406 118 75 forma-

122 2451 80 75 tion,
228 2451 73 75 that
313 2451 105 75 fcarce
435 2451 61 75 any
512 2451 82 75 bone
617 2451 40 75 of
674 2451 41 75 its
732 2451 79 75 bulk
827 2451 25 75 is
869 2451 34 75 fo
920 2451 118 75 ftrong.
1087 2451 64 75 Be-

121 2497 91 75 fides,
230 2497 27 75 it
273 2497 27 75 is
312 2497 137 75 covered
461 2497 41 75 all
520 2497 75 75 over
611 2497 78 75 with
707 2497 18 75 a
737 2497 88 75 thick
842 2497 164 75 ligament,
1024 2497 36 75 to
1076 2497 75 75 con-

119 2544 72 75 netfl
207 2544 41 75 its
261 2544 171 75 fubftance,
458 2544 63 75 and
537 2544 25 75 is
586 2544 163 75 moveable
766 2544 35 75 to
818 2544 60 75 one
901 2544 62 75 fide
979 2544 38 75 or
1033 2544 116 75 other;

121 2589 163 75 therefore
300 2589 27 75 is
343 2589 189 75 fufficiently
544 2589 105 75 ftrong
662 2589 34 75 to
708 2589 81 75 refill
802 2589 55 75 the
869 2589 152 75 ordinary
1033 2589 119 75 aftions

122 2635 41 75 of
173 2635 57 75 the
241 2635 88 75 large
346 2635 132 75 mufcles
495 2635 70 75 that
581 2635 53 75 are
650 2635 138 75 inferted
798 2635 68 75 into
873 2635 43 75 it,
942 2635 37 75 or
992 2635 60 75 any
1064 2635 87 75 com-

122 2680 74 75 mon
214 2680 145 75 external
375 2680 88 75 force
480 2680 126 75 applied
617 2680 35 75 to
667 2680 38 75 it.

168 2726 76 75 The
261 2726 86 75 parts
364 2726 105 75 which
487 2726 166 75 conftitute
665 2726 54 75 the
732 2726 85 75 joint
835 2726 38 75 of
892 2726 56 75 the
960 2726 80 75 knee
1056 2726 95 75 being

122 2772 72 75 now
208 2772 177 75 defcribed,
410 2772 45 75 let
467 2772 41 75 us
526 2772 145 75 examine
688 2772 86 75 what
790 2772 53 75 are
859 2772 42 75 its
917 2772 149 75 motions,
1089 2772 62 75 and

122 2818 74 75 how
212 2818 195 75 performed.
504 2818 76 75 The
596 2818 66 75 two
682 2818 153 75 principal
853 2818 135 75 motions
1006 2818 53 75 are
1075 2818 75 75 flec-

121 2864 68 75 tion
205 2864 63 75 and
283 2864 174 75 extenfion.
553 2864 37 75 In
613 2864 56 75 the
694 2864 120 75 former
836 2864 39 75 of
894 2864 99 75 thefe,
1019 2864 56 75 the
1098 2864 52 75 leg

122 2909 72 75 may
205 2909 40 75 be
261 2909 140 75 brought
417 2909 36 75 to
468 2909 20 75 a
501 2909 79 75 very
596 2909 91 75 acute
705 2909 91 75 angle
812 2909 80 75 with
905 2909 55 75 the
978 2909 104 75 thigh,
1107 2909 43 75 by

120 2957 56 75 the
200 2957 150 75 condyles
367 2957 41 75 of
425 2957 54 75 the
496 2957 206 75 thigh-bones
726 2957 96 75 being
845 2957 104 75 round
974 2957 61 75 and
1057 2957 91 75 made

142 3004 9 75 *
171 3004 96 75 Von.
286 3004 29 75 I.
341 3004 71 75 No.
430 3004 35 75 8.

1081 3004 17 75 3

1310 129 39 75 O
1467 129 48 75 M
1631 129 53 75 Y.

2152 129 77 75 185

1199 191 124 75 fmooth
1340 191 51 75 far
1410 191 202 75 backwards.
1660 191 39 75 In
1722 191 197 75 performing
1943 191 78 75 this,
2046 191 55 75 the
2126 191 108 75 rotula

1199 237 26 75 is
1242 237 109 75 pulled
1370 237 98 75 down
1485 237 43 75 by
1545 237 56 75 the
1617 237 90 75 tibia.
1806 237 112 75 When
1941 237 56 75 the
2021 237 53 75 leg
2091 237 26 75 is
2139 237 36 75 to
2192 237 42 75 be

1199 283 172 75 extended,
1404 283 55 75 the
1481 283 106 75 rotula
1612 283 28 75 is
1668 283 109 75 drawn
1806 283 160 75 upwards,
2004 283 231 75 confequently

1200 330 54 75 the
1270 330 79 75 tibia
1364 330 169 75 forwards,
1558 330 45 75 by
1618 330 55 75 the
1695 330 151 75 extenfor
1863 330 133 75 mufcles
2008 330 11 75 ;
2045 330 120 75 which,
2190 330 46 75 by

1200 375 107 75 means
1324 375 40 75 of
1382 375 56 75 the
1454 375 206 75 protuberant
1681 375 98 75 joint,
1806 375 63 75 and
1891 375 42 75 of
1951 375 64 75 this
2038 375 90 75 thick
2152 375 83 75 bone

1200 420 79 75 with
1295 420 41 75 its
1360 420 164 75 ligament,
1548 420 82 75 have
1646 420 33 75 in
1702 420 94 75 effe<5t
1813 420 55 75 the
1891 420 115 75 chord,
2031 420 80 75 with
2128 420 107 75 which

1201 467 77 75 they
1293 467 61 75 aft,
1379 467 88 75 fixed
1482 467 35 75 to
1533 467 55 75 the
1605 467 79 75 tibia
1700 467 32 75 at
1749 467 19 75 a
1780 467 212 75 confiderable
2005 467 105 75 angle,
2128 467 107 75 there-

1202 512 69 75 fore
1288 512 48 75 aft
1352 512 79 75 with
1448 512 196 75 advantage;
1673 512 58 75 but
1755 512 53 75 are
1825 512 170 75 reftrained
2012 512 83 75 from
2113 512 123 75 pulling

1201 559 55 75 the
1271 559 53 75 leg
1341 559 123 75 farther
1481 559 76 75 than
1574 559 34 75 to
1626 559 19 75 a
1660 559 130 75 ftreight
1813 559 64 75 line
1894 559 79 75 with
1990 559 54 75 the
2060 559 107 75 thigh,
2191 559 45 75 by

1200 605 55 75 the
1272 605 150 75 pofterior
1447 605 72 75 part
1541 605 40 75 of
1600 605 55 75 the
1677 605 85 75 crofs
1786 605 164 75 ligament,
1975 605 70 75 that
2068 605 56 75 the
2147 605 89 75 body

1200 651 103 75 might
1320 651 39 75 be
1376 651 171 75 fupported
1563 651 44 75 by
1622 651 20 75 a
1657 651 70 75 firm
1741 651 240 75 perpendicular
1993 651 126 75 column
2133 651 8 75 :
2168 651 67 75 For

1201 697 33 75 at
1250 697 64 75 this
1338 697 78 75 time
1433 697 55 75 the
1505 697 92 75 thigh
1617 697 63 75 and
1697 697 51 75 leg
1765 697 53 75 are
1835 697 33 75 as
1885 697 85 75 little
1986 697 165 75 moveable
2166 697 33 75 in
2217 697 19 75 a

1202 744 144 75 rotatory
1359 744 83 75 way,
1468 744 38 75 or
1522 744 35 75 to
1574 744 104 75 either
1689 744 76 75 fide,
1791 744 32 75 as
1835 744 32 75 if
1885 744 79 75 they
1979 744 85 75 were
2081 744 60 75 one
2159 744 76 75 con-

1200 791 112 75 tinued
1336 791 92 75 bone.
1521 791 71 75 But
1609 791 92 75 when
1724 791 55 75 the
1802 791 85 75 joint
1904 791 26 75 is
1947 791 19 75 a
1988 791 84 75 little
2095 791 138 75 bended,

1200 836 55 75 the
1279 836 106 75 rotula
1409 836 26 75 is
1458 836 57 75 not
1540 836 119 75 tightly
1683 836 128 75 braced,
1836 836 64 75 and
1916 836 55 75 the
1987 836 152 75 pofterior
2154 836 80 75 liga-

1200 882 87 75 ment
1303 882 27 75 is
1348 882 153 75 relaxed;
1528 882 162 75 therefore
1707 882 63 75 this
1788 882 83 75 bone
1887 882 75 75 may
1972 882 39 75 be
2022 882 118 75 moved
2151 882 18 75 a
2180 882 53 75 lit-

1200 929 46 75 tle
1262 929 36 75 to
1318 929 101 75 either
1435 929 76 75 fide,
1536 929 38 75 or
1590 929 79 75 with
1686 929 19 75 a
1724 929 89 75 fmall
1832 929 137 75 rotation
1986 929 31 75 in
2035 929 55 75 the
2105 929 131 75 fuperfi-

1201 975 60 75 cial
1277 975 131 75 cavities
1425 975 40 75 of
1483 975 56 75 the
1555 975 99 75 tibia;
1681 975 105 75 which
1811 975 27 75 is
1862 975 83 75 done
1970 975 44 75 by
2030 975 56 75 the
2111 975 124 75 motion

1201 1021 39 75 of
1259 1021 55 75 the
1330 1021 148 75 external
1494 1021 107 75 cavity
1617 1021 187 75 backwards
1827 1021 63 75 and
1912 1021 170 75 forwards,
2105 1021 59 75 the
2185 1021 48 75 in-

1201 1068 101 75 ternal
1318 1068 125 75 ferving
1454 1068 34 75 as
1506 1068 19 75 a
1539 1068 66 75 fort
1616 1068 41 75 of
1675 1068 82 75 axis.
1809 1068 118 75 Seeing
1942 1068 77 75 then
2037 1068 60 75 one
2114 1068 71 75 part
2198 1068 41 75 of

1200 1114 55 75 the
1278 1114 84 75 crofs
1389 1114 153 75 ligament
1565 1114 26 75 is
1617 1114 134 75 fituated
1775 1114 288 75 perpendicularly,
2089 1114 63 75 and
2178 1114 56 75 the

1200 1161 153 75 pofterior
1378 1161 71 75 part
1475 1161 26 75 is
1527 1161 163 75 ftretched
1716 1161 165 75 obliquely
1907 1161 85 75 from
2019 1161 56 75 the
2101 1161 136 75 internal

1201 1207 136 75 condyle
1361 1207 41 75 of
1420 1207 56 75 the
1504 1207 93 75 thigh
1623 1207 176 75 outwards,
1828 1207 70 75 that
1924 1207 151 75 pofterior
2101 1207 72 75 part
2199 1207 43 75 of

1202 1253 55 75 the
1274 1253 85 75 crofs
1371 1253 163 75 digament
1557 1253 148 75 prevents
1731 1253 54 75 the
1803 1253 81 75 leg’s
1900 1253 95 75 being
2010 1253 116 75 turned
2143 1253 33 75 at
2193 1253 44 75 all

1200 1300 159 75 inwards;
1385 1300 58 75 but
1466 1300 26 75 it
1516 1300 95 75 could
1635 1300 56 75 not
1715 1300 114 75 hinder
1850 1300 26 75 it
1899 1300 85 75 from
2008 1300 131 75 turning
2160 1300 73 75 out-

1201 1346 103 75 wards
1317 1346 110 75 almoft
1438 1346 116 75 round,
1580 1346 63 75 was
1660 1346 58 75 not
1733 1346 69 75 that
1819 1346 122 75 motion
1957 1346 147 75 confined
2120 1346 43 75 by
2178 1346 58 75 the

1202 1392 113 75 lateral
1330 1392 168 75 ligaments
1511 1392 39 75 of
1569 1392 63 75 this
1650 1392 96 75 joint,
1772 1392 105 75 which
1893 1392 58 75 can
1963 1392 87 75 yield
2065 1392 98 75 little.

1247 1439 77 75 The
1346 1439 106 75 Foot
1479 1439 26 75 is
1529 1439 129 75 divided
1681 1439 69 75 into
1776 1439 88 75 three
1890 1439 99 75 parts,
2016 1439 65 75 viz.
2108 1439 122 75 tarfji,

1203 1485 208 75 vietaiarfus,
1436 1485 64 75 and
1517 1485 62 75 toes
1593 1485 10 75 :
1629 1485 39 75 In
1685 1485 55 75 the
1763 1485 191 75 defeription
1976 1485 39 75 of
2035 1485 118 75 which,
2179 1485 55 75 the

1202 1531 101 75 broad
1318 1531 41 75 of
1376 1531 56 75 the
1456 1531 69 75 foot
1541 1531 77 75 fhali
1635 1531 40 75 be
1691 1531 104 75 called
1808 1531 65 75 fuf
1875 1531 106 75 trior;
2008 1531 55 75 the
2080 1531 77 75 foie,
2182 1531 52 75 in-

1191 1577 116 75 ferior
1316 1577 10 75 ;
1354 1577 54 75 the
1424 1577 63 75 fide
1499 1577 41 75 on
1558 1577 104 75 which
1674 1577 55 75 the
1741 1577 89 75 great
1848 1577 53 75 toe
1912 1577 40 75 is,
1968 1577 170 75 internal;
2161 1577 73 75 that

1203 1624 105 75 where
1324 1624 55 75 the
1395 1624 84 75 little
1491 1624 53 75 toe
1561 1624 41 75 is,
1627 1624 151 75 external

1247 1670 76 75 The
1340 1670 99 75 tarfus
1457 1670 125 75 confifts
1594 1670 41 75 of
1652 1670 92 75 feven
1762 1670 119 75 fpongy
1897 1670 98 75 bones
2007 1670 9 75 ;
2044 1670 35 75 to
2092 1670 68 75 wit,
2176 1670 58 75 the

1199 1717 197 75 ajlragalus,
1422 1717 32 75 os
1481 1717 112 75 calcis,
1619 1717 202 75 naviculare,
1851 1717 156 75 cuboides,
2034 1717 200 75 cuneiform?

1200 1762 180 75 externut/i,
1421 1762 198 75 cuneiforme
1651 1762 157 75 medium,
1850 1762 64 75 and
1945 1762 199 75 cuneiforms
2183 1762 51 75 in-

1199 1808 144 75 ternum.

1247 1854 77 75 The
1340 1854 170 75 aftragalus
1526 1854 26 75 is
1577 1854 56 75 the
1650 1854 179 75 uppermoft
1853 1854 40 75 of
1915 1854 86 75 thefe
2025 1854 111 75 bones.

1201 1900 76 75 The
1293 1900 36 75 os
1346 1900 94 75 calcis
1453 1900 26 75 is
1495 1900 105 75 below
1616 1900 54 75 the
1688 1900 183 75 aftragalus,
1897 1900 61 75 and
1974 1900 26 75 is
2018 1900 218 75 confiderably

1200 1947 179 75 prominent
1403 1947 186 75 backwards
1612 1947 128 75 beyond
1761 1947 57 75 the
1841 1947 95 75 other
1959 1947 112 75 bones,
2097 1947 35 75 to
2148 1947 86 75 form

1203 1993 53 75 the
1273 1993 83 75 heel.
1452 1993 75 75 The
1545 1993 35 75 os
1597 1993 180 75 naviculare
1794 1993 26 75 is
1837 1993 32 75 in
1893 1993 56 75 the
1973 1993 121 75 middle
2119 1993 40 75 of
2176 1993 57 75 the

1201 2038 135 75 internal
1360 2038 62 75 fide
1448 2038 40 75 of
1507 2038 55 75 the
1587 2038 113 75 tarfus.
1796 2038 76 75 The
1896 2038 36 75 os
1943 2038 165 75 .cuboides
2126 2038 26 75 is
2176 2038 57 75 the

1202 2086 78 75 molt
1296 2086 145 75 external
1459 2086 39 75 of
1517 2086 55 75 the
1589 2086 67 75 row
1672 2086 40 75 of
1731 2086 72 75 four
1819 2086 98 75 bones
1941 2086 32 75 at
1995 2086 40 75 its
2059 2086 172 75 fore-part.

1286 2130 74 75 The
1373 2130 35 75 os
1425 2130 195 75 cuneiforme
1637 2130 166 75 externum
1825 2130 26 75 is
1876 2130 111 75 placed
2010 2130 32 75 at
2060 2130 56 75 the
2127 2130 96 75 infide

1202 2175 39 75 of
1260 2175 55 75 the
1331 2175 129 75 cuboid.
1556 2175 75 75 The
1657 2175 194 75 cuneiforme
1875 2175 139 75 medium
2037 2175 27 75 is
2089 2175 143 75 between

1203 2222 53 75 the
1269 2222 146 75 external
1432 2222 60 75 and
1509 2222 134 75 internal
1660 2222 177 75 cuneiform
1853 2222 111 75 bones,
1990 2222 61 75 and
2064 2222 55 75 the
2133 2222 99 75 inter-

1201 2267 52 75 nal
1271 2267 175 75 cuneiform
1463 2267 25 75 is
1500 2267 57 75 put
1574 2267 33 75 at
1623 2267 54 75 the
1693 2267 136 75 internal
1841 2267 62 75 fide
1915 2267 40 75 of
1974 2267 55 75 the
2041 2267 82 75 foot.

1250 2314 38 75 In
1304 2314 55 75 the
1375 2314 191 75 defeription
1583 2314 39 75 of
1641 2314 86 75 thefe
1751 2314 110 75 bones,
1885 2314 47 75 let
1954 2314 26 75 it
2003 2314 39 75 be
2064 2314 166 75 obferved,

1201 2360 91 75 That
1310 2360 197 75 where-ever
1525 2360 17 75 a
1559 2360 88 75 ridge
1664 2360 27 75 is
1714 2360 194 75 mentioned,
1935 2360 137 75 without
2093 2360 18 75 a
2133 2360 98 75 parti-

1202 2406 88 75 cular
1300 2406 53 75 ufe
1370 2406 146 75 afligned,
1542 2406 18 75 a
1571 2406 151 75 ligament
1738 2406 26 75 is
1781 2406 192 75 underftood
1988 2406 38 75 to
2036 2406 39 75 be
2091 2406 88 75 fixed
2196 2406 34 75 to

1201 2451 45 75 it:
1273 2451 38 75 or
1327 2451 106 75 where
1450 2451 18 75 a
1483 2451 119 75 fpongy
1620 2451 101 75 rough
1738 2451 117 75 cavity,
1880 2451 186 75 depreflion,
2090 2451 38 75 or
2139 2451 90 75 ^pffa,

1199 2498 28 75 is
1251 2498 179 75 remarked,
1457 2498 134 75 without
1615 2498 127 75 naming
1765 2498 40 75 its
1831 2498 64 75 ufe,
1922 2498 18 75 a
1963 2498 152 75 ligament
2139 2498 27 75 is
2181 2498 49 75 in-

1200 2544 117 75 ferted,
1342 2544 63 75 and
1420 2544 227 75 mucilaginous
1664 2544 112 75 glands
1794 2544 52 75 are
1862 2544 131 75 lodged.

1247 2591 76 75 The
1339 2591 99 75 upper
1454 2591 70 75 part
1537 2591 39 75 of
1595 2591 54 75 the
1666 2591 169 75 aftragalus
1852 2591 25 75 is
1895 2591 125 75 formed
2033 2591 67 75 into
2113 2591 17 75 a
2142 2591 87 75 large

1201 2637 124 75 fmooth
1348 2637 95 75 head,
1468 2637 105 75 which
1589 2637 27 75 is
1633 2637 125 75 flightly
1781 2637 163 75 hollowed
1963 2637 32 75 in
2012 2637 55 75 the
2085 2637 141 75 middle;

1201 2682 61 75 and
1279 2682 161 75 therefore
1458 2682 165 75 refembles
1645 2682 18 75 a
1682 2682 171 75 fuperficiai
1871 2682 120 75 pulley,
2016 2682 43 75 by
2077 2682 109 75 which'
2204 2682 26 75 it

1200 2728 25 75 is
1242 2728 92 75 fitted
1356 2728 35 75 to
1414 2728 55 75 the
1491 2728 99 75 lower
1606 2728 62 75 end
1684 2728 40 75 of
1743 2728 55 75 the
1814 2728 90 75 tibia.
2000 2728 75 75 The
2106 2728 122 75 iiternal

1200 2775 61 75 fide
1274 2775 39 75 of
1332 2775 63 75 this
1411 2775 83 75 head
1509 2775 26 75 is
1553 2775 56 75 flat
1626 2775 62 75 and
1704 2775 138 75 fmooth,
1868 2775 34 75 to
1919 2775 73 75 play
2010 2775 40 75 on
2063 2775 54 75 the
2130 2775 98 75 inter-

1200 2821 50 75 nal
1267 2821 177 75 malleolus.
1539 2821 77 75 The
1633 2821 146 75 external
1794 2821 62 75 fide
1873 2821 57 75 has
1948 2821 63 75 alio
2035 2821 75 75 inch
2127 2821 18 75 a
2161 2821 66 75 fur-

1198 2868 82 75 face,
1305 2868 58 75 but
1387 2868 116 75 larger,
1528 2868 52 75 for
1603 2868 42 75 its
1670 2868 201 75 articulation
1897 2868 78 75 with
2000 2868 55 75 the
2083 2868 145 75 external

1197 2916 178 75 malleolus.
1470 2916 124 75 Round
1620 2916 56 75 the
1701 2916 72 75 bafe
1796 2916 40 75 of
1855 2916 64 75 this
1943 2916 85 75 head
2050 2916 90 75 there
2164 2916 26 75 is
2208 2916 19 75 a

1198 2962 101 75 rough
1323 2962 99 75 foffa;
1450 2962 73 75 and,
1549 2962 216 75 immediately
1780 2962 111 75 before
1913 2962 55 75 the
1991 2962 95 75 head,
2111 2962 34 75 as
2163 2962 65 75 alfo

1697 3013 15 75 3
1740 3013 34 75 A

2124 3013 105 75 below
