2493 3387
505 161 219 75 ASP

1084 161 102 75 (4

144 233 195 75 ASLANI,
363 233 32 75 in
414 233 190 75 commerce,
629 233 19 75 a
665 233 89 75 Giver
772 233 84 75 coin,
882 233 105 75 worth
1003 233 85 75 from
1110 233 61 75 115

191 276 249 75 toiaoafpers.
491 276 209 75 SeeAspER.

144 326 181 75 ASMER,
350 326 19 75 a
380 326 149 75 province
546 326 40 75 of
604 326 104 75 India,
733 326 42 75 on
790 326 67 75 this
874 326 63 75 fide
954 326 56 75 the
1028 326 147 75 Ganges.

143 372 147 75 ASPIS,
315 372 33 75 in
365 372 151 75 zoology,
541 372 56 75 the
607 372 109 75 trivial
732 372 90 75 name
835 372 40 75 of
893 372 19 75 a
924 372 119 75 fpecies
1060 372 39 75 of
1119 372 55 75 co-

192 418 102 75 luber.
345 418 61 75 See
424 418 199 75 Coluber.

147 465 336 75 ASPALATHUS,
520 465 38 75 or
585 465 245 75 Rose-wood,
866 465 31 75 in
918 465 132 75 botany,
1077 465 18 75 a
1118 465 55 75 ge-

189 512 115 75 nus’of
316 512 55 75 the
387 512 183 75 diadelphia
580 512 173 75 decandria
768 512 92 75 clafs.
900 512 76 75 The
994 512 86 75 calix
1097 512 76 75 con-

190 558 62 75 fifls
276 558 38 75 of
333 558 62 75 five
419 558 169 75 divifions;
615 558 55 75 the
695 558 64 75 pod
781 558 26 75 is
833 558 84 75 oval,
943 558 62 75 and
1029 558 144 75 contains

188 605 67 75 two
270 605 101 75 feeds.
420 605 113 75 There
554 605 53 75 are
629 605 40 75 xg
690 605 130 75 fpecies,
845 605 81 75 none
947 605 41 75 of
1006 605 89 75 them
1117 605 55 75 na-

189 652 81 75 tives
287 652 40 75 of
345 652 140 75 Britain.

143 698 303 75 ASPARAGUS,
470 698 33 75 in
527 698 133 75 botany,
693 698 19 75 a
735 698 100 75 genus
859 698 41 75 of
917 698 55 75 the
996 698 177 75 hexandria

190 744 193 75 monogynia
391 744 94 75 clafs.
534 744 77 75 The
628 744 121 75 corolla
765 744 125 75 confiifs
904 744 41 75 of
964 744 47 75 fix
1027 744 83 75 eredt
1123 744 48 75 di-

189 792 112 75 vifions
312 792 10 75 ;
349 792 55 75 the
427 792 91 75 three
536 792 132 75 inferior
692 792 101 75 petak
817 792 53 75 are
894 792 75 75 bent
986 792 185 75 outwards;

189 839 58 75 the
270 839 96 75 berry
387 839 58 75 has
474 839 90 75 three
592 839 88 75 cells,
714 839 62 75 and
804 839 144 75 contains
971 839 67 75 two
1069 839 103 75 feeds.

187 884 112 75 There
316 884 53 75 are
386 884 40 75 14
443 884 116 75 fpecies
576 884 40 75 of
628 884 177 75 afparagus,
831 884 77 75 only
924 884 62 75 one
1002 884 41 75 of
1053 884 120 75 which,

188 931 68 75 viz.
283 931 56 75 the
351 931 179 75 officinalis,
555 931 26 75 is
600 931 18 75 a
634 931 105 75 native
756 931 41 75 of
815 931 139 75 Britain.
1003 931 86 75 This
1105 931 67 75 fpe-

187 978 63 75 cies
266 978 26 75 is
310 978 182 75 commonly
509 978 77 75 ufed
601 978 33 75 as
651 978 101 75 food;
778 978 59 75 but
853 978 25 75 it
894 978 27 75 is
938 978 66 75 alfo
1019 978 155 75 fuppofed

187 1024 35 75 to
236 1024 144 75 promote
396 1024 105 75 urine.

141 1072 200 75 ASPECT,
367 1072 32 75 in
427 1072 192 75 aftronomy,
643 1072 135 75 denotes
805 1072 56 75 the
888 1072 147 75 fituation
1064 1072 41 75 of
1117 1072 56 75 the

186 1118 123 75 planets
326 1118 63 75 and
404 1118 76 75 ftars
498 1118 78 75 with
594 1118 118 75 refpedt
730 1118 35 75 to
780 1118 78 75 each
879 1118 106 75 other.
1036 1118 61 75 See
1124 1118 47 75 A-

189 1164 226 75 STRONOMY.

139 1211 320 75 ASPEN-TREE,
486 1211 32 75 in
535 1211 135 75 botany.
720 1211 62 75 See
798 1211 198 75 Populus.

138 1258 166 75 ASPER,
330 1258 32 75 in
381 1258 171 75 grammar,
577 1258 39 75 an
634 1258 110 75 accent
762 1258 142 75 peculiar
926 1258 36 75 to
985 1258 55 75 the
1057 1258 114 75 Greek

184 1304 168 75 language,
378 1304 132 75 marked
534 1304 75 75 thus
636 1304 61 75 (‘),
723 1304 63 75 and
808 1304 186 75 importing,
1020 1304 71 75 that
1113 1304 56 75 the

184 1351 111 75 letters
326 1351 77 75 o^er
426 1351 105 75 which
549 1351 25 75 it
597 1351 26 75 is
647 1351 112 75 placed
781 1351 103 75 ought
907 1351 35 75 to
965 1351 39 75 be
1029 1351 141 75 ftrongly

184 1396 172 75 afpirated,
384 1396 36 75 or
445 1396 204 75 pronounced
667 1396 33 75 as
717 1396 31 75 if
768 1396 39 75 an
825 1396 7 75 /
832 1396 13 75 >
865 1396 84 75 were
962 1396 113 75 joined
1089 1396 80 75 with

184 1444 101 75 them.

138 1490 135 75 Asper,
297 1490 33 75 in
352 1490 225 75 ichthyology,
602 1490 56 75 the
673 1490 108 75 trivial
797 1490 91 75 name
904 1490 41 75 of
963 1490 19 75 a
997 1490 118 75 fpecies
1133 1490 41 75 of

185 1537 105 75 perca.
341 1537 61 75 See
419 1537 144 75 Perca.

137 1583 134 75 Asper,
297 1583 37 75 or
350 1583 136 75 Aspre,
509 1583 32 75 in
560 1583 189 75 commerce,
775 1583 19 75 a
808 1583 141 75 Turkiffi
967 1583 84 75 coin,
1077 1583 91 75 three

184 1630 40 75 of
242 1630 106 75 which
364 1630 92 75 make
473 1630 18 75 a
508 1630 139 75 medine,
672 1630 62 75 and
752 1630 103 75 worth
878 1630 178 75 fomething
1078 1630 89 75 more

182 1676 77 75 than
275 1676 59 75 our
350 1676 190 75 halfpenny.

135 1724 190 75 ASPERA
342 1724 140 75 arteria,
508 1724 33 75 in
558 1724 162 75 anatomy,
737 1724 56 75 the
808 1724 84 75 fame
908 1724 79 75 with
999 1724 55 75 the
1067 1724 101 75 wind-

184 1769 74 75 pipe
274 1769 37 75 or
324 1769 142 75 trachea.
516 1769 62 75 See
594 1769 215 75 Anatomy,
836 1769 133 75 p.281.

135 1816 400 75 ASPERIFOLIATE,
553 1816 38 75 or
602 1816 328 75 Asperifolious,
948 1816 219 75 amongbota-

180 1862 88 75 nifls,
292 1862 77 75 fuch
392 1862 105 75 plants
522 1862 33 75 as
581 1862 54 75 are
659 1862 250 75 rough-leaved,
942 1862 117 75 having
1081 1862 86 75 their

179 1910 105 75 leaves
301 1910 111 75 placed
429 1910 189 75 alternately
637 1910 40 75 on
699 1910 85 75 their
800 1910 111 75 (talks,
933 1910 62 75 and
1019 1910 18 75 a
1052 1910 113 75 mono-

179 1957 142 75 petalous
339 1957 108 75 flower
463 1957 132 75 divided
614 1957 70 75 into
701 1957 61 75 five
778 1957 100 75 parts.

133 2004 274 75 ASPERUGO,
425 2004 32 75 in
475 2004 137 75 botany,,
626 2004 19 75 a
660 2004 99 75 genus
772 2004 40 75 of
824 2004 55 75 the
897 2004 189 75 pentandria
1096 2004 69 75 mo-

180 2050 139 75 nogynia
336 2050 91 75 clafs.
475 2050 112 75 There
608 2050 52 75 are
685 2050 65 75 two
766 2050 131 75 fpecies,
923 2050 69 75 viz.
1018 2050 54 75 the
1089 2050 74 75 pro-

181 2095 163 75 cumbens-,
375 2095 37 75 or
436 2095 78 75 wild
540 2095 127 75 buglos,
692 2095 19 75 a
734 2095 105 75 native
863 2095 41 75 of
921 2095 149 75 Britain;
1103 2095 62 75 and

184 2140 58 75 the
257 2140 187 75 segyptiaca,
470 2140 16 75 a
504 2140 105 75 native
624 2140 41 75 of
683 2140 124 75 Egypt.

135 2187 271 75 ASPERULA,
430 2187 32 75 in
477 2187 133 75 botany,
628 2187 19 75 a
663 2187 97 75 genus
778 2187 40 75 of
828 2187 55 75 the
900 2187 176 75 tetrandria
1091 2187 70 75 mo-

179 2233 138 75 nogynia
341 2233 92 75 clafs.
480 2233 77 75 The
580 2233 120 75 corolla
725 2233 27 75 is
775 2233 298 75 infundibuliform,.
1101 2233 63 75 and

179 2281 55 75 the
252 2281 124 75 capfule
398 2281 144 75 contains
566 2281 66 75 two
654 2281 147 75 globular
823 2281 101 75 feeds.
973 2281 112 75 There
1108 2281 55 75 are

179 2326 48 75 fix
250 2326 131 75 fpecies,
406 2326 41 75 of
464 2326 106 75 which
582 2326 54 75 the
653 2326 147 75 odorata,
825 2326 36 75 or
879 2326 196 75 wood-roof,
1100 2326 64 75 and

178 2373 55 75 the
257 2373 182 75 cynachica,
464 2373 37 75 or
520 2373 284 75 fquinancy-wort,
830 2373 52 75 are
899 2373 121 75 natives
1037 2373 40 75 of
1087 2373 74 75 Bri-

177 2419 78 75 tain.

131 2466 317 75 ASPHALTUM,
474 2466 31 75 in
530 2466 123 75 natural
677 2466 133 75 hiftory,
845 2466 18 75 a
886 2466 92 75 folid,
1004 2466 92 75 dark,
1123 2466 35 75 o-

177 2512 117 75 paque,
318 2512 212 75 inflammable
547 2512 174 75 fubftance,
743 2512 102 75 found
868 2512 32 75 in
924 2512 111 75 Egypt
1060 2512 98 75 about

179 2559 55 75 the
253 2559 97 75 Dead
368 2559 74 75 Sea,
468 2559 61 75 and
546 2559 29 75 in
593 2559 92 75 many
701 2559 106 75 places
825 2559 40 75 of
883 2559 145 75 Europe,
1053 2559 32 75 in
1102 2559 55 75 de-

175 2605 118 75 tached
310 2605 108 75 mafles
441 2605 42 75 of
500 2605 41 75 no
557 2605 127 75 regular
700 2605 164 75 ftrudture,
873 2605 5 75 .
888 2605 153 75 breaking
1063 2605 95 75 eafily

176 2653 40 75 in.
228 2653 62 75 any
306 2653 166 75 direction,
491 2653 77 75 very
583 2653 236 75 light,,fufible,
836 2653 79 75 and,
929 2653 81 75 after
1022 2653 136 75 burning

176 2698 85 75 feme
277 2698 76 75 time
371 2698 78 75 with
466 2698 19 75 a
500 2698 138 75 greeniffi
656 2698 97 75 white
771 2698 103 75 flame,
892 2698 127 75 leaving
1028 2698 129 75 a.white

175 2744 157 75 refiduum
349 2744 41 75 of
408 2744 86 75 affies
557 2744 53 75 Dr
628 2744 69 75 Hill
714 2744 197 75 enumerates
933 2744 89 75 three
1038 2744 118 75 fpecies

175 2793 41 75 of
226 2793 39 75 it;
284 2793 55 75 the
351 2793 64 75 firfi:
431 2793 95 75 being
542 2793 55 75 the
614 2793 142 75 bitumen
769 2793 300 75 judaicum,.which
1082 2793 25 75 is
1121 2793 41 75 of

174 2838 19 75 a
208 2838 170 75 difeutient
390 2838 136 75 quality,
544 2838 161 75 promotes
723 2838 55 75 the
795 2838 170 75 menfirual
979 2838 176 75 difeharge,

174 2884 63 75 and
261 2884 105 75 enters
391 2884 36 75 as
452 2884 39 75 an
514 2884 178 75 ingredient
715 2884 69 75 into
808 2884 56 75 the
879 2884 122 75 Venice
1026 2884 142 75 treacle,.

177 2930 61 75 See
254 2930 202 75 Bitumen.

126 2979 337 75 ASPHODELUS,
487 2979 33 75 in
536 2979 132 75 botany,
696 2979 18 75 a
725 2979 99 75 genus
840 2979 41 75 of
899 2979 56 75 the
977 2979 178 75 hexandria

1193 156 128 75 31)

1683 156 214 75 ASS

1273 225 192 75 monogynia
1481 225 93 75 clafs.
1622 225 77 75 The
1712 225 85 75 calix
1814 225 26 75 is
1855 225 130 75 divided
1997 225 68 75 into
2083 225 46 75 fix
2147 225 86 75 parts
2245 225 11 75 ;

1273 272 62 75 and
1358 272 55 75 the
1437 272 171 75 nedlarium
1633 272 123 75 confifts
1781 272 41 75 of
1839 272 48 75 fix
1911 272 107 75 valves
2035 272 151 75 covering
2202 272 56 75 the

1272 319 142 75 germen.
1461 319 112 75 There
1591 319 53 75 are
1660 319 91 75 three
1768 319 131 75 fpecies,
1925 319 70 75 viz.
2020 319 56 75 the
2092 319 129 75 buteus,
2239 319 20 75 a

1272 366 105 75 native
1393 366 41 75 of
1453 366 119 75 Sicily;
1600 366 56 75 the
1671 366 142 75 fiftulofis
1836 366 63 75 and
1920 366 153 75 ramofus,
2098 366 79 75 both
2200 366 57 75 na-

1273 412 79 75 tives
1369 412 40 75 of
1430 412 109 75 Spain,
1566 412 64 75 drc.

1223 458 377 75 ASPHURELATA,
1624 458 34 75 in
1674 458 125 75 natural
1816 458 133 75 hiftory,
1976 458 53 75 are
2052 458 204 75 femi-metal-

1269 506 43 75 lic
1327 506 109 75 foflils,
1462 506 109 75 fufible
1593 506 44 75 by
1661 506 70 75 fire,
1756 506 61 75 and
1842 506 57 75 not
1925 506 167 75 malleable
2115 506 32 75 in
2171 506 85 75 their

1269 553 104 75 purelt
1389 553 89 75 (late,
1504 553 95 75 being
1611 553 30 75 in
1659 553 84 75 their
1760 553 106 75 native
1883 553 75 75 (late
1975 553 178 75 intimately
2166 553 87 75 mix-

1269 600 39 75 ed
1322 600 77 75 with
1415 600 131 75 fulphur
1563 600 61 75 and
1641 600 94 75 other
1751 600 214 75 adventitious
1977 600 130 75 matter,
2125 600 63 75 and
2204 600 51 75 re-

1268 646 104 75 duced
1389 646 36 75 to
1437 646 87 75 what
1541 646 53 75 are
1611 646 104 75 called
1727 646 85 75 ores.

1316 695 53 75 Of
1388 695 63 75 this
1469 695 92 75 feries
1578 695 41 75 of
1638 695 108 75 fofiils,
1771 695 92 75 there
1880 695 54 75 are
1951 695 76 75 only
2050 695 61 75 five
2127 695 126 75 bodies,

1268 740 78 75 each
1364 740 40 75 of
1423 740 105 75 which
1545 740 109 75 makes
1672 740 18 75 a
1705 740 124 75 diftinft
1851 740 121 75 genus;
1999 740 63 75 and
2086 740 87 75 thefe
2196 740 58 75 bo-

1269 788 68 75 dies
1354 788 53 75 are
1420 788 175 75 antimony,
1621 788 153 75 bifmuth,
1800 788 118 75 cobalt,
1944 788 85 75 zinc,
2055 788 37 75 or
2105 788 148 75 quickfil-

1270 833 69 75 ver.
1390 833 62 75 See
1469 833 246 75 Chemistry.

1222 881 254 75 ASPIRATE,
1501 881 32 75 in
1549 881 172 75 grammar,
1744 881 134 75 denotes
1895 881 106 75 words
2023 881 133 75 marked
2174 881 80 75 with

1268 928 55 75 the
1339 928 127 75 fpiritus
1484 928 101 75 afper.
1635 928 62 75 See
1712 928 137 75 Asper.

1220 975 312 75 ASPIRATION,
1557 975 115 75 among
1683 975 242 75 grammarians,
1949 975 28 75 is
1992 975 76 75 ufed
2084 975 35 75 to
2135 975 118 75 denote

1267 1021 54 75 the
1338 1021 219 75 pronouncing
1574 1021 18 75 a
1608 1021 132 75 fyllable
1755 1021 79 75 with
1851 1021 85 75 fome
1953 1021 204 75 vehemence.

1220 1069 300 75 ASPLENIUM,
1545 1069 32 75 in
1593 1069 134 75 botany,
1753 1069 18 75 a
1788 1069 98 75 genus
1903 1069 41 75 of
1962 1069 56 75 the
2034 1069 220 75 cryptogamia

1265 1115 99 75 filices
1377 1115 91 75 clafs.
1517 1115 76 75 The
1610 1115 90 75 parts
1713 1115 40 75 of
1763 1115 223 75 fruftification
2004 1115 53 75 are
2073 1115 133 75 fituated
2219 1115 33 75 in

1267 1162 56 75 the
1349 1162 89 75 fmall
1465 1162 102 75 fparfe
1594 1162 63 75 line
1684 1162 101 75 under
1812 1162 57 75 the
1895 1162 67 75 difle
1990 1162 41 75 of
2049 1162 56 75 the
2131 1162 119 75 leaves.

1266 1208 112 75 There
1395 1208 54 75 are
1466 1208 45 75 24
1533 1208 131 75 fpecies,
1688 1208 62 75 five
1774 1208 41 75 of
1833 1208 120 75 which,
1977 1208 69 75 viz.
2072 1208 55 75 the
2149 1208 103 75 fcolo-

1267 1255 166 75 pendrium
1458 1255 36 75 or
1516 1255 102 75 hart’s
1644 1255 131 75 tongue,
1810 1255 56 75 the
1893 1255 147 75 ceterach
2063 1255 38 75 or
2129 1255 121 75 fpleen-

1267 1302 95 75 wort,
1387 1302 56 75 the
1465 1302 214 75 trichomanes
1705 1302 37 75 or
1766 1302 148 75 common
1939 1302 227 75 maiden-hair,
2191 1302 57 75 the

1266 1350 102 75 viride
1392 1350 37 75 or
1452 1350 97 75 green
1566 1350 227 75 maiden-hair,
1819 1350 54 75 are
1897 1350 122 75 natives
2048 1350 41 75 of
2106 1350 141 75 Britain.

1264 1397 77 75 The
1365 1397 146 75 ceterach
1536 1397 27 75 is
1588 1397 245 75 recommended
1860 1397 52 75 for
1938 1397 182 75 promoting
2145 1397 103 75 urine,

1263 1443 62 75 and
1342 1443 32 75 as
1387 1443 18 75 a
1421 1443 152 75 pe&oral.

1216 1490 239 75 ASPREDO,
1480 1490 32 75 in
1530 1490 224 75 ichthyology,
1780 1490 56 75 the
1852 1490 106 75 trivial
1975 1490 91 75 name
2084 1490 41 75 of
2143 1490 19 75 a
2180 1490 69 75 fpe-

1264 1537 62 75 cies
1344 1537 41 75 of
1402 1537 125 75 filurus.
1577 1537 62 75 See
1653 1537 182 75 SiLURUs.

1216 1584 100 75 ASS,
1340 1584 33 75 in
1390 1584 155 75 zoology,
1570 1584 28 75 is
1623 1584 123 75 ranked
1769 1584 34 75 as
1827 1584 20 75 a
1870 1584 118 75 fpecies
2013 1584 41 75 of
2071 1584 116 75 equus,
2212 1584 38 75 or

1263 1630 105 75 horfe.
1418 1630 61 75 See
1496 1630 144 75 Equus.

1215 1677 152 75 ASSAI,
1400 1677 32 75 in
1457 1677 110 75 mufic,
1598 1677 134 75 fignifies
1757 1677 118 75 quick;
1910 1677 75 75 and,
2017 1677 171 75 according
2212 1677 48 75 to-

1264 1723 122 75 others,
1411 1723 71 75 that
1499 1723 56 75 the
1570 1723 123 75 motion
1710 1723 41 75 of
1761 1723 56 75 the
1834 1723 88 75 piece
1939 1723 39 75 be
1990 1723 76 75 kept
2082 1723 31 75 in
2131 1723 19 75 a
2166 1723 81 75 mid-

1263 1770 53 75 dle
1332 1770 116 75 degree
1467 1770 42 75 of
1527 1770 168 75 quicknefs
1715 1770 37 75 or
1776 1770 145 75 (lownefs
1921 1802 13 49 r
1984 1770 62 75 As,
2070 1770 50 75 ajj'
2120 1770 30 75 ai
2165 1770 82 75 alle-

1256 1817 74 75 gro,
1356 1817 80 75 ajfai
1447 1817 118 75 prejls.
1616 1817 62 75 See
1695 1817 136 75 Alleg
1840 1817 61 75 ro,
1912 1817 5 75 '
1927 1817 61 75 and
2005 1817 169 75 Presto.

1214 1865 85 75 ASS
1304 1865 149 75 ARON,
1478 1865 38 75 or
1532 1865 130 75 Omer,
1688 1865 18 75 a
1731 1865 140 75 meafure
1896 1865 215 75 of-capacity,
2138 1865 31 75 in
2192 1865 54 75 ufe

1261 1910 116 75 among
1400 1910 55 75 the
1480 1910 171 75 Hebrews,
1684 1910 183 75 containing
1891 1910 61 75 five
1980 1910 95 75 pints.
2125 1910 32 75 It
2182 1910 64 75 was

1259 1956 55 75 the
1339 1956 140 75 meafure
1503 1956 41 75 of
1571 1956 113 75 manna
1706 1956 106 75 which
1838 1956 90 75 God.
1944 1956 172 75 appointed
2135 1956 53 75 for
2208 1956 36 75 e-

1260 2004 78 75 very
1354 2004 156 75 Ifraelite.

1211 2051 241 75 ASSASSIN,
1479 2051 18 75 a
1521 2051 112 75 perfon
1655 2051 75 75 who
1753 2051 76 75 kills
1854 2051 135 75 another
2013 2051 44 75 by
2080 2051 164 75 attacking

1258 2097 65 75 him
1341 2097 34 75 at
1398 2097 86 75 fome
1508 2097 238 75 difadVantage.
1796 2097 31 75 It
1852 2097 26 75 is
1904 2097 66 75 alfo
1993 2097 105 75 meant
2123 2097 41 75 of
2182 2097 64 75 one

1259 2143 73 75 who
1349 2143 84 75 hires
1449 2143 132 75 himfelf
1599 2143 35 75 to
1650 2143 128 75 murder
1794 2143 19 75 a
1829 2143 127 75 perfon,
1979 2143 31 75 in
2027 2143 97 75 order
2140 2143 35 75 to
2192 2143 57 75 re-v

1259 2189 100 75 venge
1376 2189 56 75 the
1449 2189 126 75 quarrel
1593 2189 41 75 of
1652 2189 146 75 another.

1212 2236 237 75 ASSAULT,
1475 2236 30 75 in
1523 2236 75 75 law,
1623 2236 19 75 a
1658 2236 121 75 violent
1795 2236 43 75 inj
1844 2236 61 75 ury
1919 2236 123 75 offered
2049 2236 46 75 .to
2110 2236 20 75 a
2140 2236 102 75 man’s

1260 2282 124 75 perfon,
1408 2282 95 75 being
1520 2282 40 75 of
1578 2282 18 75 a
1612 2282 113 75 higher
1743 2282 112 75 nature
1872 2282 76 75 than
1967 2282 139 75 battery.

1211 2329 192 75 Assault,
1428 2329 34 75 in
1477 2329 55 75 the
1549 2329 141 75 military
1707 2329 62 75 art,
1795 2329 19 75 a
1836 2329 126 75 furious
1977 2329 96 75 effort
2095 2329 93 75 made
2204 2329 37 75 to

1258 2375 92 75 carry
1367 2375 17 75 a
1401 2375 141 75 fortified
1558 2375 78 75 port,
1663 2375 103 75 camp,
1793 2375 36 75 or
1854 2375 142 75 fortrefs,
2022 2375 139 75 wherein
2184 2375 56 75 the

1258 2422 155 75 affailants
1441 2422 53 75 do.
1512 2422 57 75 not
1594 2422 106 75 fereen
1726 2422 188 75 themfeives
1942 2422 43 75 by
2014 2422 62 75 any
2107 2422 129 75 works:

1256 2469 94 75 while
1376 2469 55 75 the
1457 2469 310 75 affault-continues,
1786 2469 70 75 .the
1881 2469 152 75 batteries
2061 2469 101 75 ceafe,
2187 2469 55 75 for

1256 2516 68 75 fear
1339 2516 41 75 of
1398 2516 114 75 killing
1528 2516 84 75 their
1628 2516 71 75 own
1716 2516 85 75 men.

1208 2562 165 75 ASSAY,
1398 2562 140 75 Essay,
1564 2562 37 75 or
1619 2562 91 75 Say,
1735 2562 32 75 in
1791 2562 206 75 metallurgy,
2023 2562 56 75 the
2104 2562 73 75 trial
2203 2562 45 75 of

1254 2609 54 75 the
1324 2609 163 75 goodhefs.
1495 2609 62 75 and
1575 2609 107 75 purity
1698 2609 40 75 of
1757 2609 125 75 metals;
1931 2609 127 75 Hence,

1207 2657 243 75 ASSAYING
1467 2657 28 75 is
1513 2657 53 75 the
1584 2657 49 75 art
1650 2657 40 75 of
1708 2657 120 75 finding
1846 2657 74 75 how
1935 2657 95 75 much
2043 2657 77 75 pure
2137 2657 98 75 metal

1252 2701 27 75 is
1302 2701 167 75 contained
1494 2701 37 75 in.
1551 2701 61 75 any
1637 2701 67 75 ore,
1730 2701 38 75 or
1783 2701 55 75 the
1854 2701 186 75 proportion
2058 2701 43 75 of
2115 2701 56 75 the
2186 2701 52 75 fe-

1252 2751 86 75 veral
1365 2751 200 75 ingredients
1585 2751 50 75 of.
1649 2751 62 75 any
1737 2751 111 75 mixed
1876 2751 109 75 metal.
2042 2751 62 75 See
2133 2751 100 75 Che-

1254 2796 166 75 mistry.

1204 2844 203 75 Assaying
1427 2844 40 75 of
1484 2844 216 75 weights.and
1713 2844 171 75 meafdres,
1908 2844 56 75 the
1976 2844 183 75 examining
2175 2844 57 75 the

1251 2890 150 75 common
1421 2890 142 75 weights,
1580 2890 61 75 and
1669 2890 157 75 meafures
1848 2890 43 75 by
1915 2890 56 75 the
1995 2890 88 75 clerk
2110 2890 41 75 of
2175 2890 63 75 thd-

1251 2937 136 75 market.

1200 2986 226 75 Assaying,
1450 2986 33 75 in
1498 2986 109 75 mufic,
1631 2986 19 75 a
1665 2986 186 75 fleuriihing
1864 2986 113 75 before
1991 2986 59 75 one
2068 2986 112 75 begins
2197 2986 36 75 to
