2397 3387
403 131 36 75 B
498 131 35 75 L
590 131 18 75 I

965 131 19 75 (
1041 131 81 75 573
1185 131 19 75 )

1565 131 36 75 B
1660 131 35 75 L
1753 131 40 75 O

90 206 62 75 and
178 206 162 75 bloflbms,
365 206 106 75 which
495 206 67 75 will
587 206 39 75 be
653 206 152 75 fcorched
832 206 61 75 and
910 206 169 75 Ihrivelled

90 253 55 75 up,
171 253 55 75 the
245 253 58 75 relt
321 253 172 75 remaining
509 253 96 75 green
624 253 62 75 and
701 253 193 75 flourifhing.

140 299 97 75 Some
249 299 80 75 have
342 299 26 75 1'
369 299 126 75 uppoled
506 299 70 75 that
589 299 120 75 blights
722 299 52 75 are
784 299 122 75 ufually
916 299 163 75 produced

90 347 44 75 by
154 347 39 75 an
221 347 133 75 eafterly
371 347 98 75 wind,
495 347 103 75 which
626 347 107 75 brings
759 347 67 75 vaft
853 347 173 75 quantities
1043 347 41 75 of

90 393 111 75 infects
218 393 76 75 eggs
311 393 95 75 along
431 393 78 75 with
537 393 38 75 it,
600 393 85 75 from
715 393 85 75 fome
827 393 115 75 diltant
975 393 102 75 place,

91 439 83 75 that,
193 439 94 75 being
304 439 119 75 lodged
440 439 83 75 upon
552 439 57 75 the
630 439 124 75 furface
771 439 40 75 of
822 439 55 75 the
892 439 106 75 leaves
1015 439 64 75 and

90 487 64 75 floe
164 487 50 75 ers
225 487 39 75 of
271 487 193 75 fruit-trees,
477 487 90 75 caufe
577 487 88 75 them
676 487 34 75 to
719 487 111 75 fluivel
841 487 41 75 up
892 487 184 75 andperifh.

138 533 55 75 To
210 533 74 75 cure
301 533 64 75 this
381 533 181 75 diftemper,
586 533 79 75 they
681 533 104 75 advife
807 533 56 75 the
891 533 136 75 burning
1043 533 42 75 of

90 579 63 75 wet
165 579 88 75 litter
278 579 41 75 on
336 579 55 75 the
408 579 175 75 windward
599 579 63 75 fide
674 579 39 75 of
725 579 54 75 the
792 579 117 75 plants,
934 579 71 75 that
1022 579 56 75 the

91 626 108 75 fmoke
216 626 132 75 thereof
360 626 72 75 may
449 626 40 75 be
513 626 124 75 carried
660 626 35 75 to
722 626 88 75 them
837 626 44 75 by
906 626 54 75 the
978 626 98 75 wind,

91 672 106 75 which
221 672 77 75 they
316 672 129 75 fuppofe
473 672 66 75 will
559 672 77 75 Itille
661 672 63 75 and
739 672 126 75 deltroy
882 672 55 75 the
952 672 126 75 infe&s,

90 720 64 75 and
175 720 135 75 thereby
326 720 75 75 cure
424 720 55 75 the
495 720 180 75 diltemper.

139 766 123 75 Others
278 766 101 75 dired:
395 766 56 75 the
470 766 54 75 ule
548 766 40 75 of
608 766 233 75 tobacco-duft,
867 766 37 75 or
932 766 35 75 to
995 766 83 75 wafh

91 813 55 75 the
164 813 82 75 trees
265 813 77 75 with
359 813 99 75 water
475 813 138 75 wherein
629 813 246 75 tobacco-ftalks
892 813 81 75 have
996 813 81 75 been

91 860 122 75 infufed
231 860 51 75 for
297 860 116 75 twelve
428 860 117 75 hours;
572 860 106 75 which
703 860 79 75 they
797 860 55 75 fay
869 860 66 75 will
951 860 128 75 deftroy

92 907 88 75 thofe
197 907 122 75 infeds,
345 907 62 75 and
423 907 131 75 recover
571 907 54 75 the
642 907 119 75 plants.

138 951 209 75 Pepper-duft
364 951 158 75 fcattered
550 951 77 75 over
662 951 55 75 the
745 951 148 75 bloflbms
921 951 41 75 of
984 951 93 75 fruit-

89 1000 96 75 trees,
211 1000 64 75 <bc.
300 1000 58 75 has
383 1000 81 75 been
482 1000 243 75 recommended
753 1000 34 75 as
814 1000 78 75 very
916 1000 102 75 ufeful
1046 1000 33 75 in

89 1047 63 75 this
170 1047 69 75 cafe
253 1047 10 75 ;
290 1047 63 75 and
369 1047 91 75 there
477 1047 53 75 are
554 1047 86 75 fome
668 1047 70 75 that
763 1047 104 75 advife
884 1047 56 75 the
955 1047 125 75 pulling

92 1094 51 75 off
155 1094 55 75 the
226 1094 106 75 leaves
349 1094 70 75 that
442 1094 53 75 are
511 1094 223 75 diftempered.

137 1139 77 75 The
230 1139 71 75 true
313 1139 90 75 caufe
420 1139 40 75 of
476 1139 119 75 blights
608 1139 99 75 feems
727 1139 35 75 to
774 1139 40 75 be
830 1139 171 75 continued
1017 1139 62 75 dry

91 1185 132 75 eafterly
239 1185 102 75 winds
369 1185 52 75 for
436 1185 118 75 feveral
583 1185 79 75 days
687 1185 160 75 together,
873 1185 137 75 without
1023 1185 56 75 the

91 1232 212 75 intervention
316 1232 194 75 of/howers,
529 1232 37 75 or
583 1232 61 75 any
658 1232 145 75 morning
815 1232 83 75 dew,
917 1232 42 75 by
972 1232 106 75 which

91 1280 55 75 the
163 1280 207 75 perfpiration
386 1280 32 75 in
436 1280 55 75 the
508 1280 112 75 tender
640 1280 83 75 blofl'
723 1280 51 75 om
792 1280 26 75 is
835 1280 153 75 flopped;
1015 1280 63 75 and

91 1326 29 75 if
132 1326 24 75 it
173 1326 34 75 fo
223 1326 151 75 happens,
393 1326 71 75 that
481 1326 89 75 there
588 1326 25 75 is
624 1326 18 75 a
654 1326 76 75 long
747 1326 209 75 continuance
969 1326 39 75 of
1021 1326 55 75 the

91 1371 83 75 fame
182 1371 153 75 weather,
343 1371 25 75 it
377 1371 129 75 equally
519 1371 109 75 affeds
641 1371 54 75 the
709 1371 111 75 tender
829 1371 118 75 leaves,
954 1371 122 75 where-

92 1419 43 75 by
147 1419 84 75 their
247 1419 111 75 Colour
370 1419 31 75 is
409 1419 155 75 changed,
582 1419 63 75 and
661 1419 78 75 they
755 1419 115 75 wither
887 1419 63 75 and
962 1419 113 75 decay.

141 1465 76 75 The
244 1465 66 75 beft
337 1465 130 75 remedy
492 1465 51 75 for
570 1465 64 75 this
662 1465 180 75 diftemper,
867 1465 26 75 is
910 1465 111 75 gently
1042 1465 35 75 to

93 1511 82 75 wafh
193 1511 62 75 and
275 1511 136 75 fprinkle
424 1511 76 75 over
517 1511 54 75 the
584 1511 81 75 tree,
767 1511 84 75 from
863 1511 77 75 time
952 1511 35 75 to
1000 1511 77 75 time

92 1558 79 75 with
188 1558 148 75 common
352 1558 120 75 water;
499 1558 62 75 and
577 1558 32 75 if
619 1558 55 75 the
690 1558 108 75 young
813 1558 105 75 fhoots
942 1558 83 75 feem
1041 1558 36 75 to

92 1605 38 75 be
155 1605 95 75 much
266 1605 150 75 infefted,
441 1605 45 75 let
502 1605 88 75 them
612 1605 40 75 be
668 1605 125 75 waihed
811 1605 76 75 with
904 1605 18 75 a
939 1605 138 75 woollen

91 1652 102 75 cloth,
219 1652 33 75 fo
269 1652 34 75 as
320 1652 34 75 to
372 1652 84 75 clear
473 1652 102 75 them,
599 1652 30 75 if
641 1652 139 75 poflible,
797 1652 85 75 from
899 1652 63 75 this
980 1652 95 75 gluti-

91 1699 80 75 nous
200 1699 129 75 matter,
361 1699 71 75 that
460 1699 84 75 their
569 1699 185 75 refpiration
783 1699 61 75 and
869 1699 206 75 perfpiration

92 1745 74 75 may
188 1745 57 75 not
269 1745 39 75 be
335 1745 191 75 obftrudied.
573 1745 86 75 This
684 1745 167 75 operation
868 1745 101 75 ought
985 1745 34 75 to
1036 1745 41 75 be

92 1791 184 75 performed
291 1791 89 75 early
399 1791 31 75 in
447 1791 56 75 the
519 1791 76 75 day,
620 1791 71 75 that
706 1791 56 75 the
779 1791 146 75 moifture
943 1791 72 75 may
1036 1791 40 75 be

92 1838 138 75 exhaled
247 1838 111 75 before
373 1838 56 75 the
454 1838 72 75 cold
547 1838 41 75 of
610 1838 56 75 the
682 1838 91 75 night
790 1838 106 75 comes
913 1838 62 75 on:
1002 1838 75 75 Nor

92 1886 111 75 ftiould
218 1886 26 75 it
261 1886 40 75 be
315 1886 84 75 done
411 1886 93 75 when
520 1886 55 75 the
591 1886 55 75 fun
662 1886 101 75 fhines
775 1886 76 75 very
860 1886 71 75 hot.

140 1932 149 75 Another
300 1932 90 75 caufe
402 1932 40 75 of
453 1932 120 75 blights
586 1932 31 75 in
631 1932 54 75 the
698 1932 118 75 Ipring,
834 1932 25 75 is
872 1932 90 75 (harp
974 1932 102 75 hoary

89 1979 107 75 frofts,
215 1979 104 75 which
337 1979 53 75 are
406 1979 90 75 often
512 1979 153 75 fuceeded
683 1979 43 75 by
736 1979 58 75 hot
812 1979 140 75 funlhine
968 1979 32 75 in
1017 1979 57 75 the

86 2026 67 75 day
169 2026 96 75 time:
291 2026 86 75 This
405 2026 27 75 is
461 2026 55 75 the
541 2026 79 75 molt
646 2026 121 75 fudden
783 2026 62 75 and
869 2026 121 75 certain
1017 2026 56 75 de-

92 2072 120 75 ftroyer
225 2072 40 75 of
275 2072 55 75 the
346 2072 94 75 fruits
458 2072 70 75 that
540 2072 30 75 is
584 2072 129 75 known.

45 2117 260 75 BLIGHTED
324 2117 89 75 corn.
464 2117 61 75 See
543 2117 126 75 Smut.

45 2163 169 75 BLIND.
264 2163 61 75 See
342 2163 234 75 Blindness.

46 2209 243 75 Perc-BhitiD,
307 2209 37 75 or
356 2209 223 75 par-BLiNoT
603 2209 33 75 A
645 2209 113 75 perfon
769 2209 74 75 who
851 2209 27 75 is
887 2209 78 75 very
970 2209 104 75 fhort-

94 2257 120 75 fighted
230 2257 27 75 is
273 2257 67 75 faid
356 2257 35 75 to
411 2257 38 75 be
460 2257 187 75 pur-blind.

46 2303 259 75 Aftfev-BniND,
324 2303 132 75 denotes
471 2303 109 75 horfes
598 2303 69 75 that
682 2303 66 75 lofe
765 2303 85 75 their
866 2303 80 75 fight
959 2303 33 75 at
1006 2303 67 75 cer-

92 2350 66 75 tain
174 2350 92 75 times
283 2350 40 75 of
335 2350 54 75 the
407 2350 106 75 moon.

44 2397 126 75 Blind
189 2397 25 75 is
232 2397 152 75 alfoufed
399 2397 214 75 figuratively,
633 2397 56 75 for
706 2397 108 75 things
831 2397 137 75 without
984 2397 90 75 aper-

91 2443 87 75 tures
189 2443 10 75 ;
218 2443 96 75 Thus
327 2443 48 75 we
384 2443 65 75 fay,
467 2443 22 75 a
504 2443 90 75 blind
604 2443 94 75 ovall,
711 2443 20 75 a
745 2443 94 75 blind
850 2443 148 75 alembic,
1011 2443 62 75 See.

44 2489 142 75 Blind,
212 2489 115 75 among
342 2489 135 75 traders,
502 2489 19 75 a
544 2489 77 75 kind
635 2489 39 75 of
686 2489 76 75 falfe
778 2489 83 75 light
875 2489 105 75 which
997 2489 78 75 they

88 2536 84 75 have
197 2536 32 75 in
254 2536 84 75 their
364 2536 195 75 warehoufes
588 2536 63 75 and
673 2536 105 75 fliops,
799 2536 35 75 to
863 2536 131 75 prevent
1019 2536 57 75 too

92 2582 89 75 great
197 2582 19 75 a
227 2582 83 75 light
326 2582 85 75 from
426 2582 201 75 diminiftiing
642 2582 56 75 the
713 2582 96 75 luftre
824 2582 40 75 of
876 2582 84 75 their
971 2582 104 75 fluffs.

44 2628 140 75 Blind,
211 2628 165 75 Blinde,
401 2628 36 75 or
455 2628 145 75 Blend.
651 2628 62 75 See
729 2628 147 75 Blend.

43 2675 195 75 BLINDS,
256 2675 37 75 or
311 2675 180 75 Blindes,
509 2675 32 75 in
557 2675 56 75 the
629 2675 50 75 art
696 2675 39 75 of
746 2675 79 75 war,
850 2675 19 75 a
883 2675 66 75 fort
966 2675 41 75 of
1018 2675 56 75 de-

90 2722 93 75 fence
207 2722 182 75 commonly
413 2722 91 75 made
527 2722 40 75 of
586 2722 117 75 oziers,
728 2722 37 75 or
792 2722 156 75 branches
976 2722 99 75 inter-

90 2768 124 75 woven,
240 2768 62 75 and
329 2768 66 75 laid
410 2768 119 75 icrofs,
537 2768 144 75 between
708 2768 65 75 two
792 2768 83 75 rows
898 2768 40 75 of
958 2768 116 75 flakes,

90 2814 98 75 about
205 2814 55 75 the
275 2814 113 75 height
406 2814 41 75 of
457 2814 18 75 a
491 2814 85 75 man,
601 2814 64 75 and
680 2814 74 75 four
772 2814 37 75 or
825 2814 62 75 five
901 2814 67 75 feet
984 2814 90 75 afun-

89 2860 70 75 der,
186 2860 76 75 ufed
277 2860 207 75 particularly
501 2860 32 75 at
549 2860 55 75 the
621 2860 99 75 heads
738 2860 40 75 of
797 2860 159 75 trenches,
981 2860 94 75 when

90 2907 76 75 they
180 2907 52 75 are
248 2907 162 75 extended
425 2907 32 75 in
472 2907 87 75 front
575 2907 140 75 towards
733 2907 55 75 the
804 2907 120 75 glacis;
951 2907 124 75 ferving

90 2953 34 75 to
141 2953 114 75 (belter
270 2953 55 75 the
343 2953 175 75 workmen,
543 2953 64 75 and
622 2953 131 75 prevent
769 2953 84 75 their
869 2953 97 75 being
977 2953 96 75 over-

88 2999 119 75 looked
224 2999 42 75 by
279 2999 54 75 the
350 2999 126 75 enemy.

138 3048 101 75 Vol.
258 3048 31 75 I.
325 3048 124 75 Numb.
470 3048 57 75 24.

1128 203 292 75 BLINDNESS,
1447 203 17 75 a
1482 203 79 75 total
1585 203 158 75 privation
1759 203 40 75 of
1811 203 93 75 fight,
1931 203 112 75 arifing
2072 203 86 75 from

1174 247 39 75 an
1229 247 192 75 obitrution
1442 247 40 75 of
1501 247 55 75 the
1572 247 158 75 fundlions
1747 247 40 75 of
1798 247 54 75 the
1870 247 113 75 organs
2007 247 39 75 of
2062 247 95 75 fight,

1174 295 36 75 or
1227 295 84 75 from
1335 295 38 75 an
1390 295 95 75 intire
1512 295 201 75 deprivation
1729 295 39 75 of
1790 295 102 75 them.
1943 295 61 75 See
2029 295 128 75 Medi-

1177 341 103 75 cine,
1307 341 53 75 Of
1367 341 53 75 the
1428 341 103 75 gutla
1537 341 134 75 ferena,
1696 341 61 75 &c.

1126 389 236 75 Blindness,
1388 389 30 75 in
1436 389 149 75 farriery.
1623 389 112 75 When
1752 389 18 75 a
1782 389 92 75 horfe
1887 389 148 75 becomes
2054 389 102 75 blind,

1172 434 25 75 it
1214 434 73 75 may
1304 434 39 75 be
1361 434 73 75 thus
1458 434 163 75 difcerned
1636 434 9 75 :
1672 434 63 75 His
1753 434 83 75 walk
1850 434 40 75 or
1906 434 65 75 ftep
1988 434 26 75 is
2038 434 119 75 always

1173 483 163 75 unceitain
1353 483 63 75 and
1438 483 151 75 unequal,
1614 483 34 75 fo
1665 483 70 75 that
1758 483 41 75 he
1827 483 76 75 does
1920 483 57 75 not
2000 483 45 75 fet
2062 483 96 75 down

1173 529 50 75 his
1241 529 65 75 feet
1335 529 110 75 boldly
1470 529 94 75 when
1588 529 54 75 led
1667 529 33 75 in
1717 529 90 75 ones
1823 529 86 75 hand
1923 529 8 75 :
1959 529 68 75 But
2050 529 30 75 if
2103 529 55 75 the

1174 576 82 75 fame
1273 576 91 75 horfe
1382 576 37 75 be
1437 576 153 75 mounted
1606 576 43 75 by
1662 576 38 75 an
1717 576 115 75 expert
1848 576 179 75 horfeman,
2053 576 63 75 and
2133 576 30 75 if

1173 622 41 75 he
1231 622 39 75 be
1288 622 18 75 a
1323 622 83 75 bead
1423 622 40 75 of
1475 622 110 75 metal,
1611 622 77 75 then
1706 622 56 75 the
1778 622 68 75 fear
1863 622 40 75 of
1915 622 54 75 the
1985 622 89 75 fpurs
2093 622 66 75 will

1175 670 91 75 make
1283 670 65 75 him
1365 670 42 75 go
1425 670 170 75 refolutely
1612 670 62 75 and
1691 670 121 75 freely;
1838 670 34 75 fo
1888 670 71 75 that
1986 670 50 75 his
2053 670 106 75 blind*

1174 716 69 75 nefs
1260 716 58 75 can
1335 716 115 75 hardly
1467 716 40 75 be
1523 716 178 75 perceived.

1127 763 222 75 BLISTER,
1367 763 32 75 in
1416 763 168 75 medicine,
1602 763 18 75 a
1636 763 70 75 thin
1722 763 135 75 bladder
1865 763 183 75 containing
2065 763 18 75 a
2094 763 65 75 wa-

1175 808 73 75 tery
1270 808 151 75 humour,
1447 808 144 75 whether
1613 808 184 75 occafioned
1813 808 44 75 by
1880 808 111 75 burns,
2017 808 64 75 and
2104 808 56 75 the

1173 857 67 75 like
1263 857 174 75 accidents,
1463 857 38 75 or
1522 857 43 75 by
1589 857 199 75 veficatories
1812 857 126 75 applied
1953 857 35 75 to
2010 857 152 75 different

1176 904 87 75 parts
1280 904 39 75 of
1330 904 56 75 the
1404 904 86 75 body
1502 904 51 75 for
1570 904 72 75 that
1658 904 147 75 purpofe.

1225 952 225 75 Cantharides,
1469 952 37 75 or
1519 952 130 75 Spanilh
1667 952 79 75 flies,
1766 952 127 75 applied
1907 952 33 75 in
1957 952 55 75 the
2028 952 84 75 form
2125 952 42 75 of

1178 996 17 75 a
1212 996 124 75 plafter,
1362 996 53 75 are
1441 996 117 75 chiefly
1585 996 77 75 ufed
1687 996 76 75 with
1792 996 63 75 this
1878 996 170 75 intention.
2098 996 63 75 See

1177 1046 297 75 Cantharides.

1129 1091 160 75 ELITE,
1315 1091 32 75 in
1366 1091 131 75 botany.
1547 1091 254 75 SccBlitum.

1128 1138 165 75 BLITH,
1318 1138 19 75 a
1356 1138 229 75 market-town
1609 1138 31 75 in
1664 1138 310 75 Nottinghamfhire,
2000 1138 97 75 about
2117 1138 43 75 18

1175 1184 91 75 miles
1282 1184 186 75 north-weft
1480 1184 41 75 of
1527 1184 169 75 Newark;
1722 1184 33 75 in
1774 1184 36 75 i
1825 1184 61 75 W.
1903 1184 90 75 long,
2011 1184 62 75 and
2092 1184 66 75 53

1177 1232 54 75 25'
1247 1232 48 75 N.
1312 1232 59 75 lat.

1130 1280 146 75 ELITE
1284 1280 55 75 M,
1359 1280 32 75 in
1407 1280 132 75 botany,
1557 1280 18 75 a
1592 1280 97 75 genus
1705 1280 44 75 of
1759 1280 56 75 the
1831 1280 186 75 monandria
2032 1280 131 75 digynia

1176 1325 92 75 clafs.
1314 1325 77 75 The
1408 1325 85 75 calix
1507 1325 124 75 confilts
1643 1325 40 75 of
1695 1325 90 75 three
1797 1325 157 75 fegments
1968 1325 10 75 ;
2004 1325 90 75 there
2106 1325 55 75 are

1174 1371 42 75 no
1233 1371 100 75 petals
1349 1371 10 75 ;
1386 1371 63 75 and
1466 1371 54 75 the
1540 1371 85 75 feed,
1639 1371 105 75 which
1761 1371 27 75 is
1805 1371 107 75 fingle,
1930 1371 26 75 is
1973 1371 139 75 inclofed
2128 1371 33 75 in

1175 1418 53 75 the
1247 1418 98 75 calix,
1372 1418 105 75 which
1493 1418 148 75 becomes
1662 1418 18 75 a
1695 1418 80 75 kind
1791 1418 39 75 of
1841 1418 109 75 berry.
1998 1418 77 75 The
2091 1418 70 75 fpe-

1173 1464 63 75 cies
1254 1464 53 75 are
1324 1464 87 75 two;
1437 1464 72 75 viz.
1534 1464 55 75 the
1606 1464 186 75 capitatum,
1819 1464 17 75 a
1852 1464 106 75 native
1973 1464 40 75 of
2024 1464 133 75 Tyrol;

1172 1512 62 75 and
1250 1512 55 75 the
1320 1512 171 75 virgatum,
1517 1512 18 75 a
1551 1512 105 75 native
1668 1512 39 75 of
1717 1512 145 75 Tartary
1873 1512 62 75 and
1952 1512 112 75 Spain.

1126 1559 269 75 BLOATING,
1421 1559 115 75 among
1551 1559 188 75 phyficians.
1789 1559 61 75 See
1866 1559 259 75 Emphysema.

1125 1606 175 75 BLOCK,
1327 1606 18 75 a
1359 1606 88 75 large
1464 1606 80 75 mafs
1565 1606 40 75 of
1615 1606 108 75 wood,
1748 1606 124 75 ferving
1888 1606 35 75 to
1941 1606 90 75 work
2047 1606 37 75 or
2104 1606 55 75 cut

1171 1652 106 75 things
1298 1652 54 75 on.

1125 1699 176 75 Blocks,
1328 1699 42 75 on
1387 1699 195 75 (hip-board,
1608 1699 26 75 is
1652 1699 56 75 the
1735 1699 87 75 ufual
1841 1699 90 75 name
1955 1699 40 75 of
2007 1699 87 75 what
2110 1699 49 75 we

1172 1746 61 75 call
1249 1746 123 75 pulleys
1397 1746 33 75 at
1445 1746 90 75 land.
1582 1746 100 75 They
1699 1746 53 75 are
1769 1746 90 75 thick
1876 1746 104 75 pieces
1997 1746 40 75 of
2049 1746 108 75 wood,

1172 1792 84 75 fome
1270 1792 78 75 with
1365 1792 104 75 three,
1487 1792 87 75 four,
1591 1792 37 75 or
1640 1792 61 75 five
1714 1792 116 75 (hivers
1847 1792 32 75 in
1896 1792 101 75 them,
2016 1792 141 75 through

1170 1838 106 75 which
1289 1838 42 75 all
1340 1838 56 75 the
1409 1838 135 75 running
1558 1838 90 75 ropes
1662 1838 70 75 run.
1761 1838 135 75 Blocks,
1904 1838 145 75 whether
2061 1838 97 75 fingle

1163 1884 45 75 .or
1220 1884 130 75 double,
1376 1884 54 75 are
1446 1884 224 75 diftinguiftted
1682 1884 63 75 and
1756 1884 104 75 called
1875 1884 45 75 by
1934 1884 55 75 the
2001 1884 108 75 names
2120 1884 43 75 of

1171 1932 55 75 the
1245 1932 92 75 ropes
1354 1932 77 75 they
1448 1932 105 75 carry,
1572 1932 61 75 and
1650 1932 55 75 the
1722 1932 69 75 ufes
1809 1932 77 75 they
1902 1932 88 75 ferve
2004 1932 67 75 for.

1217 1981 132 75 Double
1365 1981 113 75 blocks
1502 1981 53 75 are
1572 1981 75 75 ufed
1668 1981 92 75 when
1785 1981 91 75 there
1892 1981 26 75 is
1947 1981 142 75 occafion
2105 1981 53 75 for

1170 2026 95 75 much
1283 2026 156 75 ftrength,
1464 2026 131 75 becaufe
1611 2026 79 75 they
1713 2026 66 75 will
1797 2026 151 75 purchafe
1971 2026 78 75 with
2066 2026 91 75 more

1173 2073 68 75 eafe
1258 2073 75 75 than
1350 2073 97 75 fingle
1464 2073 124 75 blocks,
1613 2073 123 75 though
1754 2073 94 75 much
1865 2073 123 75 (lower.

1217 2119 105 75 Block
1334 2119 62 75 and
1407 2119 96 75 block
1514 2119 26 75 is
1554 2119 18 75 a
1583 2119 112 75 phrafe
1707 2119 169 75 fignifying
1887 2119 69 75 that
1966 2119 66 75 two
2044 2119 111 75 blocks

1169 2165 97 75 meet,
1291 2165 32 75 in
1339 2165 110 75 haling
1476 2165 62 75 any
1557 2165 119 75 tackle,
1701 2165 37 75 or
1762 2165 149 75 halliard,
1935 2165 118 75 having
2079 2165 76 75 fuch

1168 2213 113 75 blocks
1297 2213 172 75 belonging
1483 2213 36 75 to
1538 2213 100 75 them.

1217 2259 184 75 Fiflr-block
1417 2259 26 75 is
1461 2259 87 75 hung
1575 2259 31 75 in
1632 2259 33 75 at
1693 2259 19 75 a
1727 2259 97 75 notch
1842 2259 32 75 at
1891 2259 55 75 the
1962 2259 62 75 end
2041 2259 40 75 of
2099 2259 56 75 the

1168 2304 101 75 davit.
1319 2304 32 75 It
1367 2304 103 75 ferves
1488 2304 34 75 to
1549 2304 72 75 hale
1637 2304 43 75 up
1707 2304 56 75 the
1786 2304 102 75 (looks
1906 2304 39 75 of
1963 2304 55 75 the
2035 2304 121 75 anchor

1167 2353 34 75 at
1217 2353 56 75 the
1288 2353 94 75 (hips
1399 2353 102 75 prow.

1218 2401 234 75 Snatch-block
1463 2401 25 75 is
1502 2401 23 75 a
1532 2401 89 75 great
1637 2401 95 75 block
1745 2401 78 75 with
1840 2401 19 75 a
1874 2401 102 75 (hiver
1991 2401 33 75 in
2035 2401 39 75 it,
2091 2401 64 75 and

1171 2445 17 75 a
1206 2445 97 75 notch
1320 2445 55 75 cut
1392 2445 142 75 through
1551 2445 60 75 one
1633 2445 41 75 of
1696 2445 42 75 its
1762 2445 129 75 cheeks,
1916 2445 52 75 for
1984 2445 55 75 the
2065 2445 91 75 more

1172 2492 98 75 ready
1298 2492 158 75 receiving
1480 2492 40 75 of
1542 2492 63 75 any
1621 2492 98 75 rope;
1752 2492 33 75 as
1814 2492 44 75 by
1883 2492 63 75 this
1972 2492 98 75 notch
2098 2492 57 75 the

1171 2539 206 75 middle-part
1401 2539 39 75 of
1452 2539 18 75 a
1486 2539 77 75 rope
1579 2539 74 75 may
1676 2539 39 75 be
1732 2539 116 75 reeved
1872 2539 70 75 into
1966 2539 55 75 the
2044 2539 109 75 block,

1170 2585 136 75 without
1335 2585 113 75 palling
1472 2585 26 75 it
1513 2585 149 75 endwife.
1713 2585 31 75 It
1768 2585 27 75 is
1813 2585 183 75 commonly
2012 2585 141 75 faftened

1171 2632 77 75 with
1265 2632 19 75 a
1305 2632 84 75 ftrap
1414 2632 97 75 about
1535 2632 54 75 the
1612 2632 189 75 main-maft,
1827 2632 84 75 clofe
1930 2632 37 75 to
1983 2632 54 75 the
2054 2632 101 75 upper

1168 2678 94 75 deck,
1289 2678 63 75 and
1365 2678 29 75 is
1410 2678 116 75 chiefly
1546 2678 75 75 ufed
1638 2678 50 75 for
1713 2678 55 75 the
1791 2678 58 75 fall
1874 2678 34 75 of
1933 2678 56 75 the
2013 2678 141 75 winding

1168 2725 117 75 tackle,
1323 2725 103 75 which
1452 2725 25 75 is
1506 2725 116 75 reeved
1652 2725 70 75 into
1745 2725 65 75 this
1839 2725 108 75 block,
1982 2725 61 75 and
2076 2725 77 75 then

1170 2774 137 75 brought
1325 2774 34 75 to
1376 2774 55 75 the
1448 2774 137 75 capflan.

1120 2819 153 75 Block,
1299 2819 115 75 among
1431 2819 149 75 bowlers,
1603 2819 133 75 denotes
1749 2819 55 75 the
1820 2819 90 75 fmall
1926 2819 85 75 bowl
2028 2819 75 75 ufed
2118 2819 34 75 as

1168 2865 20 75 a
1203 2865 104 75 mark.

1123 2915 151 75 Block,
1300 2915 32 75 in
1349 2915 159 75 falconry,
1534 2915 55 75 the
1613 2915 96 75 perch
1734 2915 86 75 upon
1836 2915 105 75 which
1970 2915 77 75 they
2064 2915 90 75 place

1171 2960 54 75 the
1243 2960 109 75 hawk.
1402 2960 32 75 It
1451 2960 102 75 ought
1570 2960 35 75 to
1624 2960 37 75 be
1678 2960 134 75 covered
1831 2960 77 75 with
1923 2960 102 75 doth.

1121 3010 283 75 BLOCKADE,
1441 3010 33 75 in
1499 3010 55 75 the
1580 3010 49 75 art
1649 3010 39 75 of
1710 3010 78 75 war,
1813 3010 55 75 the
1895 3010 152 75 blocking
2071 3010 41 75 up
2136 3010 19 75 a

1591 3068 18 75 7
1636 3068 27 75 F

2049 3068 104 75 pUce,

911 3064 18 75 3
