2488 3377
687 88 42 75 A
786 88 36 75 R
883 88 35 75 C
957 88 63 75 JH
1054 88 43 75 il
1154 88 42 75 T

365 157 9 49 ?
431 175 77 75 OF
555 175 410 75 PILASTERS.

233 252 218 75 Pilasters
469 252 94 75 difFer
589 252 85 75 from
702 252 144 75 columns
873 252 78 75 only
973 252 33 75 in
1021 252 85 75 their
1121 252 73 75 plan
1206 252 11 75 ;

189 302 107 75 which
324 302 27 75 is
378 302 123 75 fquare,
528 302 33 75 as
580 302 70 75 that
667 302 42 75 of
735 302 145 75 columns
904 302 29 75 i»
950 302 115 75 round.
1115 302 105 75 Their

185 348 101 75 b’afes,
311 348 143 75 capitals,
481 348 63 75 and
563 348 229 75 entablatures,
820 348 82 75 have
927 348 57 75 the
1006 348 86 75 fame
1118 348 101 75 parts,

186 395 79 75 with
281 395 56 75 the
353 395 83 75 fame
462 395 129 75 heights
617 395 63 75 and
703 395 205 75 projections,
933 395 34 75 as
990 395 90 75 thofe
1104 395 41 75 of
1164 395 54 75 co-

186 441 102 75 lumns
301 441 9 75 :
335 441 100 75 They
459 441 54 75 are
534 441 64 75 alfo
614 441 225 75 diftinguifhed
856 441 32 75 in
904 441 55 75 the
975 441 84 75 fame
1075 441 143 75 manner,

187 486 42 75 by
245 486 55 75 the
315 486 108 75 names
447 486 41 75 of
497 486 145 75 Tufcan,
660 486 118 75 Doric,
804 486 103 75 Ionic,
925 486 206 75 Corinthian,
1157 486 64 75 and

185 533 195 75 Compofite.

232 581 76 75 The
325 581 128 75 column
476 581 29 75 is
527 581 224 75 undoubtedly
767 581 87 75 more
871 581 119 75 perfect
1002 581 79 75 than
1099 581 55 75 the
1171 581 48 75 pi-

185 625 106 75 lafter.
352 625 175 75 However,
551 625 79 75 they
656 625 74 75 may
760 625 39 75 be
826 625 169 75 employed
1022 625 79 75 with
1129 625 91 75 great

186 670 165 75 propriety
366 670 43 75 on
425 670 96 75 many
541 670 172 75 occafions.
762 670 98 75 Some
879 670 132 75 authors
1032 670 136 75 declaim
1184 670 34 75 a-

187 717 99 75 gainft
301 717 155 75 pilafters,
481 717 146 75 becaufe,
644 717 173 75 according
840 717 35 75 to
892 717 99 75 them,
1009 717 77 75 they
1103 717 43 75 do
1162 717 57 75 not

186 763 102 75 admit
312 763 40 75 of
371 763 203 75 diminution.
622 763 68 75 But
705 763 65 75 this
787 763 26 75 is
839 763 18 75 a
873 763 151 75 miftake;
1051 763 92 75 there
1166 763 54 75 are

187 810 95 75 many
296 810 166 75 inftances,
487 810 32 75 in
533 810 54 75 the
598 810 138 75 remains
749 810 40 75 of
807 810 174 75 antiquity,
1007 810 41 75 of
1065 810 86 75 their
1162 810 57 75 be-

187 855 55 75 ing
264 855 198 75 diminiihed.
513 855 171 75 Seamozzi
710 855 119 75 always
846 855 78 75 gave
941 855 48 75 his
1007 855 140 75 pilafters
1164 855 56 75 the

188 901 83 75 fame
298 901 190 75 diminution
516 901 35 75 as
578 901 51 75 his
655 901 144 75 columns
815 901 9 75 :
862 901 147 75 Palladio
1036 901 64 75 and
1126 901 95 75 Inigo

186 947 98 75 Jones
307 947 81 75 have
412 947 140 75 likewife
576 947 188 75 diminiihed
787 947 89 75 thedi
900 947 42 75 in.
957 947 96 75 many
1078 947 39 75 of
1136 947 85 75 their

184 994 175 75 buildings.

232 1039 148 75 Pilafters
406 1039 53 75 are
486 1039 169 75 employed
682 1039 33 75 in
743 1039 170 75 churches,
938 1039 161 75 galleries,
1124 1039 96 75 halls,

187 1085 63 75 and
266 1085 94 75 other
384 1085 134 75 interior
542 1085 215 75 decorations,
783 1085 36 75 to
845 1085 71 75 fave
934 1085 111 75 room;
1088 1085 65 75 for,
1186 1085 34 75 as

186 1132 79 75 they
289 1132 121 75 feldom
434 1132 121 75 projeA
582 1132 128 75 beyond
739 1132 55 75 the
822 1132 81 75 folid
928 1132 72 75 wall
1032 1132 101 75 above
1161 1132 61 75 one

188 1176 131 75 quarter
342 1176 41 75 ©f
401 1176 85 75 their
510 1176 172 75 diameter,
708 1176 78 75 they
798 1176 47 75 do
862 1176 56 75 not
935 1176 125 75 occupy
1083 1176 76 75 near
1186 1176 35 75 fo

186 1224 96 75 much
298 1224 91 75 fpace
406 1224 34 75 as
452 1224 161 75 .columns.
661 1224 101 75 They
777 1224 54 75 are
853 1224 139 75 likewife
1009 1224 76 75 ufed
1112 1224 31 75 in
1161 1224 58 75 ex-

186 1270 100 75 terior
305 1270 201 75 decorations
522 1270 10 75 ;
558 1270 180 75 fometimes
755 1270 104 75 alone,
876 1270 118 75 inftead
1010 1270 41 75 of
1062 1270 156 75 columns,

185 1316 43 75 on
245 1316 136 75 account
400 1316 41 75 of
452 1316 84 75 their
556 1316 96 75 being
671 1316 59 75 lefs
747 1316 188 75 expenfive;
961 1316 61 75 and
1038 1316 180 75 fometimes

186 1362 79 75 they
280 1362 195 75 accompany
495 1362 158 75 columns,
677 1362 96 75 being
800 1362 114 75 placed
938 1362 118 75 behind
1078 1362 87 75 them
1181 1362 38 75 to

187 1407 132 75 fupport
336 1407 55 75 the
408 1407 207 75 architraves,
640 1407 107 75 where
765 1407 78 75 they
860 1407 89 75 enter
977 1407 56 75 the
1060 1407 157 75 building,

187 1454 36 75 as
240 1454 32 75 in
289 1454 56 75 the
361 1454 175 75 Panthseon
553 1454 33 75 at
602 1454 129 75 Rome;
757 1454 50 75 or,
832 1454 33 75 in
882 1454 55 75 the
960 1454 83 75 fame
1058 1454 65 75 line
1140 1454 79 75 with

188 1500 101 75 them,
314 1500 36 75 to
374 1500 115 75 fortify
513 1500 56 75 the
597 1500 121 75 angles,
744 1500 33 75 as
794 1500 33 75 in
844 1500 55 75 the
922 1500 124 75 portico
1062 1500 40 75 of
1115 1500 104 75 Septi-

187 1546 95 75 mius.

234 1592 112 75 When
362 1592 6 75 '
378 1592 141 75 pilafters
551 1592 55 75 are
628 1592 77 75 ufed
728 1592 105 75 alone,
858 1592 79 75 they
959 1592 112 75 fhould
1098 1592 122 75 project

189 1639 60 75 one
266 1639 130 75 quarter
413 1639 40 75 of
470 1639 84 75 their
570 1639 155 75 diameter
741 1639 128 75 beyond
884 1639 55 75 the
955 1639 103 75 walls.
1107 1639 112 75 When

188 1684 113 75 placed
315 1684 118 75 behind
457 1684 156 75 columns,
638 1684 168 75 efpecially
830 1684 31 75 if
882 1684 80 75 they
984 1684 40 75 be
1050 1684 79 75 very
1145 1684 76 75 near

190 1731 99 75 them,
313 1731 80 75 they
419 1731 82 75 need
516 1731 58 75 not
597 1731 121 75 project
740 1731 100 75 above
863 1731 60 75 one
939 1731 111 75 eighth
1073 1731 41 75 of
1136 1731 83 75 their

189 1776 166 75 diameter.
404 1776 80 75 But,
508 1776 93 75 when
624 1776 114 75 placed
761 1776 42 75 on
829 1776 18 75 a
870 1776 64 75 line
959 1776 79 75 with
1061 1776 157 75 columns,

188 1823 86 75 their
300 1823 176 75 projection
497 1823 81 75 mull
605 1823 40 75 be
672 1823 165 75 regulated
859 1823 45 75 by
927 1823 71 75 that
1022 1823 41 75 of
1085 1823 56 75 the
1165 1823 53 75 co-

187 1869 105 75 lumns
304 1869 9 75 ;
340 1869 63 75 and
419 1869 238 75 confequently,
682 1869 26 75 it
725 1869 57 75 can
798 1869 96 75 never
911 1869 38 75 be
961 1869 63 75 defs
1042 1869 77 75 than
1136 1869 19 75 a
1172 1869 46 75 fe-

188 1915 211 75 midiameter,
420 1915 80 75 even
516 1915 93 75 when
624 1915 56 75 the
691 1915 145 75 columns
848 1915 54 75 are
917 1915 145 75 engaged
1078 1915 32 75 as
1123 1915 96 75 much

191 1961 34 75 as
243 1961 139 75 poflible.
416 1961 4 75 .

235 2007 77 75 The
335 2007 98 75 lhafts
456 2007 41 75 of
517 2007 142 75 pilafters
685 2007 55 75 are
764 2007 187 75 frequently
972 2007 142 75 adorned
1139 2007 79 75 with

190 2051 142 75 flutings,
358 2051 32 75 in
408 2051 54 75 the
479 2051 83 75 fame
584 2051 129 75 manner
736 2051 34 75 as
794 2051 89 75 thofe
907 2051 41 75 of
970 2051 165 75 columns;
1162 2051 56 75 the

191 2097 72 75 plan
281 2097 40 75 of
337 2097 105 75 which
458 2097 75 75 may
558 2097 40 75 be
624 2097 18 75 a
665 2097 84 75 trifle
773 2097 89 75 more
890 2097 78 75 than
985 2097 19 75 a
1019 2097 173 75 femicircle
1205 2097 9 75 :

189 2143 105 75 Their
310 2143 133 75 number
459 2143 79 75 muft
554 2143 41 75 be
619 2143 91 75 feven
728 2143 40 75 on
785 2143 78 75 each
880 2143 82 75 face,
987 2143 105 75 which
1108 2143 109 75 makes

190 2190 89 75 them
306 2190 111 75 nearly
442 2190 40 75 of
500 2190 56 75 the
579 2190 84 75 fame
681 2190 69 75 fize
776 2190 79 75 with
876 2190 90 75 thofe
994 2190 43 75 of
1061 2190 154 75 columns.

190 2237 76 75 The
288 2237 165 75 intervals,
470 2237 38 75 or
523 2237 109 75 fillets,
656 2237 81 75 muft
753 2237 103 75 either
871 2237 40 75 be
927 2237 60 75 one
1003 2237 90 75 third
1109 2237 37 75 or
1158 2237 60 75 one

191 2282 112 75 fourth
320 2282 41 75 of
371 2282 56 75 the
442 2282 113 75 fluting
570 2282 32 75 in
618 2282 150 75 breadth.

931 2282 18 75 C
974 2282 10 75 J

236 2329 77 75 The
333 2329 130 75 capitals
480 2329 40 75 of
530 2329 141 75 pilafters
688 2329 53 75 are
753 2329 134 75 profiled
903 2329 111 75 nearly
1025 2329 32 75 in
1069 2329 55 75 the
1135 2329 84 75 fame

190 2375 130 75 manner
335 2375 34 75 as
386 2375 89 75 thofe
491 2375 40 75 of
548 2375 157 75 columns.

238 2477 69 75 OF
330 2477 283 75 PERSIANS
637 2477 120 75 AND
783 2477 387 75 CARYATIDES.

236 2555 169 75 Besides
425 2555 144 75 columns
586 2555 61 75 and
662 2555 155 75 pilafters,
835 2555 26 75 it
876 2555 27 75 is
920 2555 179 75 fometimes
1116 2555 101 75 cufto-

190 2601 90 75 mary
297 2601 35 75 to
348 2601 128 75 employ
492 2601 263 75 reprefentations
772 2601 40 75 of
830 2601 55 75 the
909 2601 118 75 human
1043 2601 113 75 figure,
1182 2601 36 75 to

189 2647 131 75 fupport
337 2647 215 75 entablatures
568 2647 32 75 in
616 2647 173 75 buildings.
836 2647 77 75 The
930 2647 81 75 male
1027 2647 116 75 figures
1164 2647 52 75 are

190 2693 104 75 called
307 2693 172 75 Perjians;
507 2693 62 75 and
581 2693 55 75 the
648 2693 127 75 female.
792 2693 81 75 Curt
875 2693 19 75 a
897 2693 50 75 ns,
966 2693 37 75 ox
1015 2693 201 75 Caryatides.

187 2740 77 75 The
280 2740 141 75 ancients
438 2740 93 75 made
557 2740 149 75 frequent
735 2740 51 75 ufe
814 2740 39 75 of
876 2740 143 75 Perfians
1035 2740 60 75 and
1113 2740 104 75 Cary-

189 2785 127 75 atides,-
331 2785 64 75 and
423 2785 167 75 delighted
617 2785 32 75 in
677 2785 203 75 diverfifying
907 2785 88 75 them
1021 2785 18 75 a
1061 2785 157 75 thoufand

189 2830 100 75 ways.
321 2830 76 75 The
413 2830 132 75 modern
561 2830 102 75 artifts
680 2830 81 75 have
778 2830 152 75 followed
946 2830 82 75 their
1043 2830 145 75 example
1202 2830 11 75 ;

189 2876 64 75 and
268 2876 90 75 there
374 2876 27 75 is
426 2876 18 75 a
471 2876 89 75 great
577 2876 123 75 variety
716 2876 40 75 of
767 2876 221 75 compofitions
1005 2876 40 75 of
1056 2876 64 75 this
1137 2876 79 75 kind

190 2922 35 75 to
248 2922 40 75 be
311 2922 64 75 met
400 2922 78 75 with
494 2922 31 75 in
542 2922 150 75 different
707 2922 87 75 parts
811 2922 40 75 of
865 2922 144 75 Europe.

236 2971 96 75 Vol.
358 2971 31 75 I.
436 2971 73 75 No.
539 2971 54 75 15.

1164 2971 19 75 3

1256 85 33 75 E
1347 85 35 75 C
1438 85 42 75 T
1537 85 46 75 TJ
1642 85 37 75 R
1735 85 46 75 E.
1810 85 7 75 '

2218 85 77 75 353

1318 154 153 75 Indecent
1498 154 168 75 attitudes,
1691 154 152 75 diftorted
1873 154 152 75 features,
2049 154 62 75 and
2140 154 42 75 all
2209 154 91 75 mon-

1269 200 100 75 ftrous
1386 200 218 75 productions,
1625 200 104 75 ought
1748 200 34 75 to
1798 200 40 75 be
1855 200 148 75 avoided,
2028 200 42 75 of
2086 200 106 75 which
2208 200 91 75 there

1270 246 52 75 are
1340 246 94 75 many
1457 246 165 75 examples
1637 246 31 75 in
1686 246 125 75 Gothic
1829 246 172 75 biuldings.
2059 246 54 75 On
2139 246 56 75 the
2223 246 75 75 con-

1267 292 101 75 trary,
1392 292 56 75 the
1465 292 153 75 attitudes
1637 292 117 75 fhould
1782 292 39 75 be
1847 292 106 75 fimple
1979 292 61 75 and
2064 292 155 75 graceful,
2245 292 55 75 the

1268 340 214 75 countenance
1499 340 117 75 always
1633 340 151 75 pleafing,
1810 340 123 75 though
1951 340 110 75 varied
2081 340 63 75 and
2159 340 141 75 ftrongly

1266 386 133 75 marked
1416 386 165 75 agreeable
1596 386 37 75 to
1649 386 56 75 the
1716 386 112 75 nature
1844 386 40 75 of
1895 386 56 75 the
1963 386 105 75 objeCt
2085 386 212 75 reprefented.

1312 432 75 75 The
1405 432 204 75 Caryatides,
1634 432 38 75 or
1683 432 115 75 female
1810 432 129 75 figures,
1964 432 112 75 ftiould
2091 432 96 75 never
2203 432 95 75 much

1274 478 120 75 exceed
1412 478 55 75 the
1483 478 117 75 human
1617 478 73 75 fize.
1742 478 67 75 But
1836 478 55 75 the
1918 478 155 75 Perfians,
2098 478 38 75 or
2157 478 81 75 male
2262 478 36 75 fi-

1263 525 110 75 gures,
1399 525 74 75 may
1490 525 39 75 be
1544 525 41 75 of
1602 525 61 75 any
1678 525 81 75 fize;
1787 525 63 75 and
1865 525 55 75 the
1938 525 104 75 larger
2058 525 57 75 the
2130 525 116 75 better,
2264 525 34 75 as

1267 571 78 75 they
1354 571 67 75 will
1433 571 95 75 ftrike
1539 571 56 75 the
1607 571 155 75 beholder
1773 571 79 75 with
1864 571 55 75 the
1928 571 126 75 greater
2065 571 67 75 awe
2144 571 71 75 and'
2215 571 83 75 afto-

1267 617 166 75 niftiment.
1482 617 143 75 Perfians
1642 617 73 75 may
1738 617 39 75 be
1796 617 76 75 ufed
1889 617 78 75 with
1987 617 163 75 propriety
2166 617 33 75 in
2216 617 81 75 arfe-

1267 665 80 75 nals,
1374 665 145 75 galleries
1543 665 41 75 of
1595 665 140 75 armour,
1761 665 66 75 tec.
1852 665 102 75 under
1969 665 56 75 the
2041 665 116 75 figures
2173 665 40 75 of
2224 665 73 75 cap-

1270 711 93 75 tives,
1389 711 111 75 heroic
1522 711 133 75 virtues,
1681 711 64 75 <bc.
1794 711 106 75 Their
1920 711 200 75 entablature
2145 711 101 75 ought
2262 711 35 75 to

1270 757 38 75 be
1327 757 117 75 Doric,
1470 757 64 75 and
1560 757 75 75 bear
1663 757 54 75 the
1734 757 82 75 fame
1832 757 187 75 proportion
2036 757 35 75 to
2087 757 88 75 them
2200 757 33 75 as
2261 757 36 75 to

1268 804 142 75 columns
1428 804 40 75 of
1482 804 55 75 the
1557 804 83 75 fame
1663 804 125 75 height.
1834 804 77 75 The
1934 804 201 75 entablature
2156 804 53 75 for
2231 804 65 75 Ca-

1268 851 139 75 ryatides
1425 851 101 75 ought
1537 851 35 75 to
1585 851 39 75 be
1636 851 102 75 either
1755 851 89 75 Ionic
1856 851 37 75 or
1905 851 204 75 Corinthian,
2126 851 171 75 according

1269 897 33 75 as
1320 897 56 75 the
1392 897 160 75 character
1568 897 39 75 of
1619 897 55 75 the
1689 897 117 75 figures
1823 897 26 75 is
1865 897 90 75 more
1971 897 37 75 or
2024 897 60 75 lefs
2099 897 149 75 delicate.

1314 943 146 75 Termini
1482 943 53 75 are
1561 943 178 75 fometimes
1756 943 181 75 employed,
1961 943 119 75 inftead
2096 943 39 75 of
2154 943 142 75 Perfians

1268 988 37 75 or
1317 988 204 75 Caryatides,
1539 988 35 75 to
1585 988 130 75 fupport
1732 988 55 75 the
1803 988 214 75 entablatures
2030 988 41 75 of
2081 988 214 75 monuments,

1268 1037 280 75 chimney-pieces,
1573 1037 63 75 and
1661 1037 77 75 fuch
1761 1037 65 75 like
1853 1037 234 75 compofitions.
2133 1037 110 75 Thefe
2259 1037 37 75 fi-

1269 1082 93 75 gures
1379 1082 70 75 owe
1465 1082 85 75 their
1566 1082 101 75 origin
1684 1082 35 75 to
1735 1082 56 75 the
1814 1082 101 75 ftones
1933 1082 77 75 ufed
2026 1082 43 75 by
2085 1082 55 75 the
2152 1082 143 75 ancients

1268 1127 35 75 to
1315 1127 91 75 mark
1423 1127 54 75 the
1494 1127 99 75 limits
1606 1127 40 75 of
1656 1127 175 75 particular
1841 1127 187 75 poffeflions.
2076 1127 108 75 Numa
2197 1127 98 75 Pom-

1267 1175 108 75 pilius,
1400 1175 36 75 to
1460 1175 115 75 render
1600 1175 88 75 thefe
1716 1175 182 75 inviolable,
1924 1175 204 75 confecrated
2150 1175 56 75 the
2231 1175 65 75 ter-

1267 1221 103 75 minus
1386 1221 69 75 into
1479 1221 18 75 a
1521 1221 102 75 deity,
1648 1221 62 75 and
1733 1221 164 75 inftituted
1911 1221 137 75 feftivals
2065 1221 62 75 and
2142 1221 155 75 facrifices

1268 1267 34 75 to
1319 1267 50 75 his
1385 1267 139 75 honour.
1573 1267 38 75 In
1628 1267 19 75 a
1665 1267 87 75 ftiort
1767 1267 90 75 time,
1881 1267 87 75 what
1985 1267 67 75 was
2068 1267 154 75 formerly
2238 1267 58 75 on-

1265 1314 35 75 ly
1316 1314 87 75 large
1419 1314 132 75 upright
1565 1314 116 75 ftones,
1700 1314 83 75 were
1795 1314 202 75 reprefented
2007 1314 32 75 in
2050 1314 117 75 human
2178 1314 93 75 fhape
2283 1314 11 75 ;

1266 1359 61 75 and
1351 1359 189 75 afterwards
1565 1359 191 75 introduced
1780 1359 34 75 as
1836 1359 182 75 ornaments
2035 1359 35 75 to
2085 1359 133 75 temples
2235 1359 63 75 and

1267 1406 95 75 other
1377 1406 172 75 buildings.
1598 1406 77 75 The
1691 1406 126 75 termini
1844 1406 54 75 are
1921 1406 73 75 now
2016 1406 190 75 principally
2220 1406 76 75 ufed

1269 1453 32 75 as
1317 1453 182 75 ornaments
1516 1453 51 75 for
1582 1453 136 75 gardens
1740 1453 62 75 and
1823 1453 104 75 fields.

1503 1560 76 75 OF
1625 1560 422 75 PEDESTALS.

1314 1636 115 75 Most
1446 1636 126 75 writers
1595 1636 141 75 confider
1759 1636 56 75 the
1834 1636 199 75 Pedestal
2059 1636 35 75 as
2118 1636 19 75 a
2160 1636 134 75 neceffa-

1268 1682 37 75 ry
1322 1682 70 75 part
1409 1682 40 75 of
1467 1682 58 75 the
1549 1682 115 75 order/
1681 1682 138 75 without
1839 1682 105 75 which
1965 1682 26 75 it
2007 1682 26 75 is
2050 1682 57 75 not
2123 1682 170 75 complete.

1266 1729 32 75 It
1320 1729 27 75 is
1363 1729 116 75 indeed
1496 1729 18 75 a
1530 1729 115 75 matter
1670 1729 40 75 of
1730 1729 83 75 little
1829 1729 197 75 importance
2043 1729 144 75 whether
2208 1729 26 75 it
2254 1729 40 75 be

1266 1776 181 75 confidered
1462 1776 33 75 in
1511 1776 70 75 that
1596 1776 96 75 light,
1710 1776 38 75 or
1760 1776 32 75 as
1810 1776 19 75 a
1844 1776 124 75 diftinCt
1978 1776 205 75 cOmpofition
2199 1776 8 75 :
2226 1776 69 75 We

1266 1822 75 75 ftiall
1358 1822 162 75 therefore
1536 1822 84 75 treat
1636 1822 41 75 of
1689 1822 18 75 a
1721 1822 137 75 pedeftal
1876 1822 33 75 as
1934 1822 18 75 a
1973 1822 123 75 diftinCt
2112 1822 99 75 body,
2237 1822 55 75 ha-

1266 1868 74 75 ving
1355 1868 43 75 no
1409 1868 90 75 more
1515 1868 184 75 connection
1716 1868 79 75 with
1811 1868 56 75 the
1885 1868 96 75 order
1997 1868 77 75 than
2092 1868 40 75 an
2148 1868 146 75 Attic,-a

1266 1915 172 75 bafement,
1463 1915 38 75 or
1517 1915 63 75 any
1595 1915 95 75 other
1706 1915 71 75 part
1796 1915 81 75 with
1893 1915 106 75 which
2015 1915 26 75 it
2057 1915 74 75 may
2155 1915 41 75 on
2208 1915 86 75 feme

1263 1961 157 75 occafions
1437 1961 40 75 be
1494 1961 181 75 affociated.

1315 2008 33 75 A
1364 2008 136 75 pedeftal
1517 2008 125 75 confifts
1659 2008 40 75 of
1710 2008 91 75 three
1825 2008 152 75 principal
1999 2008 85 75 parts
2100 2008 10 75 ;
2136 2008 55 75 the
2206 2008 85 75 bafe,

1265 2054 55 75 the
1338 2054 75 75 dye,
1438 2054 64 75 and
1518 2054 55 75 the
1590 2054 138 75 cornice.
1776 2054 77 75 The
1869 2054 62 75 dye
1946 2054 28 75 is
1991 2054 117 75 always
2131 2054 118 75 nearly,
2257 2054 43 75 of

1264 2100 56 75 the
1338 2100 82 75 fame
1436 2100 121 75 figure;
1584 2100 96 75 being
1696 2100 177 75 conftantly
1888 2100 102 75 either
2006 2100 18 75 a
2040 2100 80 75 cube
2140 2100 37 75 or
2197 2100 18 75 a
2235 2100 56 75 pa-

1267 2148 269 75 rallelopipedon:
1562 2148 68 75 But
1647 2148 54 75 the
1718 2148 71 75 bafe
1806 2148 62 75 and
1885 2148 125 75 cornice
2025 2148 54 75 are
2097 2148 109 75 varied
2229 2148 64 75 and

1265 2192 142 75 adorned
1422 2192 78 75 with
1516 2192 89 75 more
1622 2192 37 75 or
1674 2192 99 75 fewer
1789 2192 193 75 mouldings,
1999 2192 171 75 according
2185 2192 35 75 to
2235 2192 57 75 the

1265 2238 168 75 fimplicity
1447 2238 38 75 or
1501 2238 137 75 richnefs
1655 2238 40 75 of
1705 2238 55 75 the
1776 2238 202 75 compofition
1995 2238 31 75 in
2044 2238 103 75 which
2164 2238 56 75 the
2235 2238 55 75 pe-

1264 2285 99 75 deftal
1379 2285 26 75 is
1425 2285 180 75 employed.
1655 2285 111 75 Hence
1782 2285 153 75 pedeftals
1962 2285 66 75 are,
2052 2285 64 75 like
2133 2285 156 75 columns,

1265 2332 221 75 diftinguifhed
1502 2332 44 75 by
1558 2332 54 75 the
1630 2332 106 75 names
1752 2332 40 75 of
1802 2332 141 75 Tufcan,
1960 2332 116 75 Doric,
2102 2332 102 75 Ionic,
2222 2332 67 75 Co-

1264 2377 151 75 ripthian,
1440 2377 62 75 and
1525 2377 195 75 Compofite.

1314 2424 95 75 Some
1426 2424 131 75 authors
1573 2424 53 75 are
1645 2424 106 75 averfe
1767 2424 34 75 to
1818 2424 165 75 pedeftals,
2008 2424 63 75 and
2097 2424 147 75 compare
2271 2424 19 75 a

1265 2469 126 75 column
1408 2469 100 75 raifed
1525 2469 39 75 on
1583 2469 17 75 a
1616 2469 137 75 pedeftal
1770 2469 35 75 to
1820 2469 18 75 a
1855 2469 71 75 man
1944 2469 152 75 mounted
2118 2469 41 75 on
2183 2469 103 75 ftilts;

1265 2515 171 75 imagining
1463 2515 70 75 that
1560 2515 78 75 they
1662 2515 83 75 were
1768 2515 190 75 introduced
1977 2515 122 75 merely
2122 2515 83 75 from
2234 2515 54 75 ne-

1266 2563 116 75 ceffity,
1408 2563 62 75 and
1494 2563 51 75 for
1565 2563 84 75 want
1665 2563 41 75 of
1726 2563 141 75 columns
1892 2563 40 75 of
1951 2563 18 75 a
1993 2563 154 75 fufficient
2162 2563 125 75 length.

1265 2608 31 75 It
1312 2608 26 75 is
1355 2608 114 75 indeed
1485 2608 84 75 true,
1594 2608 68 75 that
1681 2608 54 75 the
1751 2608 140 75 ancients
1908 2608 88 75 often
2013 2608 91 75 made
2123 2608 50 75 ufe
2187 2608 39 75 of
2237 2608 51 75 ar-

1264 2655 99 75 tifices
1381 2655 34 75 to
1427 2655 153 75 lengthen
1596 2655 83 75 their
1695 2655 142 75 columns
1850 2655 8 75 ;
1878 2655 33 75 as
1924 2655 130 75 appears
2066 2655 44 75 by
2121 2655 84 75 fome
2218 2655 70 75 that

1264 2701 52 75 are
1331 2701 32 75 in
1380 2701 55 75 the
1451 2701 181 75 Baptiftery
1647 2701 41 75 of
1698 2701 204 75 Conftantine
1920 2701 32 75 at
1965 2701 104 75 Rome
2081 2701 9 75 ;
2117 2701 56 75 the
2190 2701 98 75 fhafts

1263 2748 40 75 of
1309 2748 104 75 which
1429 2748 94 75 being
1538 2748 57 75 too
1610 2748 86 75 fhort
1714 2748 51 75 for
1776 2748 55 75 the
1847 2748 154 75 building;
2025 2748 84 75 were
2120 2748 167 75 lengthen-

1264 2793 38 75 ed
1315 2793 61 75 and
1384 2793 110 75 joined
1506 2793 34 75 to
1553 2793 84 75 their
1648 2793 87 75 bafes
1748 2793 44 75 by
1802 2793 39 75 an
1853 2793 173 75 undulated
2039 2793 113 75 fweep,
2170 2793 117 75 adorn-

1263 2840 39 75 ed
1320 2840 76 75 with
1414 2840 150 75 acanthus
1587 2840 116 75 leaves.
1752 2840 238 75 Neverthelefs,
2016 2840 91 75 there
2124 2840 52 75 are
2192 2840 97 75 maay

1262 2889 155 75 occafions
1444 2889 107 75 where
1578 2889 152 75 pedeftals
1759 2889 53 75 are
1839 2889 164 75 evidently
2018 2889 179 75 neceffary;
2224 2889 81 75 and'

1262 2936 85 75 fome
1368 2936 33 75 in
1428 2936 105 75 which
1561 2936 55 75 the
1642 2936 108 75 order,
1777 2936 83 75 were
1875 2936 26 75 it
1917 2936 57 75 not
1990 2936 34 75 fo
2041 2936 112 75 raifed,
2179 2936 108 75 would

1711 2999 21 75 4
1755 2999 35 75 U

2222 2999 65 75 lofe
