2397 3387
553 169 214 75 BID

1150 169 127 75 (55

213 241 126 75 BICE,
366 241 36 75 or
429 241 107 75 Bise,
563 241 115 75 among
695 241 151 75 painters,
872 241 19 75 a
911 241 77 75 blue
1014 241 111 75 colour
1141 241 114 75 prepa-

266 287 55 75 red
337 287 84 75 from
440 287 55 75 the
517 287 78 75 lapis
613 287 28 75 ai
650 287 124 75 menus.

312 333 76 75 Bice
405 333 91 75 bears
515 333 54 75 the
588 333 67 75 bed
672 333 88 75 body
776 333 40 75 of
835 333 44 75 all
892 333 112 75 bright
1021 333 91 75 blues
1130 333 75 75 ufed
1224 333 32 75 in

264 379 148 75 common
430 379 102 75 work,
558 379 34 75 as
620 379 271 75 houfe-painting,
917 379 66 75 <&c.
1008 379 59 75 but
1096 379 26 75 it
1151 379 26 75 is
1200 379 57 75 the

265 426 96 75 paleft
377 426 32 75 in
428 426 124 75 colour.
602 426 33 75 It
652 426 106 75 works
781 426 221 75 indifferently
1021 426 87 75 well,
1133 426 59 75 but
1209 426 48 75 in-

266 473 97 75 clines
381 473 18 75 a
415 473 85 75 little
524 473 35 75 to
584 473 111 75 fandy,
721 473 63 75 and
811 473 162 75 therefore
1002 473 143 75 requires
1173 473 87 75 good

265 520 161 75 grinding.
476 520 94 75 Next
587 520 35 75 to
639 520 219 75 ultramarine,
883 520 106 75 which
1007 520 26 75 is
1051 520 56 75 too
1131 520 76 75 dear
1225 520 34 75 to

266 568 43 75 be
327 568 76 75 ufed
424 568 32 75 in
474 568 148 75 common
643 568 105 75 work,
780 568 26 75 it
825 568 59 75 lies
901 568 66 75 belt
987 568 76 75 near
1079 568 55 75 the
1151 568 58 75 eye
1225 568 41 75 of

267 615 42 75 all
327 615 92 75 other
436 615 105 75 blues;

221 662 181 75 BICEPS,
427 662 32 75 in
477 662 162 75 anatomy,
665 662 56 75 the
738 662 91 75 name
846 662 40 75 of
898 662 119 75 feveral
1029 662 134 75 mufcles
1175 662 9 75 :
1211 662 50 75 As

269 709 53 75 the
340 709 108 75 biceps
465 709 137 75 humeri,
626 709 39 75 or
682 709 111 75 cubiti,
819 709 108 75 biceps
951 709 98 75 tibiae,,
1076 709 64 75 &c.

221 756 197 75 BICHET,
444 756 19 75 a
480 756 162 75 quantity,
661 756 36 75 or
714 756 142 75 meafure
868 756 40 75 of
921 756 90 75 corn,
1028 756 108 75 which
1149 756 112 75 differs

268 802 171 75 according
456 802 35 75 to
508 802 55 75 the
576 802 105 75 places
700 802 107 75 where
824 802 26 75 it
866 802 27 75 is
910 802 89 75 ufed.
1048 802 78 75 The
1152 802 110 75 bichet

268 851 27 75 is
315 851 56 75 not
390 851 18 75 a
425 851 135 75 wooden
577 851 154 75 meafure,
757 851 34 75 as
821 851 55 75 the
904 851 101 75 minot
1033 851 33 75 at
1094 851 105 75 Paris,
1224 851 38 75 or

265 897 59 75 the
341 897 107 75 bufhel
474 897 33 75 at
529 897 154 75 London,
709 897 57 75 but
793 897 26 75 is
848 897 225 75 compounded
1090 897 40 75 of
1141 897 120 75 feveral

270 943 120 75 certain
423 943 171 75 meafures.
666 943 33 75 It
731 943 27 75 is
797 943 78 75 ufed
908 943 32 75 in
980 943 96 75 many
1107 943 87 75 parts
1227 943 41 75 of

270 991 136 75 France,
432 991 66 75 &L

222 1037 170 75 Bichet,
419 1037 18 75 a
454 1037 120 75 certain
599 1037 150 75 quantity
775 1037 40 75 of
833 1037 88 75 land,
947 1037 139 75 namely,
1113 1037 34 75 as
1166 1037 97 75 much

244 1115 10 49 s
270 1083 33 75 as
322 1083 72 75 may
409 1083 41 75 be
466 1083 88 75 fown
577 1083 43 75 by
638 1083 19 75 a
672 1083 108 75 bichet
798 1083 40 75 of
854 1083 90 75 corn.
990 1083 8 75 ,

222 1132 230 75 BICKERN,
477 1132 55 75 the
549 1132 168 75 beak-iron
734 1132 40 75 of
792 1132 38 75 an
848 1132 123 75 anvil.'
997 1132 62 75 See
1078 1132 56 75 the
1151 1132 112 75 article

273 1178 139 75 Anvil.

224 1224 276 75 BICLINIUM,
524 1224 33 75 in
574 1224 128 75 Roman
716 1224 172 75 antiquity,
907 1224 18 75 a
936 1224 152 75 chamber
1101 1224 80 75 with
1198 1224 66 75 two

273 1271 76 75 beds
364 1271 35 75 in
416 1271 47 75 it;
483 1271 37 75 or
530 1271 93 75 when
637 1271 66 75 two
720 1271 77 75 beds
815 1271 76 75 only
907 1271 85 75 were
1008 1271 104 75 round
1128 1271 19 75 a
1163 1271 100 75 table.

274 1319 61 75 See
351 1319 149 75 Table.

225 1365 243 75 BICORNIS,
494 1365 33 75 in
545 1365 163 75 anatomy,
734 1365 19 75 a
776 1365 92 75 name
893 1365 52 75 for
969 1365 57 75 the
1053 1365 37 75 os
1115 1365 147 75 hyoides.

276 1411 61 75 See
362 1411 203 75 Hyoides.

226 1459 196 75 Bicornis
442 1459 174 75 77iufculus,
642 1459 19 75 a
689 1459 91 75 name
803 1459 53 75 for
872 1459 55 75 the
944 1459 151 75 extenfor
1111 1459 86 75 carpi
1216 1459 48 75 ra-

273 1505 104 75 dialis.

225 1552 215 75 BIDDING
466 1552 43 75 of
518 1552 58 75 the,
591 1552 115 75 banns,
732 1552 56 75 the
804 1552 85 75 fame
909 1552 79 75 with
1005 1552 87 75 what
1109 1552 26 75 is
1153 1552 112 75 other-

274 1599 73 75 wife
365 1599 102 75 called
484 1599 122 75 a/king.
657 1599 62 75 See
736 1599 234 75 Marriage,

227 1647 192 75 Bidding,
445 1647 32 75 in
495 1647 17 75 a
526 1647 206 75 commercial
749 1647 98 75 fenfe,
873 1647 55 75 the
956 1647 138 75 offering
1110 1647 19 75 a
1144 1647 68 75 fum
1229 1647 41 75 of

274 1693 127 75 money,
427 1693 38 75 or
480 1693 20 75 a
516 1693 120 75 certain
653 1693 98 75 price,
777 1693 52 75 for
857 1693 62 75 any
946 1693 84 75 ware
1047 1693 37 75 or
1101 1693 165 75 merchan-

223 1740 4 75 '
273 1740 97 75 dize;
398 1740 63 75 and
476 1740 93 75 when
582 1740 62 75 any
660 1740 94 75 thing
769 1740 26 75 is
812 1740 71 75 fold
893 1740 44 75 by
954 1740 137 75 auction,
1118 1740 18 75 a
1152 1740 114 75 perfon

275 1786 75 75 who
366 1786 58 75 has
441 1786 19 75 a
475 1786 89 75 mind
579 1786 36 75 to
630 1786 81 75 have
726 1786 38 75 it,
790 1786 80 75 muft
884 1786 84 75 offer
984 1786 178 75 fomething
1178 1786 90 75 more

277 1833 51 75 for
345 1833 25 75 it
389 1833 77 75 than
483 1833 55 75 the
559 1833 111 75 perfon
687 1833 74 75 who
777 1833 82 75 bade
875 1833 70 75 laft.

229 1880 203 75 BIDDER,
450 1880 41 75 he
504 1880 70 75 that
587 1880 70 75 bids
673 1880 118 75 money
806 1880 52 75 for
875 1880 62 75 any
953 1880 226 75 merchandize
1191 1880 73 75 that

276 1927 29 75 is
322 1927 112 75 felling
452 1927 46 75 by
513 1927 125 75 au&ion
651 1927 8 75 :
686 1927 76 75 The
779 1927 78 75 bed,
883 1927 38 75 or
948 1927 57 75 laft
1029 1927 127 75 bidder,
1181 1927 27 75 is
1224 1927 42 75 he

276 1973 76 75 who
368 1973 98 75 offers
483 1973 79 75 moft
579 1973 116 75 money
711 1973 50 75 for
778 1973 38 75 it.
867 1973 62 75 See
948 1973 112 75 Sale,

231 2021 194 75 B-IDENS,
450 2021 32 75 in
499 2021 133 75 botany,
658 2021 18 75 a
692 2021 98 75 genus
811 2021 40 75 of
867 2021 55 75 the
938 2021 179 75 fyngenefia
1133 2021 132 75 polyga-

283 2067 64 75 mia
362 2067 131 75 sequalis
511 2067 92 75 clafs.
651 2067 77 75 The
745 2067 176 75 receptacle
938 2067 26 75 is
981 2067 186 75 paleaceous
1183 2067 10 75 ;
1212 2067 56 75 the

280 2113 120 75 pappus
417 2113 57 75 has
492 2113 248 75 eredtfcabrous
764 2113 106 75 awns;
897 2113 62 75 and
975 2113 55 75 the
1048 2113 86 75 calix
1157 2113 27 75 is
1208 2113 59 75 im-

280 2160 156 75 bricated.
484 2160 114 75 There
622 2160 57 75 are
701 2160 140 75 thirteen
864 2160 131 75 fpecies,
1020 2160 77 75 only
1120 2160 92 75 three
1234 2160 41 75 of

280 2207 120 75 which,
425 2207 69 75 viz.
520 2207 56 75 the
593 2207 160 75 tripartita
780 2207 37 75 or
845 2207 88 75 trifid
959 2207 211 75 water-hemp
1186 2207 84 75 agri-

282 2254 109 75 mony,
417 2254 56 75 the
497 2254 120 75 cornua
638 2254 37 75 or
699 2254 235 75 whole-leaved
957 2254 212 75 water-hemp
1186 2254 84 75 agri-

282 2301 109 75 mony,
417 2301 62 75 and
492 2301 56 75 the
564 2301 131 75 minima
717 2301 37 75 or
771 2301 76 75 leaft
862 2301 212 75 water-hemp
1091 2301 179 75 agrimony,

281 2347 56 75 are
353 2347 124 75 natives
492 2347 40 75 of
543 2347 139 75 Britain,
729 2347 78 75 The
824 2347 104 75 leaves
945 2347 41 75 of
1004 2347 56 75 the
1083 2347 112 75 bidens
1220 2347 53 75 are

283 2394 246 75 recommended
545 2394 52 75 for
612 2394 238 75 ftrengthening
867 2394 55 75 the
939 2394 75 75 tone
1039 2394 39 75 of
1095 2394 56 75 the
1175 2394 98 75 vifce-

283 2441 50 75 ra,
359 2441 62 75 and
438 2441 33 75 as
492 2441 39 75 an
548 2441 163 75 aperient;
739 2441 62 75 and
817 2441 72 75 faid
900 2441 35 75 to
951 2441 82 75 have
1049 2441 160 75 excellent
1226 2441 48 75 ef-

285 2489 79 75 fefts
381 2489 32 75 in
430 2489 55 75 the
508 2489 128 75 dropfy,
659 2489 163 75 jaundice,
848 2489 163 75 cahexies,
1037 2489 62 75 and
1113 2489 161 75 fcorbutic

286 2535 172 75 diforders.

239 2583 270 75 BIDENTAL,
546 2583 32 75 in
611 2583 127 75 Roman
774 2583 174 75 antiquity,
981 2583 20 75 a
1031 2583 91 75 place
1153 2583 122 75 blafted

287 2629 80 75 with
383 2629 172 75 lightning,
580 2629 105 75 which
699 2629 65 75 was
776 2629 219 75 immediately
1011 2629 203 75 confecrated
1230 2629 45 75 by

287 2677 40 75 an
356 2677 171 75 harufpex,
551 2677 79 75 with
658 2677 55 75 the
734 2677 139 75 facrifice
901 2677 40 75 of
967 2677 19 75 a
1014 2677 126 75 bidens.
1188 2677 86 75 This

287 2724 91 75 place
395 2724 64 75 was
476 2724 187 75 afterwards
680 2724 177 75 accounted
870 2724 122 75 facred,
1016 2724 63 75 and
1095 2724 27 75 it
1138 2724 65 75 was
1215 2724 57 75 un-

288 2771 110 75 lawful
415 2771 36 75 to
466 2771 89 75 enter
571 2771 39 75 it,
636 2771 37 75 or
689 2771 35 75 to
740 2771 93 75 tread
847 2771 85 75 upon
948 2771 47 75 it;
1022 2771 52 75 for
1089 2771 105 75 which
1207 2771 68 75 rea-

289 2817 54 75 fon
364 2817 26 75 it
407 2817 63 75 was
491 2817 182 75 commonly
688 2817 196 75 furrounded
912 2817 79 75 with
1019 2817 18 75 a
1060 2817 102 75 ditch,
1188 2817 87 75 wall,

289 2864 116 75 hedge,
424 2864 111 75 ropes,
562 2864 63 75 6c.
676 2864 61 75 See
754 2864 55 75 the
825 2864 80 75 next
921 2864 124 75 article.

243 2911 330 75 BIDENTALES,
599 2911 30 75 in
646 2911 127 75 Roman
790 2911 172 75 antiquity,
987 2911 110 75 priefts
1114 2911 163 75 inftituted

290 2957 36 75 to
356 2957 142 75 perform
525 2957 119 75 certain
671 2957 193 75 ceremonies
888 2957 63 75 and
977 2957 180 75 expiations
1183 2957 95 75 when

275 3005 155 75 .thunder
446 3005 57 75 fell
519 3005 42 75 on
578 3005 62 75 any
656 3005 102 75 place.
806 3005 106 75 Their
930 3005 153 75 principal
1103 3005 92 75 office
1211 3005 65 75 was

293 3053 55 75 the
366 3053 175 75 facrilicing
554 3053 18 75 a
582 3053 90 75 ffieep
684 3053 40 75 of
734 3053 67 75 two
817 3053 91 75 years
924 3053 67 75 old,
1017 3053 118 75 which,
1160 3053 33 75 in
1210 3053 67 75 La-

1294 167 12 75 2
1368 167 19 75 )

1778 167 36 75 B
1873 167 17 75 I
1951 167 37 75 L

1350 236 61 75 tin,
1436 236 27 75 is
1488 236 105 75 called
1617 236 133 75 bidens;
1776 236 86 75 from
1889 236 132 75 whence
2048 236 57 75 the
2131 236 93 75 place
2240 236 107 75 ftruck

1354 282 78 75 with
1449 282 139 75 thunder
1605 282 57 75 got
1677 282 56 75 the
1754 282 91 75 name
1870 282 40 75 of
1928 282 158 75 bidental.

1306 331 172 75 BIDON,
1504 331 18 75 a
1538 331 103 75 liquid
1658 331 154 75 meafure,
1838 331 184 75 containing
2047 331 97 75 about
2172 331 63 75 five
2262 331 86 75 pints

1354 377 39 75 of
1405 377 105 75 Paris,
1535 377 72 75 that
1623 377 41 75 is,
1689 377 99 75 about
1806 377 60 75 five
1884 377 113 75 quarts
2013 377 132 75 Englilh
2163 377 186 75 wine-mea-

1355 423 82 75 fure.
1486 423 32 75 It
1538 423 27 75 is
1585 423 121 75 feldom
1724 423 75 75 ufed
1819 423 58 75 but
1895 423 116 75 among
2027 423 82 75 fhips
2127 423 122 75 crews..

1308 471 127 75 BIEL,
1462 471 19 75 a
1496 471 87 75 town
1600 471 40 75 of
1652 471 55 75 the
1724 471 114 75 canton
1851 471 40 75 of
1902 471 88 75 Bern
2007 471 32 75 in
2058 471 228 75 Switzerland,
2311 471 38 75 fi-

1360 517 110 75 tuated
1488 517 32 75 at
1538 517 55 75 the
1610 517 177 75 north-end
1811 517 39 75 of
1865 517 20 75 a
1913 517 72 75 lake
2012 517 35 75 to
2071 517 108 75 which
2206 517 27 75 it
2261 517 88 75 gives

1357 565 105 75 name,
1487 565 100 75 about
1603 565 109 75 fifteen
1741 565 92 75 miles
1861 565 188 75 north-weft
2074 565 40 75 of
2137 565 55 75 the
2220 565 66 75 city
2313 565 42 75 of

1359 611 101 75 Bern,
1486 611 33 75 in
1538 611 17 75 7
1555 593 21 49 0
1597 611 43 75 E.
1659 611 89 75 long.
1775 611 43 75 47
1818 593 20 49 0
1860 611 52 75 15'
1933 611 47 75 N.
2000 611 58 75 lat.

1313 658 206 75 BIELSKI,
1547 658 18 75 a
1585 658 88 75 town
1689 658 41 75 of
1748 658 154 75 Polachia
1917 658 33 75 in
1966 658 137 75 Poland,
2129 658 99 75 about
2249 658 101 75 fixty-

1356 705 67 75 two
1449 705 91 75 miles
1556 705 109 75 'fouth
1688 705 41 75 of
1748 705 140 75 Grodno
1903 705 12 75 ;
1941 705 45 75 E.
2003 705 90 75 long.
2112 705 45 75 24
2157 687 22 49 0
2179 705 15 75 ,
2221 705 61 75 and
2298 705 51 75 N.

1357 751 58 75 lat.
1444 751 40 75 53
1484 733 20 49 0
1504 751 13 75 .

1310 798 95 75 Biel
1413 798 75 75 ski,
1515 798 38 75 or
1572 798 168 75 Bihela,
1766 798 27 75 is
1811 798 65 75 alfo
1893 798 18 75 a
1935 798 87 75 town
2038 798 40 75 of
2092 798 199 75 Smolenffio,
2315 798 35 75 in

1358 845 126 75 Ruffia;
1511 845 43 75 E.
1572 845 90 75 long.
1683 845 41 75 35
1724 827 22 49 0
1746 845 15 75 ,
1786 845 63 75 and
1865 845 48 75 N.
1928 845 60 75 lat.
2009 845 60 75 56
2089 845 68 75 40'.

1311 893 127 75 BIER,
1465 893 22 75 a.
1505 893 135 75 wooden
1668 893 146 75 machine
1842 893 52 75 for
1921 893 149 75 carrying
2097 893 56 75 the
2178 893 111 75 bodies
2313 893 42 75 of

1358 939 56 75 the
1430 939 84 75 dead
1530 939 36 75 to
1582 939 39 75 be
1638 939 127 75 buried.
1816 939 61 75 See
1894 939 170 75 Burial.

1312 986 197 75 BIENNE,
1535 986 31 75 in
1585 986 197 75 geography.
1832 986 62 75 See
1911 986 111 75 Biel.

1311 1033 133 75 BIGA,
1469 1033 33 75 in
1520 1033 171 75 antiquity,
1718 1033 18 75 a
1753 1033 124 75 chariot
1892 1033 110 75 drawn
2029 1033 45 75 by
2089 1033 67 75 two
2182 1033 109 75 hoifes
2316 1033 33 75 a-

1359 1080 112 75 breaft.
1521 1080 257 75 Chariot-races,
1803 1080 80 75 with
1908 1080 66 75 two
2001 1080 123 75 horfes,
2149 1080 84 75 were
2249 1080 101 75 intro-

1352 1127 111 75 duced
1486 1127 69 75 into
1571 1127 57 75 the
1645 1127 154 75 Olympic
1816 1127 104 75 games
1938 1127 32 75 in
1987 1127 56 75 the
2062 1127 67 75 93d
2146 1127 176 75 Olympiad
2337 1127 9 75 :

1359 1174 67 75 But
1442 1174 56 75 the
1516 1174 162 75 invention
1696 1174 64 75 was
1779 1174 94 75 much
1893 1174 90 75 more
2000 1174 138 75 ancient,
2165 1174 33 75 as
2216 1174 48 75 we
2284 1174 67 75 find

1359 1220 71 75 that
1445 1220 56 75 the
1517 1220 114 75 heroes
1648 1220 38 75 in'
1697 1220 55 75 the
1769 1220 85 75 Iliad
1869 1220 81 75 fight
1961 1220 88 75 from
2064 1220 140 75 chariots
2220 1220 41 75 of
2279 1220 71 75 that

1358 1267 91 75 kind.

1312 1314 207 75 BIGAMY,
1544 1314 56 75 the
1617 1314 159 75 poffeffion
1793 1314 41 75 of
1853 1314 65 75 two
1941 1314 157 75 hufbands
2116 1314 37 75 or
2170 1314 65 75 two
2252 1314 99 75 wives

1360 1360 32 75 at
1408 1360 55 75 the
1484 1360 83 75 fame
1587 1360 90 75 time.
1728 1360 63 75 See
1808 1360 122 75 Scots
1950 1360 101 75 Law,
2078 1360 52 75 tit.
2156 1360 137 75 Crimes.

1314 1409 166 75 BIGEN,
1505 1409 56 75 the
1586 1409 90 75 name
1698 1409 40 75 of
1757 1409 19 75 a
1794 1409 156 75 kingdom
1965 1409 64 75 and
2044 1409 66 75 city
2126 1409 32 75 in
2174 1409 118 75 Japon,
2317 1409 33 75 in

1361 1454 55 75 the
1435 1454 99 75 ifland
1549 1454 147 75 Niphon.

1313 1502 382 75 BIGGLESWADE,
1722 1502 18 75 a
1755 1502 230 75 market-town
1998 1502 31 75 in
2047 1502 239 75 Bedfordffiire,
2312 1502 38 75 fi-

1360 1549 113 75 tuated
1489 1549 41 75 on
1547 1549 55 75 the
1626 1549 85 75 river
1730 1549 82 75 Ivel,
1838 1549 98 75 about
1964 1549 89 75 eight
2069 1549 92 75 miles
2177 1549 180 75 fouth-eaft.

1363 1594 39 75 of
1413 1594 167 75 Bedford;
1607 1594 61 75 W.
1687 1594 88 75 long.
1795 1594 69 75 2o\
1890 1594 47 75 N.
1955 1594 59 75 lat.
2032 1594 43 75 52
2075 1576 24 49 0
2121 1594 46 75 5'.

1315 1643 169 75 BIGHT,
1510 1643 116 75 among
1642 1643 136 75 feamen,
1804 1643 133 75 denotes
1954 1643 61 75 one
2032 1643 75 75 roll,
2133 1643 37 75 or
2182 1643 116 75 round,
2315 1643 42 75 of

1365 1689 17 75 a
1399 1689 89 75 cable
1504 1689 35 75 or
1561 1689 90 75 rope,
1676 1689 93 75 when
1792 1689 132 75 quoded
1939 1689 55 75 up.

1316 1737 220 75 BIGNESS,
1561 1737 38 75 or
1621 1737 264 75 Magnitude.
1937 1737 60 75 See
2014 1737 265 75 Magnitude.

1316 1783 257 75 BIGNONIA,
1597 1783 34 75 in
1646 1783 133 75 botany,
1805 1783 18 75 a
1840 1783 98 75 genus
1967 1783 40 75 of
2019 1783 56 75 the
2093 1783 183 75 didynamia
2293 1783 56 75 an-

1363 1829 188 75 giofpermia
1569 1829 92 75 clafs.
1708 1829 78 75 The
1802 1829 87 75 calix
1904 1829 126 75 confifts
2047 1829 40 75 of
2102 1829 62 75 five
2181 1829 172 75 fegments,

1363 1876 62 75 and
1437 1876 25 75 is
1473 1876 116 75 ffiaped
1600 1876 64 75 like
1677 1876 18 75 a
1708 1876 78 75 cup;
1807 1876 56 75 the
1875 1876 82 75 faux
1971 1876 40 75 of
2022 1876 55 75 the
2091 1876 120 75 corolla
2228 1876 26 75 is
2269 1876 82 75 bell-

1365 1922 125 75 ffiaped,
1516 1922 62 75 and
1598 1922 132 75 divided
1745 1922 70 75 into
1830 1922 62 75 five
1917 1922 179 75 fegments;
2122 1922 56 75 the
2200 1922 66 75 pod
2292 1922 58 75 has

1364 1969 66 75 two
1446 1969 90 75 cells,
1562 1969 61 75 and
1643 1969 55 75 the
1715 1969 87 75 feeds
1819 1969 54 75 are
1888 1969 296 75 membranaceous,
2209 1969 62 75 and
2287 1969 65 75 ala-

1361 2016 68 75 ted.
1488 2016 77 75 The
1589 2016 119 75 fpecies
1724 2016 54 75 are
1794 2016 180 75 feventeen,
2004 2016 42 75 all
2058 2016 121 75 natives
2196 2016 40 75 of
2246 2016 103 75 Ame-

1362 2063 64 75 rica
1448 2063 61 75 and
1529 2063 55 75 the
1606 2063 122 75 Indies.

1316 2110 230 75 BIGOREE,
1573 2110 55 75 the
1644 2110 93 75 fouth
1753 2110 130 75 divifion
1903 2110 41 75 of
1961 2110 56 75 the
2042 2110 151 75 province
2215 2110 41 75 of
2267 2110 85 75 Gaf-

1366 2157 94 75 cony,
1485 2157 31 75 in
1534 2157 136 75 France.

1318 2204 168 75 BIGOT,
1504 2204 19 75 a
1538 2204 113 75 perfon
1668 2204 150 75 fooliffily
1833 2204 154 75 obftinate
2002 2204 62 75 and
2076 2204 178 75 perverfely
2265 2204 87 75 wed-

1366 2251 63 75 ded
1446 2251 35 75 to
1505 2251 63 75 any
1589 2251 143 75 opinion,
1756 2251 59 75 but
1839 2251 208 75 particularly
2070 2251 39 75 an
2133 2251 129 75 opinion
2279 2251 40 75 of
2334 2251 20 75 a

1368 2297 151 75 religious
1536 2297 125 75 nature.

1321 2345 268 75 BILANDER,
1623 2345 18 75 a
1665 2345 89 75 fmall
1778 2345 239 75 flat-bottomed
2042 2345 105 75 veffel,
2173 2345 78 75 with
2277 2345 77 75 only

1369 2392 60 75 one
1444 2392 89 75 large
1549 2392 77 75 maft
1643 2392 62 75 and
1719 2392 68 75 fail,
1813 2392 63 75 and
1891 2392 42 75 its
1947 2392 83 75 deck
2047 2392 101 75 raifed
2163 2392 75 75 half
2249 2392 19 75 a
2284 2392 71 75 foot

1370 2439 99 75 above
1484 2439 56 75 the
1557 2439 197 75 plat-board.

1323 2484 298 75 BILATERAL,
1654 2484 32 75 in
1703 2484 18 75 a
1743 2484 128 75 general
1894 2484 97 75 fenfe,
2016 2484 133 75 denotes
2175 2484 181 75 fomething

1371 2531 78 75 with
1466 2531 65 75 two
1547 2531 92 75 fides.
1689 2531 125 75 Hence,

1323 2577 231 75 Bilateral
1577 2577 242 75 cognation,
1844 2577 27 75 is
1887 2577 121 75 kinffiip
2024 2577 81 75 both
2123 2577 42 75 by
2176 2577 56 75 the
2247 2577 109 75 father

1371 2624 62 75 and
1449 2624 128 75 mother
1591 2624 76 75 fide.

1323 2671 205 75 BILAWS.
1579 2671 62 75 See
1658 2671 193 75 By-laws.

1324 2719 146 75 BILBO
1474 2719 44 75 A,
1536 2719 54 75 the
1603 2719 115 75 capital
1731 2719 39 75 of
1780 2719 57 75 the
1848 2719 150 75 province
2010 2719 40 75 of
2056 2719 127 75 Bifcay,
2201 2719 31 75 in
2244 2719 110 75 Spain,

1372 2765 135 75 fituated
1523 2765 74 75 near
1614 2765 56 75 the
1685 2765 113 75 mouth
1815 2765 39 75 of
1866 2765 56 75 the
1938 2765 84 75 river
2037 2765 173 75 Ibaicabal,
2235 2765 118 75 which,

1372 2812 112 75 falling
1500 2812 68 75 into
1584 2812 55 75 the
1655 2812 51 75 fea
1722 2812 18 75 a
1751 2812 84 75 little
1850 2812 106 75 below
1970 2812 37 75 it,
2032 2812 101 75 forms
2150 2812 18 75 a
2179 2812 86 75 good
2280 2812 75 75 har-

1374 2858 102 75 bour;
1503 2858 31 75 in
1554 2858 115 75 3W.
1685 2858 90 75 long,
1793 2858 63 75 and
1873 2858 41 75 43
1914 2840 25 49 0
1961 2858 113 75 3c/N.
2091 2858 58 75 lat.

1327 2907 236 75 BILBOWS,
1582 2907 17 75 a
1611 2907 197 75 puniffiment
1822 2907 32 75 at
1866 2907 63 75 fea,
1947 2907 174 75 anfwering
2137 2907 35 75 to
2184 2907 55 75 the
2251 2907 103 75 ftocks

1375 2953 31 75 at
1425 2953 89 75 land.
1576 2953 78 75 The
1680 2953 146 75 offender
1840 2953 27 75 is
1893 2953 68 75 laid
1986 2953 33 75 in
2046 2953 100 75 irons,
2172 2953 37 75 or
2235 2953 118 75 ftocks,

1374 2998 105 75 which
1502 2998 54 75 are
1583 2998 90 75 more
1695 2998 38 75 or
1754 2998 59 75 lefs
1836 2998 179 75 ponderous
2041 2998 170 75 according
2237 2998 35 75 to
2299 2998 55 75 the

1374 3046 124 75 quality
1514 3046 40 75 of
1566 3046 55 75 the
1638 3046 124 75 offence
1779 3046 39 75 of
1829 3046 104 75 which
1950 3046 41 75 he
2006 3046 26 75 is
2049 3046 115 75 guilty.
