2488 3377
224 164 84 75 35^

733 164 41 75 A
832 164 36 75 R
929 164 35 75 C
1022 164 43 75 H
1121 164 19 75 I
1196 164 39 75 T

222 214 135 75 breadth
374 214 42 75 of
434 214 55 75 the
506 214 104 75 whole
629 214 84 75 joint
730 214 74 75 may
827 214 41 75 be
893 214 84 75 from
1000 214 62 75 one
1085 214 111 75 fourth
1222 214 35 75 to

223 261 60 75 one
301 261 87 75 third
405 261 40 75 of
463 261 55 75 the
535 261 111 75 height
664 261 40 75 of
721 261 57 75 the
797 261 55 75 fiat
878 261 121 75 furface
1016 261 40 75 of
1075 261 56 75 the
1148 261 105 75 ruftic.

271 309 124 75 Inftead
420 309 40 75 of
479 309 18 75 a
520 309 116 75 fecond
664 309 107 75 order,
803 309 25 75 it
853 309 26 75 is
904 309 180 75 fometimes
1109 309 88 75 ufual
1223 309 35 75 to

223 354 106 75 crov/n
348 354 54 75 the
420 354 63 75 firfl:
499 354 79 75 with
602 354 38 75 an
666 354 133 75 Attic
825 354 154 75 Story:
1012 354 110 75 Thefe
1146 354 111 75 Attics

222 400 111 75 fhould
350 400 94 75 never
461 400 123 75 exceed
598 400 34 75 in
647 400 112 75 height
776 400 61 75 one
853 400 90 75 third
959 400 41 75 of
1019 400 55 75 the
1090 400 113 75 height
1220 400 42 75 of

222 447 54 75 the
287 447 97 75 order
400 447 42 75 on
460 447 104 75 which
582 447 77 75 they
676 447 52 75 are
745 447 124 75 placed,
895 447 59 75 nor
970 447 40 75 be
1026 447 60 75 lefs
1104 447 78 75 than
1195 447 62 75 one

221 493 132 75 quarter
369 493 41 75 of
428 493 37 75 it.
515 493 106 75 Their
641 493 100 75 figure
757 493 27 75 is
805 493 70 75 that
893 493 40 75 of
951 493 19 75 a
985 493 160 75 pedeftal:
1178 493 78 75 The

220 540 85 75 bafe,
331 540 75 75 dye,
440 540 63 75 and
527 540 138 75 cornice,
688 540 51 75 jof
759 540 105 75 which
887 540 79 75 they
991 540 52 75 are
1071 540 184 75 compofed,

220 586 73 75 may
316 586 75 75 bear
408 586 54 75 the
479 586 83 75 fame
580 586 203 75 proportions
800 586 34 75 to
850 586 78 75 each
946 586 94 75 other
1063 586 33 75 as
1114 586 90 75 thofe
1220 586 42 75 of

219 633 154 75 pedeftals
391 633 64 75 do;
483 633 61 75 and
561 633 56 75 the
634 633 70 75 bafe
721 633 62 75 and
799 633 126 75 cornice
941 633 73 75 may
1031 633 39 75 be
1087 633 169 75 compofed

220 679 41 75 of
272 679 55 75 the
345 679 82 75 fame
443 679 182 75 mouldings
643 679 33 75 as
693 679 90 75 thofe
796 679 40 75 of
847 679 166 75 pedeftals.
1063 679 193 75 Sometimes

219 725 55 75 the
293 725 91 75 Attic
394 725 27 75 is
439 725 173 75 continued
628 725 221 75 throughout;
876 725 32 75 at
925 725 122 75 others,
1066 725 26 75 it
1104 725 150 75 projects,

219 772 64 75 and
295 772 99 75 forms
413 772 17 75 a
447 772 125 75 pilafter
584 772 77 75 over
676 772 80 75 each
769 772 129 75 column
911 772 40 75 of
961 772 57 75 the
1029 772 108 75 order.
1177 772 79 75 The

218 819 137 75 breadth
377 819 40 75 of
436 819 64 75 this
525 819 125 75 pilafter
673 819 27 75 is
725 819 121 75 feldom
870 819 93 75 made
987 819 163 75 narrower
1176 819 79 75 than

219 865 55 75 the
291 865 100 75 upper
413 865 157 75 diameter
591 865 41 75 of
650 865 55 75 the
729 865 126 75 column
879 865 106 75 below
1008 865 39 75 it,
1073 865 62 75 and
1159 865 97 75 never

218 911 148 75 broader.
415 911 49 75 Its
488 911 175 75 proje&ion
683 911 73 75 may
772 911 41 75 be
829 911 96 75 equal
941 911 35 75 to
993 911 61 75 one
1071 911 132 75 quarter
1219 911 41 75 of

218 958 41 75 its
279 958 149 75 breadth.

456 1064 79 75 OF
582 1064 428 75 PEDIMENTS.

264 1142 229 75 Pediments
513 1142 79 75 moft
609 1142 156 75 probably
781 1142 71 75 owe
868 1142 84 75 their
968 1142 102 75 origin
1083 1142 36 75 to
1136 1142 55 75 the
1203 1142 48 75 in-

217 1188 104 75 clined
338 1188 89 75 roofs
441 1188 40 75 of
492 1188 55 75 the
565 1188 159 75 primitive
741 1188 87 75 huts.
877 1188 132 75 Among
1020 1188 56 75 the
1093 1188 157 75 Romans,

217 1234 78 75 they
312 1234 83 75 were
411 1234 78 75 ufed
503 1234 78 75 only
604 1234 33 75 as
655 1234 166 75 coverings
846 1234 36 75 to
904 1234 84 75 their
1010 1234 110 75 facred
1145 1234 105 75 build-

215 1280 84 75 ings,
324 1280 49 75 till
392 1280 107 75 Caefar
516 1280 151 75 obtained
682 1280 89 75 leave
787 1280 36 75 to
839 1280 95 75 cover
949 1280 51 75 his
1023 1280 97 75 houfe
1136 1280 79 75 with
1232 1280 19 75 a

216 1326 131 75 pointed
363 1326 84 75 roof,
472 1326 85 75 after
580 1326 56 75 the
660 1326 131 75 manner
814 1326 41 75 of
874 1326 147 75 temples.
1071 1326 39 75 In
1127 1326 55 75 the
1198 1326 50 75 re-

215 1373 101 75 mains
333 1373 41 75 of
385 1373 161 75 antiquity
562 1373 49 75 we
627 1373 85 75 meet
725 1373 79 75 with
819 1373 66 75 two
902 1373 93 75 kinds
1007 1373 40 75 of
1059 1373 190 75 pediments,

215 1420 56 75 the
296 1420 175 75 triangular
495 1420 63 75 and
582 1420 149 75 circular.
779 1420 79 75 The
881 1420 120 75 former
1027 1420 40 75 of
1086 1420 87 75 thefe
1197 1420 53 75 are

213 1466 248 75 promifcuoufly
485 1466 127 75 applied
635 1466 35 75 to
693 1466 98 75 cover
819 1466 89 75 fmall
938 1466 37 75 or
1001 1466 88 75 large
1114 1466 133 75 bodies:

214 1513 67 75 But
298 1513 55 75 the
369 1513 97 75 latter
483 1513 96 75 being
595 1513 40 75 of
655 1513 18 75 a
689 1513 131 75 heavier
841 1513 114 75 figure,
980 1513 54 75 are
1055 1513 97 75 never
1174 1513 78 75 ufed

214 1559 58 75 but
284 1559 34 75 as
335 1559 166 75 coverings
518 1559 36 75 to
570 1559 110 75 doors,
705 1559 122 75 niches,
852 1559 169 75 windows,
1046 1559 38 75 or
1098 1559 104 75 gates.

262 1606 48 75 As
329 1606 17 75 a
362 1606 162 75 pediment
540 1606 176 75 reprefents
733 1606 55 75 the
812 1606 84 75 roof,
922 1606 26 75 it
963 1606 111 75 fliould
1097 1606 96 75 never
1208 1606 42 75 be

214 1653 170 75 employed
400 1653 57 75 but
475 1653 33 75 as
526 1653 18 75 a
555 1653 143 75 finiftiing
709 1653 35 75 to
761 1653 56 75 the
832 1653 105 75 whole
952 1653 221 75 compofition.

261 1699 76 75 The
353 1699 143 75 ancients
512 1699 191 75 introduced
718 1699 58 75 but
800 1699 64 75 few
886 1699 177 75 pediments
1080 1699 69 75 into
1165 1699 84 75 their

212 1746 175 75 buildings,
411 1746 124 75 ufually
551 1746 185 75 contenting
747 1746 188 75 themfelves
952 1746 77 75 with
1047 1746 19 75 a
1082 1746 95 75 lingle
1189 1746 61 75 one

213 1792 36 75 to
266 1792 99 75 adorn
382 1792 54 75 the
457 1792 120 75 middle
592 1792 38 75 or
646 1792 154 75 principal
816 1792 84 75 part.
949 1792 69 75 But
1033 1792 85 75 fome
1134 1792 41 75 of
1193 1792 57 75 the

212 1838 163 75 moderns,
402 1838 62 75 and
480 1838 207 75 particularly
704 1838 54 75 the
775 1838 146 75 Italians,
945 1838 81 75 have
1043 1838 79 75 been
1139 1838 33 75 fo
1189 1838 60 75 im-

214 1885 200 75 moderately
430 1885 79 75 fond
526 1885 39 75 of
584 1885 100 75 them,
710 1885 72 75 that
793 1885 84 75 their
893 1885 159 75 buildings
1064 1885 187 75 frequently

215 1931 109 75 confift
341 1931 39 75 of
399 1931 111 75 almoft
527 1931 134 75 nothing
672 1931 75 75 elfe.

259 1977 77 75 The
353 1977 108 75 girder
484 1977 95 75 being
605 1977 18 75 a
644 1977 158 75 necefiary
830 1977 71 75 part
918 1977 31 75 in
967 1977 56 75 the
1039 1977 210 75 conftru<5tion

214 2023 40 75 of
273 2023 18 75 a
303 2023 85 75 roof,
413 2023 26 75 it
456 2023 27 75 is
504 2023 39 75 an
563 2023 210 75 impropriety
789 2023 35 75 to
835 2023 143 75 intermit
994 2023 55 75 the
1064 2023 185 75 horizontal

214 2070 199 75 entablature
430 2070 39 75 of
489 2070 18 75 a
520 2070 178 75 pediment,
722 2070 45 75 by
783 2070 105 75 which
901 2070 25 75 it
937 2070 27 75 is
981 2070 215 75 reprefented,
1215 2070 35 75 to

214 2116 93 75 make
320 2116 90 75 room
427 2116 52 75 for
495 2116 19 75 a
525 2116 105 75 niche,
656 2116 40 75 an
713 2116 90 75 arch,
830 2116 37 75 or
880 2116 18 75 a
910 2116 141 75 window'
1051 2116 10 75 .

262 2162 38 75 In
324 2162 125 75 regular
471 2162 224 75 architetfure,
720 2162 43 75 no
786 2162 96 75 other
903 2162 86 75 form
1013 2162 40 75 of
1071 2162 178 75 pediments

215 2208 58 75 can
301 2208 40 75 be
368 2208 168 75 admitted,
578 2208 119 75 befides
721 2208 56 75 the
802 2208 178 75 triangular
1008 2208 63 75 and
1098 2208 149 75 circular.

214 2255 89 75 Both
329 2255 39 75 of
388 2255 87 75 them
500 2255 53 75 are
576 2255 178 75 beautiful:
789 2255 63 75 and
875 2255 94 75 when
992 2255 18 75 a
1034 2255 214 75 confiderable

214 2300 134 75 number
372 2300 40 75 of
433 2300 176 75 pediments
635 2300 53 75 are
712 2300 202 75 introduced,
939 2300 34 75 as
998 2300 93 75 when
1116 2300 19 75 a
1150 2300 99 75 range

216 2349 40 75 of
276 2349 151 75 windows
450 2349 55 75 are
531 2349 142 75 adorned
696 2349 78 75 with
799 2349 102 75 them,
932 2349 89 75 thefe
1044 2349 66 75 two
1132 2349 118 75 figures

215 2395 75 75 may
312 2395 40 75 be
378 2395 75 75 ufed
477 2395 199 75 alternately,
703 2395 33 75 as
759 2395 32 75 in
815 2395 56 75 the
895 2395 109 75 niches
1029 2395 40 75 of
1087 2395 55 75 the
1165 2395 83 75 Pan-

215 2440 120 75 thaeon,
362 2440 62 75 and
440 2440 32 75 in
490 2440 89 75 thofe
602 2440 40 75 of
662 2440 55 75 the
734 2440 118 75 temple
871 2440 40 75 of
930 2440 109 75 Diana
1055 2440 33 75 at
1105 2440 141 75 Nifmes.

262 2486 76 75 The
354 2486 185 75 proportion
557 2486 40 75 of
615 2486 177 75 pediments
804 2486 141 75 depends
961 2486 84 75 upon
1062 2486 85 75 their
1163 2486 61 75 fize
1240 2486 12 75 ;

216 2533 51 75 for
283 2533 56 75 the
356 2533 82 75 fame
456 2533 202 75 proportions
675 2533 67 75 will
760 2533 55 75 not
832 2533 43 75 do
886 2533 32 75 in
932 2533 43 75 all
991 2533 98 75 cafes.
1137 2533 112 75 When

216 2581 55 75 the
289 2581 70 75 bale
376 2581 40 75 of
435 2581 55 75 the
507 2581 161 75 pediment
684 2581 26 75 is
727 2581 98 75 fliort,
850 2581 41 75 its
915 2581 113 75 height
1048 2581 79 75 muft
1143 2581 40 75 be
1200 2581 48 75 in-

217 2626 148 75 creafed;
392 2626 61 75 and
471 2626 21 75 w
500 2626 63 75 hen
582 2626 54 75 the
650 2626 160 75 pediment
822 2626 26 75 is
863 2626 91 75 long,
979 2626 57 75 the
1046 2626 113 75 height
1169 2626 80 75 muft

216 2674 40 75 be
280 2674 187 75 diminifhed
527 2674 77 75 The
629 2674 65 75 beft
717 2674 187 75 proportion
927 2674 52 75 for
1006 2674 56 75 the
1086 2674 112 75 height
1221 2674 27 75 is

216 2719 86 75 from
319 2719 61 75 one
402 2719 73 75 fifth
500 2719 35 75 to
557 2719 62 75 one
645 2719 110 75 fourth
779 2719 40 75 of
839 2719 55 75 the
910 2719 85 75 bafe,
1018 2719 173 75 according
1213 2719 35 75 to

217 2767 56 75 the
298 2767 113 75 extent
434 2767 40 75 of
496 2767 55 75 the
576 2767 173 75 pediment,
780 2767 63 75 and
870 2767 54 75 the
948 2767 161 75 chara&er
1133 2767 41 75 of
1192 2767 56 75 the

217 2813 87 75 body
320 2813 26 75 it
363 2813 123 75 covers.
535 2813 76 75 The
628 2813 159 75 materials
804 2813 40 75 of
863 2813 55 75 the
934 2813 78 75 roof
1031 2813 79 75 muft
1126 2813 66 75 alfo
1208 2813 40 75 be

218 2858 154 75 attended
394 2858 35 75 to
443 2858 10 75 ;
479 2858 50 75 for
545 2858 31 75 if
594 2858 26 75 it
643 2858 41 75 be
700 2858 136 75 covered
852 2858 78 75 with
947 2858 95 75 tyles,
1068 2858 26 75 it
1118 2858 65 75 will
1208 2858 39 75 be

218 2904 160 75 necefiary
394 2904 35 75 to
447 2904 76 75 raife
540 2904 25 75 it
582 2904 89 75 more
687 2904 75 75 than
780 2904 60 75 one
866 2904 132 75 quarter
1022 2904 39 75 of
1080 2904 55 75 the
1160 2904 95 75 bafe,.

217 2951 35 75 as
281 2951 64 75 was
374 2951 55 75 the
456 2951 120 75 cuftom
611 2951 39 75 of
680 2951 55 75 the
767 2951 141 75 ancients
935 2951 33 75 in
1000 2951 84 75 their
1115 2951 131 75 Tufcan

217 2998 163 75 temples..

1293 157 34 75 E
1387 157 36 75 C
1483 157 39 75 T
1582 157 44 75 U
1685 157 37 75 R
1780 157 49 75 E.

1353 218 76 75 The
1445 218 132 75 tympan
1593 218 27 75 is
1637 218 119 75 always
1779 218 43 75 on
1839 218 19 75 a
1873 218 65 75 line
1954 218 80 75 with
2051 218 56 75 the
2123 218 89 75 front
2229 218 39 75 of
2286 218 55 75 the

1305 264 107 75 frize;
1438 264 75 75 and,
1539 264 93 75 when
1648 264 101 75 large,
1775 264 116 75 admits
1909 264 41 75 of
1968 264 127 75 various
2108 264 194 75 ornaments.

1471 368 77 75 OF
1596 368 580 75 BALLUSTRADES.

1354 447 312 75 Ballustrades
1687 447 53 75 are
1762 447 179 75 fometimes
1957 447 41 75 of
2017 447 64 75 real
2105 447 53 75 ufe
2179 447 33 75 in
2235 447 106 75 build-

1304 492 70 75 ings
1386 492 11 75 ;
1424 492 63 75 and
1503 492 33 75 at
1547 492 94 75 other
1658 492 92 75 times
1762 492 79 75 they
1853 492 53 75 are
1918 492 77 75 only
2006 492 212 75 ornamental.
2253 492 89 75 Such

1306 537 33 75 as
1363 537 54 75 are
1440 537 153 75 intended
1617 537 52 75 for
1693 537 66 75 ufe,
1785 537 33 75 as
1843 537 93 75 when
1953 537 78 75 they
2046 537 54 75 are
2116 537 169 75 employed
2307 537 34 75 in

1305 586 188 75 ftair-cafes,
1519 586 111 75 before
1646 586 167 75 windows,
1839 586 37 75 or
1896 586 36 75 to
1953 586 117 75 inclofe
2086 586 159 75 terrafles,
2272 586 65 75 ire.

1306 630 79 75 muft
1401 630 119 75 always
1533 630 39 75 be
1588 630 110 75 nearly
1710 630 41 75 of
1770 630 55 75 the
1840 630 83 75 fame
1935 630 133 75 height;
2094 630 97 75 never
2201 630 138 75 exceed-

1304 676 54 75 ing
1375 676 90 75 three
1483 676 66 75 feet
1564 676 63 75 and
1643 676 20 75 a
1676 676 82 75 half,
1784 676 60 75 nor
1859 676 75 75 ever
1946 676 63 75 lefs
2027 676 75 75 than
2119 676 103 75 three.
2272 676 68 75 But

1304 724 89 75 thofe
1411 724 70 75 that
1497 724 53 75 are
1567 724 189 75 principally
1772 724 148 75 defigned
1935 724 52 75 for
1998 724 179 75 ornament,
2194 724 35 75 as
2245 724 94 75 when

1305 770 77 75 they
1398 770 88 75 finifti
1502 770 19 75 a
1538 770 159 75 building,
1721 770 114 75 Ihould
1850 770 39 75 be
1913 770 229 75 proportioned
2164 770 36 75 to
2216 770 55 75 the
2288 770 51 75 ar-

1303 817 173 75 chitecture
1492 817 79 75 they
1582 817 216 75 accompany;
1823 817 64 75 and
1904 817 83 75 their
2003 817 113 75 height
2131 817 102 75 ought
2244 817 97 75 never

1303 863 35 75 to
1354 863 123 75 exceed
1496 863 73 75 four
1585 863 91 75 fifths
1692 863 41 75 of
1750 863 57 75 the
1822 863 113 75 height
1952 863 40 75 of
2010 863 56 75 the
2083 863 198 75 entablature
2297 863 42 75 on

1303 910 104 75 which
1428 910 83 75 they
1527 910 53 75 are
1597 910 133 75 placed;
1756 910 60 75 nor
1832 910 114 75 ftiould
1967 910 26 75 it
2016 910 74 75 ever
2115 910 39 75 be
2176 910 60 75 lefs
2259 910 79 75 than

1303 956 65 75 two
1395 956 105 75 thirds
1528 956 139 75 thereof,
1698 956 138 75 without
1857 956 154 75 counting
2037 956 56 75 the
2121 956 150 75 zocholo,
2299 956 39 75 or

1303 1002 115 75 plinth,
1444 1002 56 75 the
1521 1002 112 75 height
1655 1002 41 75 of
1713 1002 108 75 which
1845 1002 80 75 muft:
1948 1002 40 75 be
2011 1002 156 75 fuflicient
2191 1002 35 75 to
2247 1002 91 75 leave

1302 1048 55 75 the
1374 1048 105 75 whole
1495 1048 193 75 balluftrade
1704 1048 141 75 expofed
1861 1048 34 75 to
1911 1048 94 75 view.

1356 1096 76 75 The
1449 1096 66 75 beft
1533 1096 189 75 proportion
1738 1096 53 75 for
1819 1096 207 75 balluftrades
2049 1096 26 75 is
2098 1096 160 75 to^divide
2280 1096 57 75 the

1300 1141 106 75 whole
1429 1141 95 75 given
1547 1141 114 75 height
1684 1141 69 75 into
1776 1141 138 75 thirteen
1940 1141 95 75 equal
2058 1141 110 75 parts;
2195 1141 89 75 eight
2300 1141 41 75 of

1300 1188 88 75 thefe
1403 1188 53 75 for
1472 1188 56 75 the
1543 1188 114 75 height
1672 1188 41 75 of
1731 1188 57 75 the
1811 1188 161 75 ballufter,
1997 1188 92 75 three
2108 1188 52 75 for
2177 1188 56 75 the
2250 1188 86 75 bafe,

1300 1233 62 75 and
1374 1233 66 75 two
1451 1233 52 75 for
1516 1233 56 75 the
1588 1233 127 75 cornice
1732 1233 36 75 or
1781 1233 82 75 rail;
1890 1233 36 75 or
1938 1233 69 75 into
2018 1233 161 75 fourteen,
2199 1233 48 75 (if
2257 1233 26 75 it
2296 1233 40 75 be

1298 1280 152 75 required
1462 1280 34 75 to
1508 1280 93 75 make
1614 1280 55 75 the
1686 1280 150 75 ballufter
1850 1280 92 75 lefs),
1964 1280 109 75 giving
2089 1280 89 75 eight
2193 1280 88 75 parts
2298 1280 37 75 to

1297 1325 55 75 the
1370 1325 160 75 ballufter,
1555 1325 74 75 four
1641 1325 35 75 to
1688 1325 57 75 the
1757 1325 86 75 bafe,
1861 1325 62 75 and
1939 1325 67 75 two
2022 1325 35 75 to
2073 1325 56 75 the
2145 1325 72 75 rail.
2258 1325 76 75 One

1299 1372 40 75 of
1350 1372 88 75 thefe
1454 1372 88 75 parts
1557 1372 74 75 may
1651 1372 39 75 be
1707 1372 104 75 called
1826 1372 20 75 a
1861 1372 151 75 module;
2039 1372 73 75 and,
2138 1372 94 75 being
2248 1372 84 75 divi-

1299 1418 63 75 ded
1384 1418 69 75 into
1476 1418 73 75 nine
1565 1418 150 75 minutes,
1740 1418 75 75 may
1838 1418 89 75 ferve
1951 1418 35 75 to
2011 1418 177 75 determine
2210 1418 57 75 the
2282 1418 52 75 di-!

1299 1464 154 75 menfions
1471 1464 39 75 of
1529 1464 56 75 the
1601 1464 172 75 particular
1791 1464 171 75 members.

1346 1510 38 75 In
1410 1510 239 75 balluftrades,.
1664 1510 56 75 the
1743 1510 137 75 diftance
1903 1510 144 75 between
2074 1510 67 75 two
2167 1510 168 75 ballufters

1298 1557 113 75 Ihould
1434 1557 57 75 not
1509 1557 127 75 exceed
1658 1557 75 75 half
1762 1557 57 75 the
1846 1557 155 75 diameter
2028 1557 41 75 of
2098 1557 56 75 the
2181 1557 151 75 ballufter

1298 1604 166 75 meafured
1478 1604 33 75 in
1527 1604 42 75 its
1586 1604 134 75 thickeft
1741 1604 86 75 part,
1852 1604 60 75 nor
1926 1604 40 75 be
1981 1604 60 75 lefs
2065 1604 77 75 than
2166 1604 61 75 one
2243 1604 90 75 third

1297 1650 40 75 of
1355 1650 40 75 it.

1344 1696 76 75 The
1436 1696 136 75 breadth
1590 1696 39 75 of
1648 1696 57 75 the
1727 1696 167 75 pedeftals,
1919 1696 94 75 when
2037 1696 78 75 they
2140 1696 53 75 are
2217 1696 114 75 placed

1298 1743 41 75 on
1357 1743 144 75 columns
1518 1743 37 75 or
1572 1743 154 75 pilafters,
1752 1743 25 75 is
1802 1743 167 75 regulated
1993 1743 44 75 by
2059 1743 110 75 them;
2195 1743 57 75 the
2267 1743 64 75 dye

1297 1788 96 75 never
1416 1788 95 75 being
1538 1788 93 75 made
1653 1788 137 75 broader
1813 1788 77 75 than
1917 1788 56 75 the
2000 1788 58 75 top
2084 1788 41 75 of
2151 1788 56 75 the
2234 1788 94 75 fliaft,

1297 1834 59 75 nor
1367 1834 95 75 much
1474 1834 161 75 narrower
1647 1834 8 75 :
1684 1834 62 75 and
1758 1834 94 75 when
1869 1834 91 75 there
1972 1834 53 75 are
2042 1834 126 75 neither
2184 1834 148 75 columns

1299 1880 58 75 nor
1373 1880 141 75 pilafters
1530 1880 32 75 in
1580 1880 56 75 the
1661 1880 101 75 front,
1788 1880 55 75 the
1866 1880 63 75 dye
1953 1880 111 75 Ihould
2085 1880 60 75 not
2170 1880 38 75 be
2233 1880 97 75 much

1297 1925 99 75 lower
1413 1925 76 75 than
1506 1925 19 75 a
1540 1925 126 75 fquare,
1692 1925 62 75 and
1769 1925 121 75 feldom
1911 1925 127 75 higher.
2088 1925 55 75 On
2165 1925 101 75 ftairs,
2291 1925 39 75 or

1296 1972 61 75 any
1373 1972 95 75 other
1483 1972 138 75 inclined
1636 1972 122 75 planes,
1783 1972 56 75 the
1850 1972 84 75 fame
1950 1972 202 75 proportions
2168 1972 54 75 are
2240 1972 35 75 to
2288 1972 44 75 be.

1296 2018 152 75 obferved
1463 2018 34 75 as
1513 2018 43 75 on
1571 2018 183 75 horizontal
1765 2018 89 75 ones.

1301 2123 76 75 OF
1416 2123 223 75 GATES,
1683 2123 226 75 DOORS,
1953 2123 129 75 AND
2123 2123 196 75 PIERS.

1343 2202 137 75 There
1506 2202 54 75 are
1583 2202 67 75 two
1674 2202 93 75 kinds
1785 2202 41 75 of
1844 2202 179 75 entrances,
2047 2202 71 75 viz.
2144 2202 106 75 doors,
2266 2202 63 75 and

1296 2249 102 75 gates.
1446 2249 78 75 The
1540 2249 120 75 former
1676 2249 89 75 ferve
1780 2249 76 75 only
1872 2249 52 75 for
1941 2249 54 75 the
2008 2249 126 75 paflage
2150 2249 40 75 of
2200 2249 128 75 perfons

1296 2295 41 75 on
1354 2295 92 75 foot;
1475 2295 57 75 but
1549 2295 54 75 the
1618 2295 98 75 latter
1731 2295 140 75 likewife
1887 2295 100 75 admit
2002 2295 166 75 horfemen
2179 2295 64 75 and
2259 2295 68 75 car-

1296 2342 114 75 riages.
1459 2342 113 75 Doors
1597 2342 54 75 are
1674 2342 78 75 ufed
1774 2342 34 75 as
1830 2342 164 75 entrances
2018 2342 36 75 to
2070 2342 169 75 churches,
2265 2342 63 75 and

1296 2387 93 75 other
1411 2387 107 75 public
1533 2387 174 75 buildings,
1732 2387 35 75 to
1783 2387 147 75 common
1946 2387 293 75 dwelling-houfes,
2265 2387 62 75 and

1296 2434 215 75 apartments:
1545 2434 76 75 And
1648 2434 89 75 gates
1762 2434 87 75 ferve
1873 2434 53 75 for
1947 2434 95 75 inlets
2066 2434 35 75 to
2125 2434 105 75 cities,
2258 2434 68 75 for-

1296 2480 120 75 trefles,
1441 2480 108 75 parks,
1574 2480 150 75 gardens,
1749 2480 136 75 palaces,

2024 2480 77 75 The
2117 2480 163 75 apertures
2292 2480 40 75 of

1295 2526 89 75 gates
1400 2526 93 75 being
1511 2526 118 75 always
1646 2526 95 75 wide,
1768 2526 77 75 they
1861 2526 54 75 are
1932 2526 161 75 generally
2110 2526 93 75 made
2218 2526 33 75 in
2271 2526 56 75 the

1295 2573 84 75 form
1395 2573 39 75 of
1454 2573 39 75 an
1517 2573 89 75 arch,
1632 2573 72 75 that
1727 2573 100 75 figure
1852 2573 95 75 being
1968 2573 58 75 the
2049 2573 162 75 ftrongeft.
2258 2573 69 75 But

1294 2619 109 75 doors,
1427 2619 105 75 which
1549 2619 54 75 are
1615 2619 162 75 generally
1789 2619 40 75 of
1840 2619 90 75 fmall
1946 2619 201 75 dimenfions,
2174 2619 52 75 are
2238 2619 88 75 com-

1296 2666 110 75 monly
1421 2666 271 75 parallelograms.,
1718 2666 60 75 and
1796 2666 105 75 clofed
1916 2666 233 75 horizontally.

1342 2712 75 75 The
1443 2712 128 75 general
1599 2712 186 75 proportion
1813 2712 51 75 for
1890 2712 56 75 the
1975 2712 175 75 apertures,
2186 2712 80 75 both
2290 2712 42 75 of

1296 2758 89 75 gates
1402 2758 60 75 and
1479 2758 111 75 doors,
1615 2758 146 75 whether
1776 2758 118 75 arched
1911 2758 37 75 or
1969 2758 125 75 fquare,
2118 2758 41 75 is,
2184 2758 71 75 that
2271 2758 55 75 the

1294 2804 110 75 height
1421 2804 39 75 be
1478 2804 98 75 about
1593 2804 118 75 double
1727 2804 56 75 the
1800 2804 151 75 breadth.

1341 2852 75 75 The
1433 2852 87 75 ufual
1536 2852 182 75 ornaments
1735 2852 40 75 of
1789 2852 93 75 gates
1907 2852 108 75 confift
2037 2852 40 75 of
2096 2852 156 75 columns,
2277 2852 49 75 pi-

1294 2897 120 75 lafters,
1432 2897 228 75 entablatures,
1677 2897 192 75 pediments,
1888 2897 109 75 ruftics
2010 2897 41 75 of
2057 2897 149 75 different
2217 2897 108 75 kinds,

1294 2943 139 75 imports,
1459 2943 187 75 archivolts,
1673 2943 88 75 he.;
1788 2943 63 75 and
1867 2943 55 75 the
1934 2943 79 75 moft
2031 2943 146 75 common
2193 2943 132 75 method

1293 2991 39 75 of
1350 2991 156 75 adorning
1530 2991 96 75 doors
1650 2991 27 75 is
1703 2991 77 75 with
1807 2991 38 75 an
1873 2991 192 75 architrave,
2090 2991 52 75 for
2167 2991 157 75 rounding
2269 3027 55 75 the
