2493 3387
526 171 228 75 ASH

1116 171 18 75 (
1192 171 85 75 430
1335 171 19 75 )

1725 171 43 75 A
1827 171 28 75 S
1914 171 20 75 I

221 234 259 75 quadridcntata,
504 234 126 75 ruflica,
663 234 64 75 and
753 234 160 75 echinata,
948 234 43 75 all
1014 234 198 75 inhabitants

223 281 39 75 of
280 281 56 75 the
352 281 111 75 ocean.

175 329 143 75 ASCII,
356 329 118 75 among
501 329 227 75 geographers,
765 329 40 75 an
834 329 193 75 appellation
1055 329 94 75 given
1177 329 36 75 to

223 376 90 75 thofe
328 376 196 75 inhabitants
536 376 40 75 of
588 376 55 75 the
655 376 92 75 earth
759 376 87 75 who,
864 376 33 75 at
910 376 121 75 certain
1044 376 121 75 feafons
1178 376 41 75 of

226 423 56 75 the
299 423 89 75 year,
405 423 82 75 have
504 423 43 75 no
558 423 148 75 (hadow:
734 423 76 75 fuch
823 423 53 75 are
894 423 42 75 all
948 423 56 75 the
1020 423 195 75 inhabitants

223 469 39 75 of
282 469 55 75 the
353 469 104 75 torrid
475 469 93 75 zone,
595 469 94 75 when
705 469 56 75 the
778 469 56 75 fun
850 469 28 75 is
896 469 133 75 vertical
1052 469 36 75 to
1110 469 101 75 them.

174 517 218 75 ASCITES,
423 517 33 75 in
481 517 169 75 medicine,
684 517 56 75 the
763 517 132 75 dropfy.
945 517 62 75 See
1036 517 178 75 Dropsy,

226 563 61 75 and
303 563 220 75 Medicine.

175 610 291 75 ASCLEPIAD,
499 610 33 75 in
564 610 126 75 ancient
720 610 128 75 poetry,
882 610 20 75 a
925 610 88 75 verfe
1045 610 170 75 compofed

225 656 38 75 of
282 656 75 75 four
380 656 79 75 feet,
494 656 55 75 the
581 656 65 75 firft
678 656 41 75 of
745 656 107 75 which
875 656 27 75 is
933 656 20 75 a
975 656 152 75 fpondee,
1159 656 55 75 the

222 703 118 75 fecond
361 703 19 75 a
404 703 215 75 choriambus,
645 703 63 75 and
735 703 56 75 the
816 703 66 75 two
905 703 57 75 laft
989 703 145 75 daftyls;
1176 703 38 75 or

223 750 40 75 of
274 750 75 75 four
364 750 67 75 feet
447 750 64 75 and
528 750 18 75 a
563 750 128 75 csefura,
717 750 56 75 the
789 750 64 75 firfl
874 750 19 75 a
912 750 149 75 fpondee,
1087 750 56 75 the
1166 750 48 75 fe-

222 797 83 75 cond
331 797 19 75 a
372 797 120 75 daftyl,
523 797 84 75 after
632 797 106 75 which
764 797 108 75 comes
894 797 57 75 the
981 797 130 75 csefura,
1136 797 79 75 then

222 845 55 75 the
294 845 67 75 two
377 845 135 75 dadtyls,
539 845 47 75 as,

321 892 163 75 Maecenas
502 892 111 75 atavss
628 892 85 75 edite
730 892 141 75 regibus.

175 938 279 75 ASCLEPIAS,
486 938 33 75 in
544 938 135 75 botany,
711 938 20 75 a
755 938 99 75 genus
877 938 42 75 of
944 938 57 75 the
1025 938 191 75 pentandria

222 984 131 75 digynia
379 984 91 75 clafs.
518 984 78 75 The
620 984 129 75 generic
772 984 162 75 character
957 984 28 75 is
1006 984 96 75 taken
1126 984 87 75 from

223 1031 61 75 five
300 1031 86 75 oval-,
404 1031 150 75 concave,
572 1031 164 75 horn-like
753 1031 150 75 ne&aria,
928 1031 105 75 which
1045 1031 54 75 are
1111 1031 102 75 found

222 1076 30 75 in
271 1076 55 75 the
342 1076 122 75 flower.
504 1076 115 75 There
635 1076 54 75 are
711 1076 39 75 18
768 1076 118 75 fpecies
899 1076 39 75 of
949 1076 163 75 afclepias,
1130 1076 83 75 none

223 1124 40 75 of
282 1124 106 75 which
405 1124 90 75 grow
511 1124 79 75 wild
605 1124 32 75 in
650 1124 140 75 Britain.
838 1124 77 75 The
932 1124 74 75 root
1022 1124 27 75 is
1069 1124 77 75 ufed
1168 1124 44 75 by

223 1171 55 75 the
294 1171 129 75 French
440 1171 62 75 and
519 1171 146 75 German
688 1171 177 75 ph.yficians
882 1171 34 75 as
933 1171 190 75 afudorific,
1140 1171 72 75 diu-

224 1218 92 75 retic,
342 1218 63 75 and
420 1218 270 75 emmenagogue;
718 1218 57 75 but
791 1218 27 75 it
834 1218 27 75 is
884 1218 58 75 not
957 1218 33 75 in
1004 1218 52 75 ufe
1069 1218 79 75 with
1160 1218 51 75 us.

176 1265 329 75 ASCODRUTjE,
530 1265 32 75 in
575 1265 273 75 church-hiftory,
874 1265 19 75 a
909 1265 65 75 fort
990 1265 40 75 of
1045 1265 166 75 Gnoftics,

223 1311 75 75 who
314 1311 112 75 placed
439 1311 46 75 all
498 1311 135 75 religion
649 1311 32 75 in
698 1311 212 75 knowledge;
936 1311 76 75 and,
1027 1311 99 75 under
1139 1311 72 75 pre-

222 1359 92 75 tence
330 1359 41 75 of
381 1359 142 75 fpiritual
541 1359 147 75 worfhip,
713 1359 109 75 would
839 1359 100 75 admit
955 1359 40 75 of
1007 1359 49 75 no'
1064 1359 148 75 external

224 1404 37 75 or
277 1404 166 75 corporeal
461 1404 141 75 fymbols
617 1404 177 75 whatever.

175 1452 192 75 ASCOLI,
393 1452 17 75 a
427 1452 67 75 city
510 1452 34 75 in
559 1452 57 75 the
634 1452 194 75 marquifate
844 1452 40 75 of
896 1452 136 75 Ancona
1054 1452 33 75 in
1109 1452 102 75 Italy,

221 1499 135 75 fituated
372 1499 41 75 on
425 1499 55 75 the
497 1499 84 75 river
595 1499 145 75 Tronto,
765 1499 32 75 in
814 1499 39 75 15
853 1481 25 49 0
897 1499 44 75 E.
959 1499 87 75 long,
1066 1499 62 75 and
1142 1499 43 75 42
1185 1481 23 49 0

224 1546 55 75 5c/
295 1546 48 75 N.
362 1546 57 75 lat.
469 1546 32 75 It
517 1546 26 75 is
560 1546 66 75 alfo
649 1546 19 75 a
683 1546 68 75 city
767 1546 40 75 of
825 1546 57 75 the
905 1546 154 75 kingdom
1081 1546 40 75 of
1139 1546 72 75 Na-

220 1591 82 75 ples,
326 1591 136 75 fituated
484 1591 33 75 in
541 1591 56 75 the
621 1591 151 75 province
793 1591 40 75 of
852 1591 207 75 Capitonata,
1084 1591 33 75 in
1139 1591 64 75 x6°

226 1639 42 75 jo
268 1621 10 49 7
295 1639 44 75 E.
358 1639 88 75 long,
473 1639 62 75 and
553 1639 66 75 41°
643 1639 54 75 15*
712 1639 50 75 N.
778 1639 59 75 lat.

173 1686 228 75 ASCOLIA,
426 1686 32 75 in
474 1686 143 75 Grecian
637 1686 176 75 antiquity,
838 1686 19 75 a
880 1686 122 75 feftival
1027 1686 183 75 celebrated

220 1731 44 75 by
278 1731 57 75 the
359 1731 165 75 Athenian
544 1731 217 75 hufbandmen
777 1731 33 75 in
838 1731 126 75 honour
987 1731 40 75 of
1046 1731 162 75 Bacchus,

222 1778 34 75 to
270 1778 108 75 whom
392 1778 79 75 they
482 1778 161 75 facrificed
661 1778 19 75 a
694 1778 149 75 he-goat,
861 1778 131 75 becaufe
1005 1778 70 75 that
1092 1778 116 75 animal

221 1826 142 75 deftroys
381 1826 56 75 the
452 1826 102 75 vines.

173 1872 168 75 ASCUS,
366 1872 35 75 in
416 1872 125 75 natural
558 1872 133 75 hiftory,
716 1872 56 75 the
787 1872 109 75 pouch
911 1872 37 75 or
963 1872 65 75 bag
1043 1872 41 75 of
1099 1872 57 75 the
1172 1872 36 75 a-

220 1918 132 75 poflum.
405 1918 61 75 See
483 1918 205 75 Opossum,

173 1965 250 75 ASCYRUM,
447 1965 36 75 in
504 1965 133 75 botany,
669 1965 18 75 a
714 1965 100 75 genus
841 1965 40 75 of
900 1965 56 75 the
983 1965 228 75 polyadelphia

220 2011 189 75 polyandria
425 2011 92 75 clafs.
564 2011 79 75 The
659 2011 87 75 calix
769 2011 125 75 confifts
919 2011 40 75 of
981 2011 73 75 four
1078 2011 128 75 leaves;

221 2059 55 75 the
300 2059 134 75 corolla'
434 2059 60 75 has
510 2059 74 75 four
606 2059 122 75 petals;
755 2059 57 75 the
836 2059 161 75 filaments
1022 2059 62 75 are.
1099 2059 111 75 nume-

217 2105 89 75 rous,
332 2105 62 75 and
410 2105 129 75 divided
554 2105 70 75 into
640 2105 75 75 four
731 2105 147 75 bundles.
925 2105 82 75 The
1024 2105 122 75 fpecies
1155 2105 55 75 are

217 2152 106 75 three,
348 2152 70 75 viz.
452 2152 55 75 the
532 2152 82 75 crux
638 2152 138 75 andreae,
801 2152 56 75 the
880 2152 238 75 hypericoides,
1144 2152 63 75 and

218 2199 57 75 the
299 2199 163 75 villofum,
493 2199 43 75 all
562 2199 121 75 natives
708 2199 40 75 of
775 2199 56 75 the
854 2199 218 75 Welt-Indies
1097 2199 38 75 or
1158 2199 49 75 A-

219 2244 129 75 merica.

174 2291 236 75 ASELLUS,
435 2291 31 75 in
485 2291 152 75 zoology,
660 2291 59 75 the
741 2291 108 75 trivial
876 2291 91 75 name
991 2291 41 75 of
1050 2291 20 75 a
1090 2291 118 75 fpecies

222 2339 38 75 of
279 2339 137 75 onifeus.
466 2339 258 75 SccOniscus.

173 2386 108 75 ASH,
307 2386 30 75 in
351 2386 133 75 botany.
535 2386 61 75 See
614 2386 210 75 Fraxinus.

171 2432 317 75 ASHBURTON.,
514 2432 19 75 a
548 2432 86 75 town
652 2432 40 75 of
711 2432 213 75 Devonftiire,
947 2432 136 75 fituated
1107 2432 98 75 about

221 2477 205 75 twenty-two
450 2477 91 75 miles
568 2477 37 75 S.
632 2477 60 75 W.
718 2477 40 75 of
777 2477 138 75 Exeter,
940 2477 33 75 in
998 2477 22 75 4
1020 2459 21 49 0
1065 2477 51 75 15'
1140 2477 63 75 W.

221 2526 88 75 long,
335 2526 65 75 and
417 2526 65 75 jo°
504 2526 44 75 jo
548 2508 10 49 7
576 2526 49 75 N.
643 2526 59 75 lat.

171 2572 160 75 ASHBY
349 2572 48 75 be
424 2572 46 75 i-A
501 2572 146 75 zquch,
673 2572 26 75 a.
716 2572 231 75 market-town
969 2572 40 75 of
1027 2572 177 75 Leicefter-

221 2619 93 75 ftiire,
337 2619 34 75 in
392 2619 40 75 i°
453 2619 42 75 25
524 2619 61 75 W.
602 2619 91 75 long,
718 2619 62 75 and
799 2619 41 75 52
840 2601 24 49 0
880 2619 56 75 40'
952 2619 48 75 N.
1013 2619 59 75 lat.

174 2666 168 75 ASHES,
367 2666 56 75 the
440 2666 116 75 earthy
578 2666 72 75 part
676 2666 41 75 of
734 2666 98 75 wood
859 2666 63 75 and
948 2666 94 75 other
1069 2666 131 75 combur

220 2711 118 75 ftibles,
376 2711 177 75 remaining,
578 2711 83 75 after
686 2711 78 75 they
792 2711 53 75 are
870 2711 169 75 confumed
1062 2711 43 75 by
1130 2711 69 75 fire.

219 2759 122 75 Thefe,
366 2759 31 75 if
416 2759 162 75 produced
590 2759 87 75 from
692 2759 18 75 a
729 2759 179 75 vegetable,
932 2759 54 75 are
1003 2759 42 75 of
1062 2759 19 75 a
1103 2759 99 75 white

219 2805 112 75 colour
355 2805 61 75 and
441 2805 104 75 faltilh
570 2805 89 75 tafte,
691 2805 75 75 and,
791 2805 92 75 when
908 2805 109 75 boiled
1038 2805 79 75 with
1140 2805 62 75 fair

219 2852 113 75 water,
356 2852 89 75 yield
466 2852 18 75 a
507 2852 148 75 lixivium
678 2852 40 75 of
736 2852 39 75 an
800 2852 224 75 acrimonious,
1049 2852 152 75 alkaline,

217 2898 92 75 fiery,
334 2898 132 75 urinous
481 2898 91 75 tafte.
619 2898 78 75 The
713 2898 16 75 a
731 2898 68 75 flies
816 2898 42 75 of
876 2898 52 75 all,
941 2898 181 75 vegetables
1147 2898 53 75 are

219 2945 180 75 vitrifiable,
424 2945 62 75 and
502 2945 53 75 are
567 2945 101 75 found
684 2945 35 75 to
731 2945 129 75 contain
874 2945 83 75 iron.
998 2945 62 75 See
1076 2945 122 75 Agri-

222 2991 196 75 culture,
445 2991 62 75 and
523 2991 248 75 Chemistry.

170 3038 245 75 ASHFORD,
446 3038 24 75 a.
491 3038 228 75 market-town
744 3038 41 75 of
809 3038 103 75 Kent,
943 3038 136 75 fituated
1102 3038 99 75 about

1310 236 38 75 12
1367 236 90 75 miles
1483 236 37 75 S.
1538 236 62 75 W.
1619 236 40 75 of
1679 236 218 75 Canterbury,
1922 236 34 75 in
1973 236 56 75 45'
2052 236 45 75 E.
2116 236 87 75 long,
2232 236 62 75 and

1313 281 36 75 51
1349 263 27 49 0
1399 281 52 75 15'
1468 281 47 75 N.
1533 281 59 75 lat.

1261 327 125 75 ASIA,
1410 327 62 75 one
1488 327 41 75 of
1547 327 57 75 the
1628 327 75 75 four
1725 327 91 75 great
1840 327 87 75 parts
1952 327 41 75 of
2011 327 56 75 the
2091 327 116 75 world,
2232 327 64 75 and

1309 374 55 75 the
1380 374 117 75 fecond
1511 374 34 75 in
1560 374 112 75 order.
1720 374 34 75 It
1769 374 28 75 is
1819 374 150 75 bounded
1985 374 42 75 on
2043 374 55 75 the
2114 374 48 75 N.
2180 374 44 75 by
2240 374 56 75 the

1310 422 127 75 Frozen
1455 422 75 75 Sea,
1557 422 41 75 on
1617 422 56 75 the
1692 422 40 75 E.
1751 422 42 75 by
1809 422 57 75 the
1888 422 133 75 Eaftern
2039 422 124 75 Ocean,
2188 422 107 75 which

1309 468 26 75 is
1354 468 70 75 part
1441 468 41 75 of
1494 468 54 75 the
1566 468 105 75 South
1690 468 76 75 Sea,
1791 468 40 75 on
1845 468 56 75 the
1918 468 37 75 S.
1968 468 44 75 by
2024 468 56 75 the
2091 468 115 75 Indian
2220 468 75 75 Sea,

1309 514 63 75 and
1388 514 42 75 on
1447 514 56 75 the
1520 514 61 75 W.
1599 514 43 75 by
1659 514 132 75 Europe
1808 514 63 75 and
1886 514 128 75 Africa.
2056 514 32 75 It
2100 514 26 75 is
2138 514 41 75 of
2189 514 107 75 larger

1283 565 11 75 ,
1308 565 115 75 extent
1446 565 77 75 than
1540 565 63 75 any
1623 565 43 75 of
1683 565 55 75 the
1755 565 91 75 three
1869 565 86 75 parts
1980 565 31 75 in
2036 565 59 75 our
2119 565 175 75 continent.

1309 608 84 75 Arts
1408 608 63 75 and
1487 608 136 75 fciences
1641 608 85 75 were
1741 608 90 75 early
1846 608 177 75 cultivated
2046 608 97 75 here;
2170 608 127 75 though

1311 655 77 75 they
1405 655 52 75 are
1475 655 139 75 thought
1629 655 35 75 to
1679 655 82 75 have
1774 655 90 75 come
1881 655 171 75 originally
2063 655 84 75 from
2160 655 131 75 Egypt:

1309 701 57 75 but
1384 701 41 75 all
1444 701 55 75 the
1515 701 214 75 confiderable
1742 701 149 75 religions
1908 701 74 75 now
1997 701 117 75 known
2130 701 66 75 had
2212 701 84 75 their

1309 748 64 75 firft
1386 748 171 75 beginning
1574 748 32 75 in
1624 748 74 75 Afia
1710 748 10 75 ;
1744 748 61 75 and
1818 748 91 75 there
1921 748 53 75 are
1986 748 63 75 ftill
2061 748 20 75 a
2095 748 92 75 great
2202 748 92 75 num-

1309 796 57 75 ber
1378 796 40 75 of
1429 796 114 75 people
1555 796 75 75 who
1642 796 152 75 maintain
1808 796 84 75 their
1903 796 126 75 ancient
2040 796 116 75 tenets,
2175 796 120 75 which,

1310 842 171 75 according
1494 842 34 75 to
1547 842 98 75 them,
1672 842 53 75 are
1742 842 18 75 a
1777 842 148 75 hundred
1942 842 158 75 thoufand
2116 842 90 75 years
2224 842 70 75 old.

1308 890 99 75 They
1422 890 82 75 have
1521 890 61 75 one
1593 890 66 75 fort
1679 890 40 75 of
1738 890 134 75 religion
1889 890 32 75 in
1937 890 119 75 China,
2082 890 62 75 and
2160 890 134 75 another

1308 937 33 75 in
1365 937 104 75 India,
1502 937 108 75 whofe
1633 937 109 75 priefts
1766 937 53 75 aie
1844 937 56 75 the
1922 937 213 75 Brachmins;
2172 937 58 75 not
2256 937 37 75 to

1309 983 141 75 mention
1487 983 56 75 the
1578 983 26 75 7
1604 965 66 49 ews
1670 983 14 75 >
1725 983 188 75 Chriftians,
1954 983 62 75 and
2050 983 242 75 Mahometans,

1309 1032 106 75 whofe
1443 1032 187 75 beginnings
1657 1032 54 75 are
1734 1032 189 75 fufficiently
1948 1032 118 75 known
2094 1032 36 75 to
2162 1032 42 75 all
2237 1032 56 75 the

1308 1078 116 75 world.
1472 1078 87 75 This
1577 1078 62 75 was
1657 1078 56 75 the
1728 1078 68 75 feat
1811 1078 41 75 of
1869 1078 119 75 feveral
2008 1078 125 75 ancient
2156 1078 136 75 empires

1309 1124 37 75 or
1362 1124 221 75 monarchies;
1609 1124 76 75 fuch
1702 1124 33 75 as
1752 1124 71 75 that
1836 1124 40 75 of
1894 1124 55 75 the
1966 1124 176 75 Aflyrians,
2161 1124 134 75 Medes,

1307 1171 157 75 Perfians,
1495 1171 62 75 and
1581 1171 162 75 Greeks..
1783 1171 32 75 It
1839 1171 27 75 is
1892 1171 94 75 4740
2009 1171 91 75 miles
2124 1171 31 75 in
2180 1171 112 75 length

1307 1218 86 75 from
1406 1218 54 75 the
1477 1218 183 75 Dardanels
1672 1218 41 75 on
1731 1218 56 75 the
1803 1218 61 75 W.
1889 1218 36 75 to
1943 1218 56 75 the
2014 1218 120 75 eaftern
2149 1218 92 75 fhore
2257 1218 42 75 of

1306 1263 145 75 Tartary
1463 1263 10 75 ;
1492 1263 62 75 and
1571 1263 94 75 4380
1681 1263 32 75 in
1730 1263 134 75 breadth
1882 1263 84 75 from
1979 1263 54 75 the
2050 1263 79 75 moft
2141 1263 152 75 fouthern

1308 1310 70 75 part
1394 1310 41 75 of
1452 1310 164 75 Malacca,
1639 1310 35 75 to
1697 1310 56 75 the
1770 1310 79 75 moft
1873 1310 152 75 northern
2043 1310 77 75 cape
2136 1310 41 75 of
2194 1310 99 75 Nova

1308 1357 146 75 Zembla.
1518 1357 34 75 It
1579 1357 73 75 may
1680 1357 39 75 be
1741 1357 131 75 divided
1896 1357 69 75 into
1995 1357 54 75 ten
2075 1357 90 75 great
2189 1357 100 75 parts,

1307 1405 138 75 namely,
1469 1405 119 75 Turky
1606 1405 33 75 in
1657 1405 87 75 Afia,
1768 1405 137 75 Arabia,
1928 1405 117 75 Perfia,
2071 1405 55 75 the
2143 1405 148 75 Mogul’s

1306 1452 132 75 empire,
1463 1452 78 75 with
1570 1452 55 75 the
1654 1452 65 75 two
1747 1452 181 75 peninfulas
1953 1452 40 75 of
2017 1452 105 75 India,
2151 1452 141 75 Thibet,

1307 1497 119 75 China,
1451 1497 64 75 and
1531 1497 127 75 Corea;
1685 1497 107 75 Great
1809 1497 63 75 and
1884 1497 106 75 Little
2013 1497 174 75 Bocharia,
2212 1497 80 75 with

1307 1544 153 75 Carazm,
1485 1544 106 75 Little
1607 1544 63 75 and
1682 1544 107 75 Great
1805 1544 158 75 Tartary,
1989 1544 136 75 Siberia,
2152 1544 61 75 and
2235 1544 56 75 the

1305 1591 132 75 Iflands.
1486 1591 77 75 The
1579 1591 226 75 governments
1820 1591 41 75 of
1871 1591 76 75 Afia
1968 1591 54 75 are
2043 1591 163 75 generally
2222 1591 69 75 mo-

1304 1638 160 75 narchical
1476 1638 10 75 ;
1512 1638 62 75 and
1596 1638 132 75 Turky,
1752 1638 118 75 Ptrfia,
1895 1638 56 75 the
1974 1638 148 75 Mogul’s
2143 1638 148 75 Empire,

1304 1685 138 75 Thibet,
1467 1685 62 75 and
1554 1685 119 75 China,
1698 1685 55 75 are
1774 1685 121 75 fubjedt
1920 1685 36 75 to
1979 1685 95 75 fingle
2097 1685 191 75 monarchs;

1304 1731 58 75 but
1374 1731 55 75 the
1446 1731 60 75 reft
1523 1731 26 75 is
1566 1731 129 75 divided
1713 1731 116 75 among
1844 1731 119 75 feveral
1979 1731 179 75 fovereigns
2170 1731 10 75 ;
2206 1731 83 75 info-

1305 1779 95 75 much
1418 1779 70 75 that
1503 1779 93 75 there
1612 1779 54 75 are
1682 1779 160 75 reckoned
1857 1779 92 75 feven
1966 1779 173 75 emperors,
2166 1779 60 75 and
2246 1779 44 75 30

1304 1825 106 75 kings,
1435 1825 120 75 befides
1571 1825 93 75 petty
1687 1825 136 75 princes,
1850 1825 63 75 and
1936 1825 55 75 the
2015 1825 85 75 rajas
2125 1825 41 75 of
2183 1825 106 75 India,

1304 1872 107 75 which
1427 1872 52 75 are
1496 1872 77 75 very
1585 1872 183 75 numerous.
1817 1872 98 75 With
1928 1872 115 75 regard
2055 1872 35 75 to
2107 1872 54 75 the
2178 1872 112 75 extent

1305 1918 40 75 of
1364 1918 84 75 their
1463 1918 165 75 religions,
1653 1918 54 75 the
1721 1918 159 75 Chriftian
1898 1918 26 75 is
1942 1918 57 75 but
2014 1918 91 75 finall
2121 1918 31 75 in
2172 1918 118 75 refpedt

1306 1965 40 75 of
1364 1965 56 75 the
1442 1965 225 75 Mahometan,
1693 1965 106 75 which
1816 1965 231 75 comprehends
2070 1965 61 75 one
2147 1965 87 75 third
2251 1965 45 75 of

1305 2012 97 75 Afia;
1430 2012 61 75 and
1516 2012 55 75 the
1588 2012 108 75 Pagan
1713 2012 27 75 is
1760 2012 77 75 near
1853 2012 93 75 twice
1963 2012 33 75 as
2013 2012 95 75 much
2126 2012 165 75 extended

1307 2058 33 75 as
1357 2058 56 75 the
1429 2058 224 75 Mahometan.
1702 2058 113 75 Befide
1830 2058 103 75 thefe,
1947 2058 85 75 fome
2048 2058 134 75 pretend
2198 2058 92 75 there

1305 2107 28 75 is
1350 2107 54 75 the
1420 2107 126 75 natural
1569 2107 147 75 religion,
1740 2107 106 75 which
1862 2107 58 75 has
1937 2107 98 75 about
2057 2107 34 75 as
2115 2107 94 75 many
2225 2107 65 75 fol-

1306 2153 114 75 lowers
1444 2153 34 75 as
1495 2153 55 75 the
1568 2153 171 75 Chriftian.
1788 2153 78 75 The
1885 2153 173 75 languages
2075 2153 53 75 are
2145 2153 34 75 fo
2195 2153 96 75 many

1306 2199 61 75 and
1384 2199 34 75 fo
1434 2199 141 75 various,
1592 2199 71 75 that
1675 2199 25 75 it
1712 2199 26 75 is
1751 2199 171 75 impoflible
1934 2199 35 75 to
1981 2199 183 75 enumerate
2175 2199 88 75 them
2272 2199 20 75 ^

1305 2246 57 75 but
1375 2246 54 75 the
1447 2246 90 75 chief
1556 2246 53 75 are
1626 2246 56 75 the
1696 2246 154 75 Turkifh,
1876 2246 55 75 the
1948 2246 154 75 Grecian,
2129 2246 55 75 the
2201 2246 86 75 Ara-

1304 2293 65 75 bic,
1393 2293 56 75 the
1474 2293 150 75 Chinefe,
1649 2293 56 75 the
1729 2293 140 75 Perfian,
1901 2293 63 75 and
1988 2293 55 75 the
2066 2293 70 75 Old
2159 2293 127 75 Indian.

1303 2340 39 75 In
1359 2340 99 75 fliort,
1483 2340 97 75 every
1596 2340 137 75 country
1749 2340 61 75 and
1826 2340 97 75 ifland
1938 2340 58 75 has
2008 2340 110 75 almoft
2130 2340 19 75 a
2163 2340 127 75 diftindl

1304 2387 167 75 language.
1519 2387 135 75 Befides.
1673 2387 55 75 the
1756 2387 132 75 animals
1913 2387 50 75 we
1986 2387 82 75 have
2091 2387 32 75 in
2141 2387 144 75 Europe,

1303 2434 90 75 there
1419 2434 53 75 are
1496 2434 95 75 lions,
1621 2434 160 75 leopards,
1811 2434 110 75 tigers,
1952 2434 129 75 camels,
2106 2434 179 75 elephants,

1303 2480 226 75 rhinocerofes,
1555 2480 61 75 and
1633 2480 95 75 many
1744 2480 124 75 others.

1256 2528 103 75 Lejjer
1379 2528 107 75 Asia,
1511 2528 55 75 the
1582 2528 84 75 fame
1683 2528 79 75 with
1779 2528 148 75 Natolia.
1978 2528 278 75 SccNatolia.

1253 2574 187 75 ASILUS,
1465 2574 37 75 or
1517 2574 198 75 hornet-fly,,
1733 2574 17 75 a
1767 2574 99 75 genus
1882 2574 40 75 of
1939 2574 111 75 infedls
2067 2574 170 75 belonging
2249 2574 36 75 to

1301 2622 55 75 the
1383 2622 97 75 order
1504 2622 40 75 of
1568 2622 114 75 infedla
1706 2622 139 75 diptera.
1894 2622 32 75 It
1954 2622 58 75 has
2036 2622 66 75 two
2126 2622 114 75 wings.,
2265 2622 19 75 a

1298 2667 115 75 horny,
1432 2667 100 75 ftrait,
1550 2667 195 75 two-valved
1762 2667 93 75 beak.
1904 2667 113 75 There
2033 2667 53 75 are
2107 2667 40 75 17
2164 2667 120 75 fpecies

1299 2714 40 75 of
1357 2714 64 75 this
1438 2714 107 75 infeA.

1252 2761 191 75 ASINUS,
1466 2761 37 75 or
1515 2761 82 75 Ass,
1619 2761 32 75 in
1669 2761 153 75 zoology,
1847 2761 56 75 the
1916 2761 91 75 ndme
2023 2761 41 75 of
2081 2761 20 75 a
2115 2761 119 75 fpecies
2247 2761 50 75 of.

1300 2808 123 75 equus..
1464 2808 61 75 See
1541 2808 144 75 Equus.

1251 2858 125 75 ASI.O,
1401 2858 32 75 in
1445 2858 219 75 ornithology,
1689 2858 20 75 a
1724 2858 163 75 fynonime
1899 2858 40 75 of
1958 2858 20 75 a
1992 2858 118 75 fpecies
2129 2858 42 75 of
2189 2858 91 75 ftrix.
2280 2840 27 49 v

1300 2901 60 75 See
1378 2901 139 75 Strix.

1249 2949 171 75 ASISIO,
1445 2949 37 75 or
1498 2949 167 75 Asitiq,
1689 2949 19 75 a
1719 2949 65 75 city
1797 2949 41 75 of.
1857 2949 54 75 the
1931 2949 110 75 pope’s
2055 2949 177 75 territories
2247 2949 39 75 int

1297 2994 99 75 Italy,
1420 2994 133 75 fituated
1569 2994 98 75 about
1689 2994 40 75 16
1754 2994 89 75 miles
1863 2994 45 75 E.
1927 2994 39 75 of
1984 2994 151 75 Perugia,
2158 2994 33 75 in
2214 2994 36 75 13
2250 2976 26 49 0

1300 3042 17 75 3
1326 3042 28 75 c'
1370 3042 45 75 E.
1427 3042 89 75 long.
1541 3042 64 75 and
1623 3042 40 75 43
1663 3024 25 49 0
1705 3042 53 75 N.
1771 3042 59 75 lat.

2081 3089 202 75 ASLANT,.
