<?xml version="1.0" encoding="UTF-8"?>
<alto xmlns="http://www.loc.gov/standards/alto/v3/alto.xsd"><Description><MeasurementUnit>pixel</MeasurementUnit><sourceImageInformation><fileName>./data/pdfs/c_188936619/i_144133901/188082693.23.pdf</fileName></sourceImageInformation><OCRProcessing ID="IdOcr"><ocrProcessingStep><processingDateTime>Fri Jul 12 10:38:09 2019
</processingDateTime><processingSoftware><softwareCreator>CONTRIBUTORS</softwareCreator><softwareName>pdfalto</softwareName><softwareVersion>0.1</softwareVersion></processingSoftware></ocrProcessingStep></OCRProcessing></Description><Styles><TextStyle ID="font0" FONTFAMILY="times" FONTSIZE="10.000" FONTTYPE="serif" FONTWIDTH="proportional" FONTCOLOR="#WWWWWW" FONTSTYLE=""/><TextStyle ID="font1" FONTFAMILY="times" FONTSIZE="6.500" FONTTYPE="serif" FONTWIDTH="proportional" FONTCOLOR="#WWWWWW" FONTSTYLE="subscript"/></Styles><Layout><Page ID="Page542" PHYSICAL_IMG_NR="542" WIDTH="2493" HEIGHT="3387"><PrintSpace><TextLine WIDTH="83" HEIGHT="75" ID="p542_t1" HPOS="221" VPOS="185"><String ID="p542_w1" CONTENT="54^" HPOS="221" VPOS="185" WIDTH="83" HEIGHT="75" STYLEREFS="font0"/></TextLine><TextLine WIDTH="496" HEIGHT="75" ID="p542_t2" HPOS="788" VPOS="167"><String ID="p542_w2" CONTENT="ASTRO" HPOS="788" VPOS="167" WIDTH="496" HEIGHT="75" STYLEREFS="font0"/></TextLine><TextLine WIDTH="1032" HEIGHT="75" ID="p542_t3" HPOS="225" VPOS="306"><String ID="p542_w3" CONTENT="Chap." HPOS="225" VPOS="306" WIDTH="179" HEIGHT="75" STYLEREFS="font0"/><SP WIDTH="31" VPOS="306" HPOS="404"/><String ID="p542_w4" CONTENT="VIII." HPOS="435" VPOS="306" WIDTH="104" HEIGHT="75" STYLEREFS="font0"/><SP WIDTH="58" VPOS="306" HPOS="539"/><String ID="p542_w5" CONTENT="The" HPOS="597" VPOS="306" WIDTH="80" HEIGHT="75" STYLEREFS="font0"/><SP WIDTH="21" VPOS="306" HPOS="677"/><String ID="p542_w6" CONTENT="different" HPOS="698" VPOS="306" WIDTH="179" HEIGHT="75" STYLEREFS="font0"/><SP WIDTH="20" VPOS="306" HPOS="877"/><String ID="p542_w7" CONTENT="Lengths" HPOS="897" VPOS="306" WIDTH="170" HEIGHT="75" STYLEREFS="font0"/><SP WIDTH="20" VPOS="306" HPOS="1067"/><String ID="p542_w8" CONTENT="of" HPOS="1087" VPOS="306" WIDTH="48" HEIGHT="75" STYLEREFS="font0"/><SP WIDTH="9" VPOS="306" HPOS="1135"/><String ID="p542_w9" CONTENT="Days" HPOS="1144" VPOS="306" WIDTH="113" HEIGHT="75" STYLEREFS="font0"/></TextLine><TextLine WIDTH="976" HEIGHT="75" ID="p542_t4" HPOS="282" VPOS="361"><String ID="p542_w10" CONTENT="and" HPOS="282" VPOS="361" WIDTH="85" HEIGHT="75" STYLEREFS="font0"/><SP WIDTH="24" VPOS="361" HPOS="367"/><String ID="p542_w11" CONTENT="Nights," HPOS="391" VPOS="361" WIDTH="164" HEIGHT="75" STYLEREFS="font0"/><SP WIDTH="41" VPOS="361" HPOS="555"/><String ID="p542_w12" CONTENT="and" HPOS="596" VPOS="361" WIDTH="85" HEIGHT="75" STYLEREFS="font0"/><SP WIDTH="30" VPOS="361" HPOS="681"/><String ID="p542_w13" CONTENT="the" HPOS="711" VPOS="361" WIDTH="66" HEIGHT="75" STYLEREFS="font0"/><SP WIDTH="32" VPOS="361" HPOS="777"/><String ID="p542_w14" CONTENT="Viciffttudet" HPOS="809" VPOS="361" WIDTH="234" HEIGHT="75" STYLEREFS="font0"/><SP WIDTH="37" VPOS="361" HPOS="1043"/><String ID="p542_w15" CONTENT="of" HPOS="1080" VPOS="361" WIDTH="47" HEIGHT="75" STYLEREFS="font0"/><SP WIDTH="36" VPOS="361" HPOS="1127"/><String ID="p542_w16" CONTENT="Sea-" HPOS="1163" VPOS="361" WIDTH="95" HEIGHT="75" STYLEREFS="font0"/></TextLine><TextLine WIDTH="996" HEIGHT="75" ID="p542_t5" HPOS="266" VPOS="417"><String ID="p542_w17" CONTENT="fons," HPOS="266" VPOS="417" WIDTH="104" HEIGHT="75" STYLEREFS="font0"/><SP WIDTH="31" VPOS="417" HPOS="370"/><String ID="p542_w18" CONTENT="explained." HPOS="401" VPOS="417" WIDTH="215" HEIGHT="75" STYLEREFS="font0"/><SP WIDTH="78" VPOS="417" HPOS="616"/><String ID="p542_w19" CONTENT="The" HPOS="694" VPOS="417" WIDTH="81" HEIGHT="75" STYLEREFS="font0"/><SP WIDTH="37" VPOS="417" HPOS="775"/><String ID="p542_w20" CONTENT="Explanation" HPOS="812" VPOS="417" WIDTH="266" HEIGHT="75" STYLEREFS="font0"/><SP WIDTH="39" VPOS="417" HPOS="1078"/><String ID="p542_w21" CONTENT="of" HPOS="1117" VPOS="417" WIDTH="48" HEIGHT="75" STYLEREFS="font0"/><SP WIDTH="31" VPOS="417" HPOS="1165"/><String ID="p542_w22" CONTENT="the" HPOS="1196" VPOS="417" WIDTH="66" HEIGHT="75" STYLEREFS="font0"/></TextLine><TextLine WIDTH="901" HEIGHT="75" ID="p542_t6" HPOS="281" VPOS="473"><String ID="p542_w23" CONTENT="Phenomena" HPOS="281" VPOS="473" WIDTH="239" HEIGHT="75" STYLEREFS="font0"/><SP WIDTH="30" VPOS="473" HPOS="520"/><String ID="p542_w24" CONTENT="of" HPOS="550" VPOS="473" WIDTH="48" HEIGHT="75" STYLEREFS="font0"/><SP WIDTH="20" VPOS="473" HPOS="598"/><String ID="p542_w25" CONTENT="Saturn’s" HPOS="618" VPOS="473" WIDTH="185" HEIGHT="75" STYLEREFS="font0"/><SP WIDTH="31" VPOS="473" HPOS="803"/><String ID="p542_w26" CONTENT="Ring" HPOS="834" VPOS="473" WIDTH="109" HEIGHT="75" STYLEREFS="font0"/><SP WIDTH="29" VPOS="473" HPOS="943"/><String ID="p542_w27" CONTENT="concluded." HPOS="972" VPOS="473" WIDTH="210" HEIGHT="75" STYLEREFS="font0"/></TextLine><TextLine WIDTH="991" HEIGHT="75" ID="p542_t7" HPOS="271" VPOS="555"><String ID="p542_w28" CONTENT="The" HPOS="271" VPOS="555" WIDTH="86" HEIGHT="75" STYLEREFS="font0"/><SP WIDTH="15" VPOS="555" HPOS="357"/><String ID="p542_w29" CONTENT="following" HPOS="372" VPOS="555" WIDTH="167" HEIGHT="75" STYLEREFS="font0"/><SP WIDTH="17" VPOS="555" HPOS="539"/><String ID="p542_w30" CONTENT="experiment" HPOS="556" VPOS="555" WIDTH="199" HEIGHT="75" STYLEREFS="font0"/><SP WIDTH="17" VPOS="555" HPOS="755"/><String ID="p542_w31" CONTENT="will" HPOS="772" VPOS="555" WIDTH="65" HEIGHT="75" STYLEREFS="font0"/><SP WIDTH="18" VPOS="555" HPOS="837"/><String ID="p542_w32" CONTENT="give" HPOS="855" VPOS="555" WIDTH="72" HEIGHT="75" STYLEREFS="font0"/><SP WIDTH="13" VPOS="555" HPOS="927"/><String ID="p542_w33" CONTENT="a" HPOS="940" VPOS="555" WIDTH="17" HEIGHT="75" STYLEREFS="font0"/><SP WIDTH="13" VPOS="555" HPOS="957"/><String ID="p542_w34" CONTENT="plain" HPOS="970" VPOS="555" WIDTH="85" HEIGHT="75" STYLEREFS="font0"/><SP WIDTH="12" VPOS="555" HPOS="1055"/><String ID="p542_w35" CONTENT="idea" HPOS="1067" VPOS="555" WIDTH="73" HEIGHT="75" STYLEREFS="font0"/><SP WIDTH="16" VPOS="555" HPOS="1140"/><String ID="p542_w36" CONTENT="of" HPOS="1156" VPOS="555" WIDTH="40" HEIGHT="75" STYLEREFS="font0"/><SP WIDTH="11" VPOS="555" HPOS="1196"/><String ID="p542_w37" CONTENT="the" HPOS="1207" VPOS="555" WIDTH="55" HEIGHT="75" STYLEREFS="font0"/></TextLine><TextLine WIDTH="1037" HEIGHT="75" ID="p542_t8" HPOS="225" VPOS="602"><String ID="p542_w38" CONTENT="diurnal" HPOS="225" VPOS="602" WIDTH="125" HEIGHT="75" STYLEREFS="font0"/><SP WIDTH="17" VPOS="602" HPOS="350"/><String ID="p542_w39" CONTENT="and" HPOS="367" VPOS="602" WIDTH="62" HEIGHT="75" STYLEREFS="font0"/><SP WIDTH="17" VPOS="602" HPOS="429"/><String ID="p542_w40" CONTENT="annual" HPOS="446" VPOS="602" WIDTH="113" HEIGHT="75" STYLEREFS="font0"/><SP WIDTH="10" VPOS="602" HPOS="559"/><String ID="p542_w41" CONTENT=".motions" HPOS="569" VPOS="602" WIDTH="145" HEIGHT="75" STYLEREFS="font0"/><SP WIDTH="29" VPOS="602" HPOS="714"/><String ID="p542_w42" CONTENT="of" HPOS="743" VPOS="602" WIDTH="39" HEIGHT="75" STYLEREFS="font0"/><SP WIDTH="19" VPOS="602" HPOS="782"/><String ID="p542_w43" CONTENT="the" HPOS="801" VPOS="602" WIDTH="56" HEIGHT="75" STYLEREFS="font0"/><SP WIDTH="25" VPOS="602" HPOS="857"/><String ID="p542_w44" CONTENT="earth," HPOS="882" VPOS="602" WIDTH="104" HEIGHT="75" STYLEREFS="font0"/><SP WIDTH="25" VPOS="602" HPOS="986"/><String ID="p542_w45" CONTENT="together" HPOS="1011" VPOS="602" WIDTH="149" HEIGHT="75" STYLEREFS="font0"/><SP WIDTH="23" VPOS="602" HPOS="1160"/><String ID="p542_w46" CONTENT="with" HPOS="1183" VPOS="602" WIDTH="79" HEIGHT="75" STYLEREFS="font0"/></TextLine><TextLine WIDTH="1036" HEIGHT="75" ID="p542_t9" HPOS="226" VPOS="649"><String ID="p542_w47" CONTENT="the" HPOS="226" VPOS="649" WIDTH="56" HEIGHT="75" STYLEREFS="font0"/><SP WIDTH="27" VPOS="649" HPOS="282"/><String ID="p542_w48" CONTENT="different" HPOS="309" VPOS="649" WIDTH="150" HEIGHT="75" STYLEREFS="font0"/><SP WIDTH="24" VPOS="649" HPOS="459"/><String ID="p542_w49" CONTENT="lengths" HPOS="483" VPOS="649" WIDTH="128" HEIGHT="75" STYLEREFS="font0"/><SP WIDTH="28" VPOS="649" HPOS="611"/><String ID="p542_w50" CONTENT="of" HPOS="639" VPOS="649" WIDTH="40" HEIGHT="75" STYLEREFS="font0"/><SP WIDTH="24" VPOS="649" HPOS="679"/><String ID="p542_w51" CONTENT="days" HPOS="703" VPOS="649" WIDTH="78" HEIGHT="75" STYLEREFS="font0"/><SP WIDTH="26" VPOS="649" HPOS="781"/><String ID="p542_w52" CONTENT="and" HPOS="807" VPOS="649" WIDTH="63" HEIGHT="75" STYLEREFS="font0"/><SP WIDTH="27" VPOS="649" HPOS="870"/><String ID="p542_w53" CONTENT="nights," HPOS="897" VPOS="649" WIDTH="122" HEIGHT="75" STYLEREFS="font0"/><SP WIDTH="26" VPOS="649" HPOS="1019"/><String ID="p542_w54" CONTENT="and" HPOS="1045" VPOS="649" WIDTH="62" HEIGHT="75" STYLEREFS="font0"/><SP WIDTH="29" VPOS="649" HPOS="1107"/><String ID="p542_w55" CONTENT="all" HPOS="1136" VPOS="649" WIDTH="42" HEIGHT="75" STYLEREFS="font0"/><SP WIDTH="29" VPOS="649" HPOS="1178"/><String ID="p542_w56" CONTENT="the" HPOS="1207" VPOS="649" WIDTH="55" HEIGHT="75" STYLEREFS="font0"/></TextLine><TextLine WIDTH="1037" HEIGHT="75" ID="p542_t10" HPOS="224" VPOS="694"><String ID="p542_w57" CONTENT="beautiful" HPOS="224" VPOS="694" WIDTH="157" HEIGHT="75" STYLEREFS="font0"/><SP WIDTH="24" VPOS="694" HPOS="381"/><String ID="p542_w58" CONTENT="variety" HPOS="405" VPOS="694" WIDTH="124" HEIGHT="75" STYLEREFS="font0"/><SP WIDTH="25" VPOS="694" HPOS="529"/><String ID="p542_w59" CONTENT="of" HPOS="554" VPOS="694" WIDTH="40" HEIGHT="75" STYLEREFS="font0"/><SP WIDTH="26" VPOS="694" HPOS="594"/><String ID="p542_w60" CONTENT="feafons," HPOS="620" VPOS="694" WIDTH="136" HEIGHT="75" STYLEREFS="font0"/><SP WIDTH="41" VPOS="694" HPOS="756"/><String ID="p542_w61" CONTENT="depending" HPOS="797" VPOS="694" WIDTH="181" HEIGHT="75" STYLEREFS="font0"/><SP WIDTH="33" VPOS="694" HPOS="978"/><String ID="p542_w62" CONTENT="on" HPOS="1011" VPOS="694" WIDTH="42" HEIGHT="75" STYLEREFS="font0"/><SP WIDTH="26" VPOS="694" HPOS="1053"/><String ID="p542_w63" CONTENT="thofe" HPOS="1079" VPOS="694" WIDTH="88" HEIGHT="75" STYLEREFS="font0"/><SP WIDTH="25" VPOS="694" HPOS="1167"/><String ID="p542_w64" CONTENT="mo-" HPOS="1192" VPOS="694" WIDTH="69" HEIGHT="75" STYLEREFS="font0"/></TextLine><TextLine WIDTH="100" HEIGHT="75" ID="p542_t11" HPOS="225" VPOS="741"><String ID="p542_w65" CONTENT="tions." HPOS="225" VPOS="741" WIDTH="100" HEIGHT="75" STYLEREFS="font0"/></TextLine><TextLine WIDTH="990" HEIGHT="75" ID="p542_t12" HPOS="273" VPOS="788"><String ID="p542_w66" CONTENT="Take" HPOS="273" VPOS="788" WIDTH="94" HEIGHT="75" STYLEREFS="font0"/><SP WIDTH="18" VPOS="788" HPOS="367"/><String ID="p542_w67" CONTENT="about" HPOS="385" VPOS="788" WIDTH="97" HEIGHT="75" STYLEREFS="font0"/><SP WIDTH="21" VPOS="788" HPOS="482"/><String ID="p542_w68" CONTENT="feven" HPOS="503" VPOS="788" WIDTH="92" HEIGHT="75" STYLEREFS="font0"/><SP WIDTH="16" VPOS="788" HPOS="595"/><String ID="p542_w69" CONTENT="feet" HPOS="611" VPOS="788" WIDTH="67" HEIGHT="75" STYLEREFS="font0"/><SP WIDTH="17" VPOS="788" HPOS="678"/><String ID="p542_w70" CONTENT="of" HPOS="695" VPOS="788" WIDTH="40" HEIGHT="75" STYLEREFS="font0"/><SP WIDTH="20" VPOS="788" HPOS="735"/><String ID="p542_w71" CONTENT="ftrong" HPOS="755" VPOS="788" WIDTH="105" HEIGHT="75" STYLEREFS="font0"/><SP WIDTH="17" VPOS="788" HPOS="860"/><String ID="p542_w72" CONTENT="wire," HPOS="877" VPOS="788" WIDTH="89" HEIGHT="75" STYLEREFS="font0"/><SP WIDTH="26" VPOS="788" HPOS="966"/><String ID="p542_w73" CONTENT="and" HPOS="992" VPOS="788" WIDTH="63" HEIGHT="75" STYLEREFS="font0"/><SP WIDTH="18" VPOS="788" HPOS="1055"/><String ID="p542_w74" CONTENT="bend" HPOS="1073" VPOS="788" WIDTH="85" HEIGHT="75" STYLEREFS="font0"/><SP WIDTH="16" VPOS="788" HPOS="1158"/><String ID="p542_w75" CONTENT="it" HPOS="1174" VPOS="788" WIDTH="25" HEIGHT="75" STYLEREFS="font0"/><SP WIDTH="16" VPOS="788" HPOS="1199"/><String ID="p542_w76" CONTENT="in-" HPOS="1215" VPOS="788" WIDTH="48" HEIGHT="75" STYLEREFS="font0"/></TextLine><TextLine WIDTH="1037" HEIGHT="75" ID="p542_t13" HPOS="227" VPOS="835"><String ID="p542_w77" CONTENT="to" HPOS="227" VPOS="835" WIDTH="35" HEIGHT="75" STYLEREFS="font0"/><SP WIDTH="18" VPOS="835" HPOS="262"/><String ID="p542_w78" CONTENT="a" HPOS="280" VPOS="835" WIDTH="18" HEIGHT="75" STYLEREFS="font0"/><SP WIDTH="18" VPOS="835" HPOS="298"/><String ID="p542_w79" CONTENT="circular" HPOS="316" VPOS="835" WIDTH="136" HEIGHT="75" STYLEREFS="font0"/><SP WIDTH="12" VPOS="835" HPOS="452"/><String ID="p542_w80" CONTENT="form," HPOS="464" VPOS="835" WIDTH="97" HEIGHT="75" STYLEREFS="font0"/><SP WIDTH="27" VPOS="835" HPOS="561"/><String ID="p542_w81" CONTENT="as" HPOS="588" VPOS="835" WIDTH="33" HEIGHT="75" STYLEREFS="font0"/><SP WIDTH="14" VPOS="835" HPOS="621"/><String ID="p542_w82" CONTENT="abed," HPOS="635" VPOS="835" WIDTH="92" HEIGHT="75" STYLEREFS="font0"/><SP WIDTH="19" VPOS="835" HPOS="727"/><String ID="p542_w83" CONTENT="which" HPOS="746" VPOS="835" WIDTH="107" HEIGHT="75" STYLEREFS="font0"/><SP WIDTH="14" VPOS="835" HPOS="853"/><String ID="p542_w84" CONTENT="being" HPOS="867" VPOS="835" WIDTH="95" HEIGHT="75" STYLEREFS="font0"/><SP WIDTH="15" VPOS="835" HPOS="962"/><String ID="p542_w85" CONTENT="viewed" HPOS="977" VPOS="835" WIDTH="124" HEIGHT="75" STYLEREFS="font0"/><SP WIDTH="15" VPOS="835" HPOS="1101"/><String ID="p542_w86" CONTENT="oblique-" HPOS="1116" VPOS="835" WIDTH="148" HEIGHT="75" STYLEREFS="font0"/></TextLine><TextLine WIDTH="1038" HEIGHT="75" ID="p542_t14" HPOS="226" VPOS="881"><String ID="p542_w87" CONTENT="ly," HPOS="226" VPOS="881" WIDTH="47" HEIGHT="75" STYLEREFS="font0"/><SP WIDTH="19" VPOS="881" HPOS="273"/><String ID="p542_w88" CONTENT="appears" HPOS="292" VPOS="881" WIDTH="131" HEIGHT="75" STYLEREFS="font0"/><SP WIDTH="18" VPOS="881" HPOS="423"/><String ID="p542_w89" CONTENT="elliptical," HPOS="441" VPOS="881" WIDTH="166" HEIGHT="75" STYLEREFS="font0"/><SP WIDTH="14" VPOS="881" HPOS="607"/><String ID="p542_w90" CONTENT="Plate" HPOS="621" VPOS="881" WIDTH="93" HEIGHT="75" STYLEREFS="font0"/><SP WIDTH="12" VPOS="881" HPOS="714"/><String ID="p542_w91" CONTENT="XLI." HPOS="726" VPOS="881" WIDTH="100" HEIGHT="75" STYLEREFS="font0"/><SP WIDTH="19" VPOS="881" HPOS="826"/><String ID="p542_w92" CONTENT="fig." HPOS="845" VPOS="881" WIDTH="55" HEIGHT="75" STYLEREFS="font0"/><SP WIDTH="17" VPOS="881" HPOS="900"/><String ID="p542_w93" CONTENT="3." HPOS="917" VPOS="881" WIDTH="33" HEIGHT="75" STYLEREFS="font0"/><SP WIDTH="42" VPOS="881" HPOS="950"/><String ID="p542_w94" CONTENT="Place" HPOS="992" VPOS="881" WIDTH="96" HEIGHT="75" STYLEREFS="font0"/><SP WIDTH="17" VPOS="881" HPOS="1088"/><String ID="p542_w95" CONTENT="a" HPOS="1105" VPOS="881" WIDTH="19" HEIGHT="75" STYLEREFS="font0"/><SP WIDTH="15" VPOS="881" HPOS="1124"/><String ID="p542_w96" CONTENT="lighted" HPOS="1139" VPOS="881" WIDTH="125" HEIGHT="75" STYLEREFS="font0"/></TextLine><TextLine WIDTH="1037" HEIGHT="75" ID="p542_t15" HPOS="227" VPOS="929"><String ID="p542_w97" CONTENT="candle" HPOS="227" VPOS="929" WIDTH="112" HEIGHT="75" STYLEREFS="font0"/><SP WIDTH="23" VPOS="929" HPOS="339"/><String ID="p542_w98" CONTENT="on" HPOS="362" VPOS="929" WIDTH="42" HEIGHT="75" STYLEREFS="font0"/><SP WIDTH="17" VPOS="929" HPOS="404"/><String ID="p542_w99" CONTENT="a" HPOS="421" VPOS="929" WIDTH="18" HEIGHT="75" STYLEREFS="font0"/><SP WIDTH="17" VPOS="929" HPOS="439"/><String ID="p542_w100" CONTENT="table," HPOS="456" VPOS="929" WIDTH="98" HEIGHT="75" STYLEREFS="font0"/><SP WIDTH="26" VPOS="929" HPOS="554"/><String ID="p542_w101" CONTENT="arid" HPOS="580" VPOS="929" WIDTH="62" HEIGHT="75" STYLEREFS="font0"/><SP WIDTH="22" VPOS="929" HPOS="642"/><String ID="p542_w102" CONTENT="having" HPOS="664" VPOS="929" WIDTH="118" HEIGHT="75" STYLEREFS="font0"/><SP WIDTH="22" VPOS="929" HPOS="782"/><String ID="p542_w103" CONTENT="fixed" HPOS="804" VPOS="929" WIDTH="89" HEIGHT="75" STYLEREFS="font0"/><SP WIDTH="27" VPOS="929" HPOS="893"/><String ID="p542_w104" CONTENT="one" HPOS="920" VPOS="929" WIDTH="60" HEIGHT="75" STYLEREFS="font0"/><SP WIDTH="29" VPOS="929" HPOS="980"/><String ID="p542_w105" CONTENT="end" HPOS="1009" VPOS="929" WIDTH="62" HEIGHT="75" STYLEREFS="font0"/><SP WIDTH="27" VPOS="929" HPOS="1071"/><String ID="p542_w106" CONTENT="of" HPOS="1098" VPOS="929" WIDTH="43" HEIGHT="75" STYLEREFS="font0"/><SP WIDTH="21" VPOS="929" HPOS="1141"/><String ID="p542_w107" CONTENT="a" HPOS="1162" VPOS="929" WIDTH="18" HEIGHT="75" STYLEREFS="font0"/><SP WIDTH="26" VPOS="929" HPOS="1180"/><String ID="p542_w108" CONTENT="filk" HPOS="1206" VPOS="929" WIDTH="58" HEIGHT="75" STYLEREFS="font0"/></TextLine><TextLine WIDTH="1036" HEIGHT="75" ID="p542_t16" HPOS="226" VPOS="974"><String ID="p542_w109" CONTENT="thread" HPOS="226" VPOS="974" WIDTH="117" HEIGHT="75" STYLEREFS="font0"/><SP WIDTH="17" VPOS="974" HPOS="343"/><String ID="p542_w110" CONTENT="K," HPOS="360" VPOS="974" WIDTH="45" HEIGHT="75" STYLEREFS="font0"/><SP WIDTH="19" VPOS="974" HPOS="405"/><String ID="p542_w111" CONTENT="to" HPOS="424" VPOS="974" WIDTH="34" HEIGHT="75" STYLEREFS="font0"/><SP WIDTH="13" VPOS="974" HPOS="458"/><String ID="p542_w112" CONTENT="the" HPOS="471" VPOS="974" WIDTH="55" HEIGHT="75" STYLEREFS="font0"/><SP WIDTH="13" VPOS="974" HPOS="526"/><String ID="p542_w113" CONTENT="north" HPOS="539" VPOS="974" WIDTH="95" HEIGHT="75" STYLEREFS="font0"/><SP WIDTH="17" VPOS="974" HPOS="634"/><String ID="p542_w114" CONTENT="pole" HPOS="651" VPOS="974" WIDTH="74" HEIGHT="75" STYLEREFS="font0"/><SP WIDTH="11" VPOS="974" HPOS="725"/><String ID="p542_w115" CONTENT="of" HPOS="736" VPOS="974" WIDTH="40" HEIGHT="75" STYLEREFS="font0"/><SP WIDTH="12" VPOS="974" HPOS="776"/><String ID="p542_w116" CONTENT="a" HPOS="788" VPOS="974" WIDTH="18" HEIGHT="75" STYLEREFS="font0"/><SP WIDTH="12" VPOS="974" HPOS="806"/><String ID="p542_w117" CONTENT="fmall" HPOS="818" VPOS="974" WIDTH="88" HEIGHT="75" STYLEREFS="font0"/><SP WIDTH="12" VPOS="974" HPOS="906"/><String ID="p542_w118" CONTENT="terreftrial" HPOS="918" VPOS="974" WIDTH="170" HEIGHT="75" STYLEREFS="font0"/><SP WIDTH="14" VPOS="974" HPOS="1088"/><String ID="p542_w119" CONTENT="globe" HPOS="1102" VPOS="974" WIDTH="94" HEIGHT="75" STYLEREFS="font0"/><SP WIDTH="16" VPOS="974" HPOS="1196"/><String ID="p542_w120" CONTENT="H," HPOS="1212" VPOS="974" WIDTH="50" HEIGHT="75" STYLEREFS="font0"/></TextLine><TextLine WIDTH="1036" HEIGHT="75" ID="p542_t17" HPOS="228" VPOS="1021"><String ID="p542_w121" CONTENT="about" HPOS="228" VPOS="1021" WIDTH="99" HEIGHT="75" STYLEREFS="font0"/><SP WIDTH="24" VPOS="1021" HPOS="327"/><String ID="p542_w122" CONTENT="three" HPOS="351" VPOS="1021" WIDTH="93" HEIGHT="75" STYLEREFS="font0"/><SP WIDTH="28" VPOS="1021" HPOS="444"/><String ID="p542_w123" CONTENT="inches" HPOS="472" VPOS="1021" WIDTH="109" HEIGHT="75" STYLEREFS="font0"/><SP WIDTH="23" VPOS="1021" HPOS="581"/><String ID="p542_w124" CONTENT="diameter," HPOS="604" VPOS="1021" WIDTH="167" HEIGHT="75" STYLEREFS="font0"/><SP WIDTH="38" VPOS="1021" HPOS="771"/><String ID="p542_w125" CONTENT="caufe" HPOS="809" VPOS="1021" WIDTH="90" HEIGHT="75" STYLEREFS="font0"/><SP WIDTH="28" VPOS="1021" HPOS="899"/><String ID="p542_w126" CONTENT="another" HPOS="927" VPOS="1021" WIDTH="135" HEIGHT="75" STYLEREFS="font0"/><SP WIDTH="25" VPOS="1021" HPOS="1062"/><String ID="p542_w127" CONTENT="perfon" HPOS="1087" VPOS="1021" WIDTH="111" HEIGHT="75" STYLEREFS="font0"/><SP WIDTH="30" VPOS="1021" HPOS="1198"/><String ID="p542_w128" CONTENT="to" HPOS="1228" VPOS="1021" WIDTH="36" HEIGHT="75" STYLEREFS="font0"/></TextLine><TextLine WIDTH="1035" HEIGHT="75" ID="p542_t18" HPOS="229" VPOS="1067"><String ID="p542_w129" CONTENT="hold" HPOS="229" VPOS="1067" WIDTH="79" HEIGHT="75" STYLEREFS="font0"/><SP WIDTH="25" VPOS="1067" HPOS="308"/><String ID="p542_w130" CONTENT="the" HPOS="333" VPOS="1067" WIDTH="57" HEIGHT="75" STYLEREFS="font0"/><SP WIDTH="20" VPOS="1067" HPOS="390"/><String ID="p542_w131" CONTENT="wire" HPOS="410" VPOS="1067" WIDTH="76" HEIGHT="75" STYLEREFS="font0"/><SP WIDTH="17" VPOS="1067" HPOS="486"/><String ID="p542_w132" CONTENT="circle," HPOS="503" VPOS="1067" WIDTH="110" HEIGHT="75" STYLEREFS="font0"/><SP WIDTH="26" VPOS="1067" HPOS="613"/><String ID="p542_w133" CONTENT="fo" HPOS="639" VPOS="1067" WIDTH="33" HEIGHT="75" STYLEREFS="font0"/><SP WIDTH="25" VPOS="1067" HPOS="672"/><String ID="p542_w134" CONTENT="that" HPOS="697" VPOS="1067" WIDTH="71" HEIGHT="75" STYLEREFS="font0"/><SP WIDTH="15" VPOS="1067" HPOS="768"/><String ID="p542_w135" CONTENT="it" HPOS="783" VPOS="1067" WIDTH="28" HEIGHT="75" STYLEREFS="font0"/><SP WIDTH="17" VPOS="1067" HPOS="811"/><String ID="p542_w136" CONTENT="may" HPOS="828" VPOS="1067" WIDTH="73" HEIGHT="75" STYLEREFS="font0"/><SP WIDTH="26" VPOS="1067" HPOS="901"/><String ID="p542_w137" CONTENT="be" HPOS="927" VPOS="1067" WIDTH="40" HEIGHT="75" STYLEREFS="font0"/><SP WIDTH="20" VPOS="1067" HPOS="967"/><String ID="p542_w138" CONTENT="parallel" HPOS="987" VPOS="1067" WIDTH="132" HEIGHT="75" STYLEREFS="font0"/><SP WIDTH="27" VPOS="1067" HPOS="1119"/><String ID="p542_w139" CONTENT="to" HPOS="1146" VPOS="1067" WIDTH="35" HEIGHT="75" STYLEREFS="font0"/><SP WIDTH="27" VPOS="1067" HPOS="1181"/><String ID="p542_w140" CONTENT="the" HPOS="1208" VPOS="1067" WIDTH="56" HEIGHT="75" STYLEREFS="font0"/></TextLine><TextLine WIDTH="1038" HEIGHT="75" ID="p542_t19" HPOS="226" VPOS="1115"><String ID="p542_w141" CONTENT="table," HPOS="226" VPOS="1115" WIDTH="100" HEIGHT="75" STYLEREFS="font0"/><SP WIDTH="26" VPOS="1115" HPOS="326"/><String ID="p542_w142" CONTENT="and" HPOS="352" VPOS="1115" WIDTH="62" HEIGHT="75" STYLEREFS="font0"/><SP WIDTH="17" VPOS="1115" HPOS="414"/><String ID="p542_w143" CONTENT="as" HPOS="431" VPOS="1115" WIDTH="33" HEIGHT="75" STYLEREFS="font0"/><SP WIDTH="24" VPOS="1115" HPOS="464"/><String ID="p542_w144" CONTENT="high" HPOS="488" VPOS="1115" WIDTH="78" HEIGHT="75" STYLEREFS="font0"/><SP WIDTH="29" VPOS="1115" HPOS="566"/><String ID="p542_w145" CONTENT="as" HPOS="595" VPOS="1115" WIDTH="33" HEIGHT="75" STYLEREFS="font0"/><SP WIDTH="24" VPOS="1115" HPOS="628"/><String ID="p542_w146" CONTENT="the" HPOS="652" VPOS="1115" WIDTH="56" HEIGHT="75" STYLEREFS="font0"/><SP WIDTH="24" VPOS="1115" HPOS="708"/><String ID="p542_w147" CONTENT="flame" HPOS="732" VPOS="1115" WIDTH="92" HEIGHT="75" STYLEREFS="font0"/><SP WIDTH="17" VPOS="1115" HPOS="824"/><String ID="p542_w148" CONTENT="of" HPOS="841" VPOS="1115" WIDTH="40" HEIGHT="75" STYLEREFS="font0"/><SP WIDTH="19" VPOS="1115" HPOS="881"/><String ID="p542_w149" CONTENT="the" HPOS="900" VPOS="1115" WIDTH="55" HEIGHT="75" STYLEREFS="font0"/><SP WIDTH="17" VPOS="1115" HPOS="955"/><String ID="p542_w150" CONTENT="candle" HPOS="972" VPOS="1115" WIDTH="111" HEIGHT="75" STYLEREFS="font0"/><SP WIDTH="19" VPOS="1115" HPOS="1083"/><String ID="p542_w151" CONTENT="/," HPOS="1102" VPOS="1115" WIDTH="29" HEIGHT="75" STYLEREFS="font0"/><SP WIDTH="26" VPOS="1115" HPOS="1131"/><String ID="p542_w152" CONTENT="which" HPOS="1157" VPOS="1115" WIDTH="107" HEIGHT="75" STYLEREFS="font0"/></TextLine><TextLine WIDTH="1038" HEIGHT="75" ID="p542_t20" HPOS="226" VPOS="1160"><String ID="p542_w153" CONTENT="fliould" HPOS="226" VPOS="1160" WIDTH="111" HEIGHT="75" STYLEREFS="font0"/><SP WIDTH="12" VPOS="1160" HPOS="337"/><String ID="p542_w154" CONTENT="be" HPOS="349" VPOS="1160" WIDTH="39" HEIGHT="75" STYLEREFS="font0"/><SP WIDTH="17" VPOS="1160" HPOS="388"/><String ID="p542_w155" CONTENT="in" HPOS="405" VPOS="1160" WIDTH="32" HEIGHT="75" STYLEREFS="font0"/><SP WIDTH="17" VPOS="1160" HPOS="437"/><String ID="p542_w156" CONTENT="or" HPOS="454" VPOS="1160" WIDTH="38" HEIGHT="75" STYLEREFS="font0"/><SP WIDTH="17" VPOS="1160" HPOS="492"/><String ID="p542_w157" CONTENT="near" HPOS="509" VPOS="1160" WIDTH="75" HEIGHT="75" STYLEREFS="font0"/><SP WIDTH="16" VPOS="1160" HPOS="584"/><String ID="p542_w158" CONTENT="the" HPOS="600" VPOS="1160" WIDTH="55" HEIGHT="75" STYLEREFS="font0"/><SP WIDTH="14" VPOS="1160" HPOS="655"/><String ID="p542_w159" CONTENT="centre." HPOS="669" VPOS="1160" WIDTH="121" HEIGHT="75" STYLEREFS="font0"/><SP WIDTH="24" VPOS="1160" HPOS="790"/><String ID="p542_w160" CONTENT="Then," HPOS="814" VPOS="1160" WIDTH="112" HEIGHT="75" STYLEREFS="font0"/><SP WIDTH="17" VPOS="1160" HPOS="926"/><String ID="p542_w161" CONTENT="having" HPOS="943" VPOS="1160" WIDTH="117" HEIGHT="75" STYLEREFS="font0"/><SP WIDTH="12" VPOS="1160" HPOS="1060"/><String ID="p542_w162" CONTENT="twilled" HPOS="1072" VPOS="1160" WIDTH="124" HEIGHT="75" STYLEREFS="font0"/><SP WIDTH="12" VPOS="1160" HPOS="1196"/><String ID="p542_w163" CONTENT="the" HPOS="1208" VPOS="1160" WIDTH="56" HEIGHT="75" STYLEREFS="font0"/></TextLine><TextLine WIDTH="1036" HEIGHT="75" ID="p542_t21" HPOS="229" VPOS="1205"><String ID="p542_w164" CONTENT="thread" HPOS="229" VPOS="1205" WIDTH="116" HEIGHT="75" STYLEREFS="font0"/><SP WIDTH="16" VPOS="1205" HPOS="345"/><String ID="p542_w165" CONTENT="as" HPOS="361" VPOS="1205" WIDTH="35" HEIGHT="75" STYLEREFS="font0"/><SP WIDTH="15" VPOS="1205" HPOS="396"/><String ID="p542_w166" CONTENT="towards" HPOS="411" VPOS="1205" WIDTH="141" HEIGHT="75" STYLEREFS="font0"/><SP WIDTH="30" VPOS="1205" HPOS="552"/><String ID="p542_w167" CONTENT="the" HPOS="582" VPOS="1205" WIDTH="56" HEIGHT="75" STYLEREFS="font0"/><SP WIDTH="27" VPOS="1205" HPOS="638"/><String ID="p542_w168" CONTENT="lef«r&gt;diS.nd," HPOS="665" VPOS="1205" WIDTH="184" HEIGHT="75" STYLEREFS="font0"/><SP WIDTH="26" VPOS="1205" HPOS="849"/><String ID="p542_w169" CONTENT="that" HPOS="875" VPOS="1205" WIDTH="71" HEIGHT="75" STYLEREFS="font0"/><SP WIDTH="27" VPOS="1205" HPOS="946"/><String ID="p542_w170" CONTENT="by" HPOS="973" VPOS="1205" WIDTH="43" HEIGHT="75" STYLEREFS="font0"/><SP WIDTH="18" VPOS="1205" HPOS="1016"/><String ID="p542_w171" CONTENT="untwiiling" HPOS="1034" VPOS="1205" WIDTH="180" HEIGHT="75" STYLEREFS="font0"/><SP WIDTH="25" VPOS="1205" HPOS="1214"/><String ID="p542_w172" CONTENT="it" HPOS="1239" VPOS="1205" WIDTH="26" HEIGHT="75" STYLEREFS="font0"/></TextLine><TextLine WIDTH="1038" HEIGHT="75" ID="p542_t22" HPOS="226" VPOS="1254"><String ID="p542_w173" CONTENT="may" HPOS="226" VPOS="1254" WIDTH="75" HEIGHT="75" STYLEREFS="font0"/><SP WIDTH="16" VPOS="1254" HPOS="301"/><String ID="p542_w174" CONTENT="turn" HPOS="317" VPOS="1254" WIDTH="73" HEIGHT="75" STYLEREFS="font0"/><SP WIDTH="18" VPOS="1254" HPOS="390"/><String ID="p542_w175" CONTENT="the" HPOS="408" VPOS="1254" WIDTH="55" HEIGHT="75" STYLEREFS="font0"/><SP WIDTH="25" VPOS="1254" HPOS="463"/><String ID="p542_w176" CONTENT="globe" HPOS="488" VPOS="1254" WIDTH="95" HEIGHT="75" STYLEREFS="font0"/><SP WIDTH="17" VPOS="1254" HPOS="583"/><String ID="p542_w177" CONTENT="round" HPOS="600" VPOS="1254" WIDTH="102" HEIGHT="75" STYLEREFS="font0"/><SP WIDTH="17" VPOS="1254" HPOS="702"/><String ID="p542_w178" CONTENT="eaftward," HPOS="719" VPOS="1254" WIDTH="166" HEIGHT="75" STYLEREFS="font0"/><SP WIDTH="25" VPOS="1254" HPOS="885"/><String ID="p542_w179" CONTENT="or" HPOS="910" VPOS="1254" WIDTH="38" HEIGHT="75" STYLEREFS="font0"/><SP WIDTH="28" VPOS="1254" HPOS="948"/><String ID="p542_w180" CONTENT="contrary" HPOS="976" VPOS="1254" WIDTH="150" HEIGHT="75" STYLEREFS="font0"/><SP WIDTH="24" VPOS="1254" HPOS="1126"/><String ID="p542_w181" CONTENT="to" HPOS="1150" VPOS="1254" WIDTH="36" HEIGHT="75" STYLEREFS="font0"/><SP WIDTH="24" VPOS="1254" HPOS="1186"/><String ID="p542_w182" CONTENT="the" HPOS="1210" VPOS="1254" WIDTH="54" HEIGHT="75" STYLEREFS="font0"/></TextLine><TextLine WIDTH="1039" HEIGHT="75" ID="p542_t23" HPOS="225" VPOS="1297"><String ID="p542_w183" CONTENT="way" HPOS="225" VPOS="1297" WIDTH="74" HEIGHT="75" STYLEREFS="font0"/><SP WIDTH="17" VPOS="1297" HPOS="299"/><String ID="p542_w184" CONTENT="that" HPOS="316" VPOS="1297" WIDTH="71" HEIGHT="75" STYLEREFS="font0"/><SP WIDTH="22" VPOS="1297" HPOS="387"/><String ID="p542_w185" CONTENT="the" HPOS="409" VPOS="1297" WIDTH="57" HEIGHT="75" STYLEREFS="font0"/><SP WIDTH="16" VPOS="1297" HPOS="466"/><String ID="p542_w186" CONTENT="hands" HPOS="482" VPOS="1297" WIDTH="101" HEIGHT="75" STYLEREFS="font0"/><SP WIDTH="25" VPOS="1297" HPOS="583"/><String ID="p542_w187" CONTENT="of" HPOS="608" VPOS="1297" WIDTH="40" HEIGHT="75" STYLEREFS="font0"/><SP WIDTH="13" VPOS="1297" HPOS="648"/><String ID="p542_w188" CONTENT="a" HPOS="661" VPOS="1297" WIDTH="18" HEIGHT="75" STYLEREFS="font0"/><SP WIDTH="27" VPOS="1297" HPOS="679"/><String ID="p542_w189" CONTENT="watch" HPOS="706" VPOS="1297" WIDTH="105" HEIGHT="75" STYLEREFS="font0"/><SP WIDTH="26" VPOS="1297" HPOS="811"/><String ID="p542_w190" CONTENT="move;" HPOS="837" VPOS="1297" WIDTH="116" HEIGHT="75" STYLEREFS="font0"/><SP WIDTH="27" VPOS="1297" HPOS="953"/><String ID="p542_w191" CONTENT="hang" HPOS="980" VPOS="1297" WIDTH="85" HEIGHT="75" STYLEREFS="font0"/><SP WIDTH="24" VPOS="1297" HPOS="1065"/><String ID="p542_w192" CONTENT="the" HPOS="1089" VPOS="1297" WIDTH="56" HEIGHT="75" STYLEREFS="font0"/><SP WIDTH="25" VPOS="1297" HPOS="1145"/><String ID="p542_w193" CONTENT="globe" HPOS="1170" VPOS="1297" WIDTH="94" HEIGHT="75" STYLEREFS="font0"/></TextLine><TextLine WIDTH="1034" HEIGHT="75" ID="p542_t24" HPOS="228" VPOS="1348"><String ID="p542_w194" CONTENT="by" HPOS="228" VPOS="1348" WIDTH="44" HEIGHT="75" STYLEREFS="font0"/><SP WIDTH="16" VPOS="1348" HPOS="272"/><String ID="p542_w195" CONTENT="the" HPOS="288" VPOS="1348" WIDTH="56" HEIGHT="75" STYLEREFS="font0"/><SP WIDTH="16" VPOS="1348" HPOS="344"/><String ID="p542_w196" CONTENT="thread" HPOS="360" VPOS="1348" WIDTH="116" HEIGHT="75" STYLEREFS="font0"/><SP WIDTH="15" VPOS="1348" HPOS="476"/><String ID="p542_w197" CONTENT="within" HPOS="491" VPOS="1348" WIDTH="113" HEIGHT="75" STYLEREFS="font0"/><SP WIDTH="17" VPOS="1348" HPOS="604"/><String ID="p542_w198" CONTENT="this" HPOS="621" VPOS="1348" WIDTH="64" HEIGHT="75" STYLEREFS="font0"/><SP WIDTH="18" VPOS="1348" HPOS="685"/><String ID="p542_w199" CONTENT="circle," HPOS="703" VPOS="1348" WIDTH="110" HEIGHT="75" STYLEREFS="font0"/><SP WIDTH="18" VPOS="1348" HPOS="813"/><String ID="p542_w200" CONTENT="almoft,contiguous" HPOS="831" VPOS="1348" WIDTH="316" HEIGHT="75" STYLEREFS="font0"/><SP WIDTH="17" VPOS="1348" HPOS="1147"/><String ID="p542_w201" CONTENT="to" HPOS="1164" VPOS="1348" WIDTH="36" HEIGHT="75" STYLEREFS="font0"/><SP WIDTH="16" VPOS="1348" HPOS="1200"/><String ID="p542_w202" CONTENT="it;" HPOS="1216" VPOS="1348" WIDTH="46" HEIGHT="75" STYLEREFS="font0"/></TextLine><TextLine WIDTH="1034" HEIGHT="75" ID="p542_t25" HPOS="228" VPOS="1394"><String ID="p542_w203" CONTENT="and" HPOS="228" VPOS="1394" WIDTH="64" HEIGHT="75" STYLEREFS="font0"/><SP WIDTH="17" VPOS="1394" HPOS="292"/><String ID="p542_w204" CONTENT="as" HPOS="309" VPOS="1394" WIDTH="33" HEIGHT="75" STYLEREFS="font0"/><SP WIDTH="24" VPOS="1394" HPOS="342"/><String ID="p542_w205" CONTENT="the" HPOS="366" VPOS="1394" WIDTH="55" HEIGHT="75" STYLEREFS="font0"/><SP WIDTH="17" VPOS="1394" HPOS="421"/><String ID="p542_w206" CONTENT="thr£*d'" HPOS="438" VPOS="1394" WIDTH="127" HEIGHT="75" STYLEREFS="font0"/><String ID="p542_w207" CONTENT="untwills," HPOS="565" VPOS="1394" WIDTH="158" HEIGHT="75" STYLEREFS="font0"/><SP WIDTH="26" VPOS="1394" HPOS="723"/><String ID="p542_w208" CONTENT="the" HPOS="749" VPOS="1394" WIDTH="55" HEIGHT="75" STYLEREFS="font0"/><SP WIDTH="16" VPOS="1394" HPOS="804"/><String ID="p542_w209" CONTENT="globe" HPOS="820" VPOS="1394" WIDTH="96" HEIGHT="75" STYLEREFS="font0"/><SP WIDTH="19" VPOS="1394" HPOS="916"/><String ID="p542_w210" CONTENT="(which" HPOS="935" VPOS="1394" WIDTH="120" HEIGHT="75" STYLEREFS="font0"/><SP WIDTH="18" VPOS="1394" HPOS="1055"/><String ID="p542_w211" CONTENT="is" HPOS="1073" VPOS="1394" WIDTH="25" HEIGHT="75" STYLEREFS="font0"/><SP WIDTH="27" VPOS="1394" HPOS="1098"/><String ID="p542_w212" CONTENT="enlight-" HPOS="1125" VPOS="1394" WIDTH="137" HEIGHT="75" STYLEREFS="font0"/></TextLine><TextLine WIDTH="1033" HEIGHT="75" ID="p542_t26" HPOS="228" VPOS="1441"><String ID="p542_w213" CONTENT="ened" HPOS="228" VPOS="1441" WIDTH="80" HEIGHT="75" STYLEREFS="font0"/><SP WIDTH="17" VPOS="1441" HPOS="308"/><String ID="p542_w214" CONTENT="half" HPOS="325" VPOS="1441" WIDTH="74" HEIGHT="75" STYLEREFS="font0"/><SP WIDTH="11" VPOS="1441" HPOS="399"/><String ID="p542_w215" CONTENT="round" HPOS="410" VPOS="1441" WIDTH="102" HEIGHT="75" STYLEREFS="font0"/><SP WIDTH="16" VPOS="1441" HPOS="512"/><String ID="p542_w216" CONTENT="by" HPOS="528" VPOS="1441" WIDTH="43" HEIGHT="75" STYLEREFS="font0"/><SP WIDTH="12" VPOS="1441" HPOS="571"/><String ID="p542_w217" CONTENT="the" HPOS="583" VPOS="1441" WIDTH="54" HEIGHT="75" STYLEREFS="font0"/><SP WIDTH="18" VPOS="1441" HPOS="637"/><String ID="p542_w218" CONTENT="candle" HPOS="655" VPOS="1441" WIDTH="111" HEIGHT="75" STYLEREFS="font0"/><SP WIDTH="17" VPOS="1441" HPOS="766"/><String ID="p542_w219" CONTENT="as" HPOS="783" VPOS="1441" WIDTH="34" HEIGHT="75" STYLEREFS="font0"/><SP WIDTH="18" VPOS="1441" HPOS="817"/><String ID="p542_w220" CONTENT="the" HPOS="835" VPOS="1441" WIDTH="55" HEIGHT="75" STYLEREFS="font0"/><SP WIDTH="18" VPOS="1441" HPOS="890"/><String ID="p542_w221" CONTENT="earth" HPOS="908" VPOS="1441" WIDTH="90" HEIGHT="75" STYLEREFS="font0"/><SP WIDTH="17" VPOS="1441" HPOS="998"/><String ID="p542_w222" CONTENT="is" HPOS="1015" VPOS="1441" WIDTH="26" HEIGHT="75" STYLEREFS="font0"/><SP WIDTH="18" VPOS="1441" HPOS="1041"/><String ID="p542_w223" CONTENT="by" HPOS="1059" VPOS="1441" WIDTH="42" HEIGHT="75" STYLEREFS="font0"/><SP WIDTH="17" VPOS="1441" HPOS="1101"/><String ID="p542_w224" CONTENT="the" HPOS="1118" VPOS="1441" WIDTH="54" HEIGHT="75" STYLEREFS="font0"/><SP WIDTH="17" VPOS="1441" HPOS="1172"/><String ID="p542_w225" CONTENT="fun)" HPOS="1189" VPOS="1441" WIDTH="72" HEIGHT="75" STYLEREFS="font0"/></TextLine><TextLine WIDTH="1038" HEIGHT="75" ID="p542_t27" HPOS="227" VPOS="1487"><String ID="p542_w226" CONTENT="will" HPOS="227" VPOS="1487" WIDTH="68" HEIGHT="75" STYLEREFS="font0"/><SP WIDTH="23" VPOS="1487" HPOS="295"/><String ID="p542_w227" CONTENT="turn" HPOS="318" VPOS="1487" WIDTH="73" HEIGHT="75" STYLEREFS="font0"/><SP WIDTH="19" VPOS="1487" HPOS="391"/><String ID="p542_w228" CONTENT="round" HPOS="410" VPOS="1487" WIDTH="103" HEIGHT="75" STYLEREFS="font0"/><SP WIDTH="16" VPOS="1487" HPOS="513"/><String ID="p542_w229" CONTENT="its" HPOS="529" VPOS="1487" WIDTH="41" HEIGHT="75" STYLEREFS="font0"/><SP WIDTH="19" VPOS="1487" HPOS="570"/><String ID="p542_w230" CONTENT="axis," HPOS="589" VPOS="1487" WIDTH="83" HEIGHT="75" STYLEREFS="font0"/><SP WIDTH="26" VPOS="1487" HPOS="672"/><String ID="p542_w231" CONTENT="and" HPOS="698" VPOS="1487" WIDTH="64" HEIGHT="75" STYLEREFS="font0"/><SP WIDTH="16" VPOS="1487" HPOS="762"/><String ID="p542_w232" CONTENT="the" HPOS="778" VPOS="1487" WIDTH="54" HEIGHT="75" STYLEREFS="font0"/><SP WIDTH="17" VPOS="1487" HPOS="832"/><String ID="p542_w233" CONTENT="different" HPOS="849" VPOS="1487" WIDTH="149" HEIGHT="75" STYLEREFS="font0"/><SP WIDTH="17" VPOS="1487" HPOS="998"/><String ID="p542_w234" CONTENT="places" HPOS="1015" VPOS="1487" WIDTH="106" HEIGHT="75" STYLEREFS="font0"/><SP WIDTH="17" VPOS="1487" HPOS="1121"/><String ID="p542_w235" CONTENT="upon" HPOS="1138" VPOS="1487" WIDTH="84" HEIGHT="75" STYLEREFS="font0"/><SP WIDTH="18" VPOS="1487" HPOS="1222"/><String ID="p542_w236" CONTENT="it" HPOS="1240" VPOS="1487" WIDTH="25" HEIGHT="75" STYLEREFS="font0"/></TextLine><TextLine WIDTH="1037" HEIGHT="75" ID="p542_t28" HPOS="227" VPOS="1533"><String ID="p542_w237" CONTENT="will" HPOS="227" VPOS="1533" WIDTH="70" HEIGHT="75" STYLEREFS="font0"/><SP WIDTH="17" VPOS="1533" HPOS="297"/><String ID="p542_w238" CONTENT="be" HPOS="314" VPOS="1533" WIDTH="39" HEIGHT="75" STYLEREFS="font0"/><SP WIDTH="18" VPOS="1533" HPOS="353"/><String ID="p542_w239" CONTENT="carried" HPOS="371" VPOS="1533" WIDTH="123" HEIGHT="75" STYLEREFS="font0"/><SP WIDTH="28" VPOS="1533" HPOS="494"/><String ID="p542_w240" CONTENT="through" HPOS="522" VPOS="1533" WIDTH="140" HEIGHT="75" STYLEREFS="font0"/><SP WIDTH="18" VPOS="1533" HPOS="662"/><String ID="p542_w241" CONTENT="the" HPOS="680" VPOS="1533" WIDTH="56" HEIGHT="75" STYLEREFS="font0"/><SP WIDTH="26" VPOS="1533" HPOS="736"/><String ID="p542_w242" CONTENT="light" HPOS="762" VPOS="1533" WIDTH="84" HEIGHT="75" STYLEREFS="font0"/><SP WIDTH="16" VPOS="1533" HPOS="846"/><String ID="p542_w243" CONTENT="and" HPOS="862" VPOS="1533" WIDTH="62" HEIGHT="75" STYLEREFS="font0"/><SP WIDTH="17" VPOS="1533" HPOS="924"/><String ID="p542_w244" CONTENT="dark" HPOS="941" VPOS="1533" WIDTH="81" HEIGHT="75" STYLEREFS="font0"/><SP WIDTH="14" VPOS="1533" HPOS="1022"/><String ID="p542_w245" CONTENT="hemifpheres," HPOS="1036" VPOS="1533" WIDTH="228" HEIGHT="75" STYLEREFS="font0"/></TextLine><TextLine WIDTH="1037" HEIGHT="75" ID="p542_t29" HPOS="228" VPOS="1580"><String ID="p542_w246" CONTENT="and" HPOS="228" VPOS="1580" WIDTH="62" HEIGHT="75" STYLEREFS="font0"/><SP WIDTH="17" VPOS="1580" HPOS="290"/><String ID="p542_w247" CONTENT="have" HPOS="307" VPOS="1580" WIDTH="81" HEIGHT="75" STYLEREFS="font0"/><SP WIDTH="17" VPOS="1580" HPOS="388"/><String ID="p542_w248" CONTENT="the" HPOS="405" VPOS="1580" WIDTH="54" HEIGHT="75" STYLEREFS="font0"/><SP WIDTH="17" VPOS="1580" HPOS="459"/><String ID="p542_w249" CONTENT="appearance" HPOS="476" VPOS="1580" WIDTH="193" HEIGHT="75" STYLEREFS="font0"/><SP WIDTH="27" VPOS="1580" HPOS="669"/><String ID="p542_w250" CONTENT="of" HPOS="696" VPOS="1580" WIDTH="39" HEIGHT="75" STYLEREFS="font0"/><SP WIDTH="24" VPOS="1580" HPOS="735"/><String ID="p542_w251" CONTENT="a" HPOS="759" VPOS="1580" WIDTH="19" HEIGHT="75" STYLEREFS="font0"/><SP WIDTH="22" VPOS="1580" HPOS="778"/><String ID="p542_w252" CONTENT="regular" HPOS="800" VPOS="1580" WIDTH="128" HEIGHT="75" STYLEREFS="font0"/><SP WIDTH="21" VPOS="1580" HPOS="928"/><String ID="p542_w253" CONTENT="fucceflion" HPOS="949" VPOS="1580" WIDTH="165" HEIGHT="75" STYLEREFS="font0"/><SP WIDTH="16" VPOS="1580" HPOS="1114"/><String ID="p542_w254" CONTENT="of" HPOS="1130" VPOS="1580" WIDTH="39" HEIGHT="75" STYLEREFS="font0"/><SP WIDTH="16" VPOS="1580" HPOS="1169"/><String ID="p542_w255" CONTENT="days" HPOS="1185" VPOS="1580" WIDTH="80" HEIGHT="75" STYLEREFS="font0"/></TextLine><TextLine WIDTH="1036" HEIGHT="75" ID="p542_t30" HPOS="228" VPOS="1627"><String ID="p542_w256" CONTENT="and" HPOS="228" VPOS="1627" WIDTH="63" HEIGHT="75" STYLEREFS="font0"/><SP WIDTH="16" VPOS="1627" HPOS="291"/><String ID="p542_w257" CONTENT="nights," HPOS="307" VPOS="1627" WIDTH="121" HEIGHT="75" STYLEREFS="font0"/><SP WIDTH="26" VPOS="1627" HPOS="428"/><String ID="p542_w258" CONTENT="as" HPOS="454" VPOS="1627" WIDTH="33" HEIGHT="75" STYLEREFS="font0"/><SP WIDTH="17" VPOS="1627" HPOS="487"/><String ID="p542_w259" CONTENT="our" HPOS="504" VPOS="1627" WIDTH="60" HEIGHT="75" STYLEREFS="font0"/><SP WIDTH="16" VPOS="1627" HPOS="564"/><String ID="p542_w260" CONTENT="earth" HPOS="580" VPOS="1627" WIDTH="91" HEIGHT="75" STYLEREFS="font0"/><SP WIDTH="16" VPOS="1627" HPOS="671"/><String ID="p542_w261" CONTENT="has" HPOS="687" VPOS="1627" WIDTH="57" HEIGHT="75" STYLEREFS="font0"/><SP WIDTH="18" VPOS="1627" HPOS="744"/><String ID="p542_w262" CONTENT="in" HPOS="762" VPOS="1627" WIDTH="32" HEIGHT="75" STYLEREFS="font0"/><SP WIDTH="17" VPOS="1627" HPOS="794"/><String ID="p542_w263" CONTENT="reality" HPOS="811" VPOS="1627" WIDTH="115" HEIGHT="75" STYLEREFS="font0"/><SP WIDTH="15" VPOS="1627" HPOS="926"/><String ID="p542_w264" CONTENT="by" HPOS="941" VPOS="1627" WIDTH="44" HEIGHT="75" STYLEREFS="font0"/><SP WIDTH="16" VPOS="1627" HPOS="985"/><String ID="p542_w265" CONTENT="fuch" HPOS="1001" VPOS="1627" WIDTH="76" HEIGHT="75" STYLEREFS="font0"/><SP WIDTH="18" VPOS="1627" HPOS="1077"/><String ID="p542_w266" CONTENT="a" HPOS="1095" VPOS="1627" WIDTH="18" HEIGHT="75" STYLEREFS="font0"/><SP WIDTH="16" VPOS="1627" HPOS="1113"/><String ID="p542_w267" CONTENT="motion." HPOS="1129" VPOS="1627" WIDTH="135" HEIGHT="75" STYLEREFS="font0"/></TextLine><TextLine WIDTH="1037" HEIGHT="75" ID="p542_t31" HPOS="227" VPOS="1675"><String ID="p542_w268" CONTENT=".As" HPOS="227" VPOS="1675" WIDTH="51" HEIGHT="75" STYLEREFS="font0"/><SP WIDTH="18" VPOS="1675" HPOS="278"/><String ID="p542_w269" CONTENT="the'" HPOS="296" VPOS="1675" WIDTH="64" HEIGHT="75" STYLEREFS="font0"/><String ID="p542_w270" CONTENT="globe" HPOS="360" VPOS="1675" WIDTH="101" HEIGHT="75" STYLEREFS="font0"/><SP WIDTH="26" VPOS="1675" HPOS="461"/><String ID="p542_w271" CONTENT="turns," HPOS="487" VPOS="1675" WIDTH="101" HEIGHT="75" STYLEREFS="font0"/><SP WIDTH="28" VPOS="1675" HPOS="588"/><String ID="p542_w272" CONTENT="move" HPOS="616" VPOS="1675" WIDTH="92" HEIGHT="75" STYLEREFS="font0"/><SP WIDTH="28" VPOS="1675" HPOS="708"/><String ID="p542_w273" CONTENT="your" HPOS="736" VPOS="1675" WIDTH="82" HEIGHT="75" STYLEREFS="font0"/><SP WIDTH="27" VPOS="1675" HPOS="818"/><String ID="p542_w274" CONTENT="hand" HPOS="845" VPOS="1675" WIDTH="87" HEIGHT="75" STYLEREFS="font0"/><SP WIDTH="27" VPOS="1675" HPOS="932"/><String ID="p542_w275" CONTENT="(lowly," HPOS="959" VPOS="1675" WIDTH="121" HEIGHT="75" STYLEREFS="font0"/><SP WIDTH="27" VPOS="1675" HPOS="1080"/><String ID="p542_w276" CONTENT="fo" HPOS="1107" VPOS="1675" WIDTH="33" HEIGHT="75" STYLEREFS="font0"/><SP WIDTH="28" VPOS="1675" HPOS="1140"/><String ID="p542_w277" CONTENT="as" HPOS="1168" VPOS="1675" WIDTH="33" HEIGHT="75" STYLEREFS="font0"/><SP WIDTH="28" VPOS="1675" HPOS="1201"/><String ID="p542_w278" CONTENT="to" HPOS="1229" VPOS="1675" WIDTH="35" HEIGHT="75" STYLEREFS="font0"/></TextLine><TextLine WIDTH="1037" HEIGHT="75" ID="p542_t32" HPOS="229" VPOS="1720"><String ID="p542_w279" CONTENT="carry" HPOS="229" VPOS="1720" WIDTH="94" HEIGHT="75" STYLEREFS="font0"/><SP WIDTH="16" VPOS="1720" HPOS="323"/><String ID="p542_w280" CONTENT="the" HPOS="339" VPOS="1720" WIDTH="55" HEIGHT="75" STYLEREFS="font0"/><SP WIDTH="17" VPOS="1720" HPOS="394"/><String ID="p542_w281" CONTENT="globe" HPOS="411" VPOS="1720" WIDTH="95" HEIGHT="75" STYLEREFS="font0"/><SP WIDTH="21" VPOS="1720" HPOS="506"/><String ID="p542_w282" CONTENT="round" HPOS="527" VPOS="1720" WIDTH="100" HEIGHT="75" STYLEREFS="font0"/><SP WIDTH="17" VPOS="1720" HPOS="627"/><String ID="p542_w283" CONTENT="the" HPOS="644" VPOS="1720" WIDTH="56" HEIGHT="75" STYLEREFS="font0"/><SP WIDTH="16" VPOS="1720" HPOS="700"/><String ID="p542_w284" CONTENT="candle" HPOS="716" VPOS="1720" WIDTH="112" HEIGHT="75" STYLEREFS="font0"/><SP WIDTH="16" VPOS="1720" HPOS="828"/><String ID="p542_w285" CONTENT="according" HPOS="844" VPOS="1720" WIDTH="171" HEIGHT="75" STYLEREFS="font0"/><SP WIDTH="23" VPOS="1720" HPOS="1015"/><String ID="p542_w286" CONTENT="to" HPOS="1038" VPOS="1720" WIDTH="35" HEIGHT="75" STYLEREFS="font0"/><SP WIDTH="25" VPOS="1720" HPOS="1073"/><String ID="p542_w287" CONTENT="the" HPOS="1098" VPOS="1720" WIDTH="55" HEIGHT="75" STYLEREFS="font0"/><SP WIDTH="17" VPOS="1720" HPOS="1153"/><String ID="p542_w288" CONTENT="order" HPOS="1170" VPOS="1720" WIDTH="96" HEIGHT="75" STYLEREFS="font0"/></TextLine><TextLine WIDTH="1036" HEIGHT="75" ID="p542_t33" HPOS="230" VPOS="1766"><String ID="p542_w289" CONTENT="of" HPOS="230" VPOS="1766" WIDTH="41" HEIGHT="75" STYLEREFS="font0"/><SP WIDTH="21" VPOS="1766" HPOS="271"/><String ID="p542_w290" CONTENT="the" HPOS="292" VPOS="1766" WIDTH="57" HEIGHT="75" STYLEREFS="font0"/><SP WIDTH="24" VPOS="1766" HPOS="349"/><String ID="p542_w291" CONTENT="letters" HPOS="373" VPOS="1766" WIDTH="111" HEIGHT="75" STYLEREFS="font0"/><SP WIDTH="26" VPOS="1766" HPOS="484"/><String ID="p542_w292" CONTENT="abed," HPOS="510" VPOS="1766" WIDTH="94" HEIGHT="75" STYLEREFS="font0"/><SP WIDTH="34" VPOS="1766" HPOS="604"/><String ID="p542_w293" CONTENT="keeping" HPOS="638" VPOS="1766" WIDTH="135" HEIGHT="75" STYLEREFS="font0"/><SP WIDTH="25" VPOS="1766" HPOS="773"/><String ID="p542_w294" CONTENT="its" HPOS="798" VPOS="1766" WIDTH="41" HEIGHT="75" STYLEREFS="font0"/><SP WIDTH="24" VPOS="1766" HPOS="839"/><String ID="p542_w295" CONTENT="centre" HPOS="863" VPOS="1766" WIDTH="108" HEIGHT="75" STYLEREFS="font0"/><SP WIDTH="28" VPOS="1766" HPOS="971"/><String ID="p542_w296" CONTENT="even" HPOS="999" VPOS="1766" WIDTH="78" HEIGHT="75" STYLEREFS="font0"/><SP WIDTH="29" VPOS="1766" HPOS="1077"/><String ID="p542_w297" CONTENT="with" HPOS="1106" VPOS="1766" WIDTH="76" HEIGHT="75" STYLEREFS="font0"/><SP WIDTH="28" VPOS="1766" HPOS="1182"/><String ID="p542_w298" CONTENT="the" HPOS="1210" VPOS="1766" WIDTH="56" HEIGHT="75" STYLEREFS="font0"/></TextLine><TextLine WIDTH="1036" HEIGHT="75" ID="p542_t34" HPOS="229" VPOS="1812"><String ID="p542_w299" CONTENT="wire" HPOS="229" VPOS="1812" WIDTH="78" HEIGHT="75" STYLEREFS="font0"/><SP WIDTH="17" VPOS="1812" HPOS="307"/><String ID="p542_w300" CONTENT="circle" HPOS="324" VPOS="1812" WIDTH="95" HEIGHT="75" STYLEREFS="font0"/><SP WIDTH="15" VPOS="1812" HPOS="419"/><String ID="p542_w301" CONTENT=";" HPOS="434" VPOS="1812" WIDTH="9" HEIGHT="75" STYLEREFS="font0"/><SP WIDTH="28" VPOS="1812" HPOS="443"/><String ID="p542_w302" CONTENT="and" HPOS="471" VPOS="1812" WIDTH="62" HEIGHT="75" STYLEREFS="font0"/><SP WIDTH="22" VPOS="1812" HPOS="533"/><String ID="p542_w303" CONTENT="you" HPOS="555" VPOS="1812" WIDTH="64" HEIGHT="75" STYLEREFS="font0"/><SP WIDTH="24" VPOS="1812" HPOS="619"/><String ID="p542_w304" CONTENT="will" HPOS="643" VPOS="1812" WIDTH="66" HEIGHT="75" STYLEREFS="font0"/><SP WIDTH="25" VPOS="1812" HPOS="709"/><String ID="p542_w305" CONTENT="perceive," HPOS="734" VPOS="1812" WIDTH="158" HEIGHT="75" STYLEREFS="font0"/><SP WIDTH="24" VPOS="1812" HPOS="892"/><String ID="p542_w306" CONTENT="that" HPOS="916" VPOS="1812" WIDTH="72" HEIGHT="75" STYLEREFS="font0"/><SP WIDTH="22" VPOS="1812" HPOS="988"/><String ID="p542_w307" CONTENT="the" HPOS="1010" VPOS="1812" WIDTH="54" HEIGHT="75" STYLEREFS="font0"/><SP WIDTH="17" VPOS="1812" HPOS="1064"/><String ID="p542_w308" CONTENT="candle" HPOS="1081" VPOS="1812" WIDTH="112" HEIGHT="75" STYLEREFS="font0"/><SP WIDTH="17" VPOS="1812" HPOS="1193"/><String ID="p542_w309" CONTENT="be-" HPOS="1210" VPOS="1812" WIDTH="55" HEIGHT="75" STYLEREFS="font0"/></TextLine><TextLine WIDTH="1037" HEIGHT="75" ID="p542_t35" HPOS="228" VPOS="1860"><String ID="p542_w310" CONTENT="ing" HPOS="228" VPOS="1860" WIDTH="56" HEIGHT="75" STYLEREFS="font0"/><SP WIDTH="16" VPOS="1860" HPOS="284"/><String ID="p542_w311" CONTENT="Hill" HPOS="300" VPOS="1860" WIDTH="61" HEIGHT="75" STYLEREFS="font0"/><SP WIDTH="17" VPOS="1860" HPOS="361"/><String ID="p542_w312" CONTENT="perpendicular" HPOS="378" VPOS="1860" WIDTH="241" HEIGHT="75" STYLEREFS="font0"/><SP WIDTH="17" VPOS="1860" HPOS="619"/><String ID="p542_w313" CONTENT="to" HPOS="636" VPOS="1860" WIDTH="35" HEIGHT="75" STYLEREFS="font0"/><SP WIDTH="16" VPOS="1860" HPOS="671"/><String ID="p542_w314" CONTENT="the" HPOS="687" VPOS="1860" WIDTH="55" HEIGHT="75" STYLEREFS="font0"/><SP WIDTH="17" VPOS="1860" HPOS="742"/><String ID="p542_w315" CONTENT="equator," HPOS="759" VPOS="1860" WIDTH="149" HEIGHT="75" STYLEREFS="font0"/><SP WIDTH="24" VPOS="1860" HPOS="908"/><String ID="p542_w316" CONTENT="will" HPOS="932" VPOS="1860" WIDTH="66" HEIGHT="75" STYLEREFS="font0"/><SP WIDTH="24" VPOS="1860" HPOS="998"/><String ID="p542_w317" CONTENT="enlighten" HPOS="1022" VPOS="1860" WIDTH="164" HEIGHT="75" STYLEREFS="font0"/><SP WIDTH="24" VPOS="1860" HPOS="1186"/><String ID="p542_w318" CONTENT="the" HPOS="1210" VPOS="1860" WIDTH="55" HEIGHT="75" STYLEREFS="font0"/></TextLine><TextLine WIDTH="1035" HEIGHT="75" ID="p542_t36" HPOS="230" VPOS="1905"><String ID="p542_w319" CONTENT="globe" HPOS="230" VPOS="1905" WIDTH="95" HEIGHT="75" STYLEREFS="font0"/><SP WIDTH="18" VPOS="1905" HPOS="325"/><String ID="p542_w320" CONTENT="from" HPOS="343" VPOS="1905" WIDTH="85" HEIGHT="75" STYLEREFS="font0"/><SP WIDTH="17" VPOS="1905" HPOS="428"/><String ID="p542_w321" CONTENT="pole" HPOS="445" VPOS="1905" WIDTH="71" HEIGHT="75" STYLEREFS="font0"/><SP WIDTH="18" VPOS="1905" HPOS="516"/><String ID="p542_w322" CONTENT="to" HPOS="534" VPOS="1905" WIDTH="34" HEIGHT="75" STYLEREFS="font0"/><SP WIDTH="19" VPOS="1905" HPOS="568"/><String ID="p542_w323" CONTENT="pole" HPOS="587" VPOS="1905" WIDTH="70" HEIGHT="75" STYLEREFS="font0"/><SP WIDTH="28" VPOS="1905" HPOS="657"/><String ID="p542_w324" CONTENT="in" HPOS="685" VPOS="1905" WIDTH="32" HEIGHT="75" STYLEREFS="font0"/><SP WIDTH="29" VPOS="1905" HPOS="717"/><String ID="p542_w325" CONTENT="its" HPOS="746" VPOS="1905" WIDTH="40" HEIGHT="75" STYLEREFS="font0"/><SP WIDTH="25" VPOS="1905" HPOS="786"/><String ID="p542_w326" CONTENT="whole" HPOS="811" VPOS="1905" WIDTH="105" HEIGHT="75" STYLEREFS="font0"/><SP WIDTH="27" VPOS="1905" HPOS="916"/><String ID="p542_w327" CONTENT="motion" HPOS="943" VPOS="1905" WIDTH="121" HEIGHT="75" STYLEREFS="font0"/><SP WIDTH="26" VPOS="1905" HPOS="1064"/><String ID="p542_w328" CONTENT="round" HPOS="1090" VPOS="1905" WIDTH="104" HEIGHT="75" STYLEREFS="font0"/><SP WIDTH="16" VPOS="1905" HPOS="1194"/><String ID="p542_w329" CONTENT="the" HPOS="1210" VPOS="1905" WIDTH="55" HEIGHT="75" STYLEREFS="font0"/></TextLine><TextLine WIDTH="1035" HEIGHT="75" ID="p542_t37" HPOS="231" VPOS="1951"><String ID="p542_w330" CONTENT="circle;" HPOS="231" VPOS="1951" WIDTH="115" HEIGHT="75" STYLEREFS="font0"/><SP WIDTH="28" VPOS="1951" HPOS="346"/><String ID="p542_w331" CONTENT="and" HPOS="374" VPOS="1951" WIDTH="62" HEIGHT="75" STYLEREFS="font0"/><SP WIDTH="28" VPOS="1951" HPOS="436"/><String ID="p542_w332" CONTENT="that" HPOS="464" VPOS="1951" WIDTH="71" HEIGHT="75" STYLEREFS="font0"/><SP WIDTH="28" VPOS="1951" HPOS="535"/><String ID="p542_w333" CONTENT="every" HPOS="563" VPOS="1951" WIDTH="96" HEIGHT="75" STYLEREFS="font0"/><SP WIDTH="19" VPOS="1951" HPOS="659"/><String ID="p542_w334" CONTENT="place" HPOS="678" VPOS="1951" WIDTH="89" HEIGHT="75" STYLEREFS="font0"/><SP WIDTH="16" VPOS="1951" HPOS="767"/><String ID="p542_w335" CONTENT="on" HPOS="783" VPOS="1951" WIDTH="43" HEIGHT="75" STYLEREFS="font0"/><SP WIDTH="22" VPOS="1951" HPOS="826"/><String ID="p542_w336" CONTENT="the" HPOS="848" VPOS="1951" WIDTH="56" HEIGHT="75" STYLEREFS="font0"/><SP WIDTH="16" VPOS="1951" HPOS="904"/><String ID="p542_w337" CONTENT="globe" HPOS="920" VPOS="1951" WIDTH="95" HEIGHT="75" STYLEREFS="font0"/><SP WIDTH="16" VPOS="1951" HPOS="1015"/><String ID="p542_w338" CONTENT="goes" HPOS="1031" VPOS="1951" WIDTH="77" HEIGHT="75" STYLEREFS="font0"/><SP WIDTH="27" VPOS="1951" HPOS="1108"/><String ID="p542_w339" CONTENT="equally" HPOS="1135" VPOS="1951" WIDTH="131" HEIGHT="75" STYLEREFS="font0"/></TextLine><TextLine WIDTH="1035" HEIGHT="75" ID="p542_t38" HPOS="231" VPOS="1996"><String ID="p542_w340" CONTENT="through" HPOS="231" VPOS="1996" WIDTH="140" HEIGHT="75" STYLEREFS="font0"/><SP WIDTH="20" VPOS="1996" HPOS="371"/><String ID="p542_w341" CONTENT="the" HPOS="391" VPOS="1996" WIDTH="54" HEIGHT="75" STYLEREFS="font0"/><SP WIDTH="16" VPOS="1996" HPOS="445"/><String ID="p542_w342" CONTENT="light" HPOS="461" VPOS="1996" WIDTH="82" HEIGHT="75" STYLEREFS="font0"/><SP WIDTH="24" VPOS="1996" HPOS="543"/><String ID="p542_w343" CONTENT="and" HPOS="567" VPOS="1996" WIDTH="64" HEIGHT="75" STYLEREFS="font0"/><SP WIDTH="19" VPOS="1996" HPOS="631"/><String ID="p542_w344" CONTENT="the" HPOS="650" VPOS="1996" WIDTH="54" HEIGHT="75" STYLEREFS="font0"/><SP WIDTH="16" VPOS="1996" HPOS="704"/><String ID="p542_w345" CONTENT="dark," HPOS="720" VPOS="1996" WIDTH="94" HEIGHT="75" STYLEREFS="font0"/><SP WIDTH="25" VPOS="1996" HPOS="814"/><String ID="p542_w346" CONTENT="as" HPOS="839" VPOS="1996" WIDTH="34" HEIGHT="75" STYLEREFS="font0"/><SP WIDTH="17" VPOS="1996" HPOS="873"/><String ID="p542_w347" CONTENT="it" HPOS="890" VPOS="1996" WIDTH="26" HEIGHT="75" STYLEREFS="font0"/><SP WIDTH="17" VPOS="1996" HPOS="916"/><String ID="p542_w348" CONTENT="turns" HPOS="933" VPOS="1996" WIDTH="90" HEIGHT="75" STYLEREFS="font0"/><SP WIDTH="17" VPOS="1996" HPOS="1023"/><String ID="p542_w349" CONTENT="round" HPOS="1040" VPOS="1996" WIDTH="103" HEIGHT="75" STYLEREFS="font0"/><SP WIDTH="12" VPOS="1996" HPOS="1143"/><String ID="p542_w350" CONTENT="by" HPOS="1155" VPOS="1996" WIDTH="41" HEIGHT="75" STYLEREFS="font0"/><SP WIDTH="14" VPOS="1996" HPOS="1196"/><String ID="p542_w351" CONTENT="the" HPOS="1210" VPOS="1996" WIDTH="56" HEIGHT="75" STYLEREFS="font0"/></TextLine><TextLine WIDTH="1035" HEIGHT="75" ID="p542_t39" HPOS="231" VPOS="2043"><String ID="p542_w352" CONTENT="untwilling" HPOS="231" VPOS="2043" WIDTH="182" HEIGHT="75" STYLEREFS="font0"/><SP WIDTH="26" VPOS="2043" HPOS="413"/><String ID="p542_w353" CONTENT="of" HPOS="439" VPOS="2043" WIDTH="40" HEIGHT="75" STYLEREFS="font0"/><SP WIDTH="24" VPOS="2043" HPOS="479"/><String ID="p542_w354" CONTENT="the" HPOS="503" VPOS="2043" WIDTH="53" HEIGHT="75" STYLEREFS="font0"/><SP WIDTH="25" VPOS="2043" HPOS="556"/><String ID="p542_w355" CONTENT="thread," HPOS="581" VPOS="2043" WIDTH="127" HEIGHT="75" STYLEREFS="font0"/><SP WIDTH="27" VPOS="2043" HPOS="708"/><String ID="p542_w356" CONTENT="and" HPOS="735" VPOS="2043" WIDTH="63" HEIGHT="75" STYLEREFS="font0"/><SP WIDTH="16" VPOS="2043" HPOS="798"/><String ID="p542_w357" CONTENT="therefore" HPOS="814" VPOS="2043" WIDTH="161" HEIGHT="75" STYLEREFS="font0"/><SP WIDTH="16" VPOS="2043" HPOS="975"/><String ID="p542_w358" CONTENT="has" HPOS="991" VPOS="2043" WIDTH="57" HEIGHT="75" STYLEREFS="font0"/><SP WIDTH="18" VPOS="2043" HPOS="1048"/><String ID="p542_w359" CONTENT="a" HPOS="1066" VPOS="2043" WIDTH="20" HEIGHT="75" STYLEREFS="font0"/><SP WIDTH="14" VPOS="2043" HPOS="1086"/><String ID="p542_w360" CONTENT="perpetual" HPOS="1100" VPOS="2043" WIDTH="166" HEIGHT="75" STYLEREFS="font0"/></TextLine><TextLine WIDTH="1036" HEIGHT="75" ID="p542_t40" HPOS="231" VPOS="2090"><String ID="p542_w361" CONTENT="equinox." HPOS="231" VPOS="2090" WIDTH="157" HEIGHT="75" STYLEREFS="font0"/><SP WIDTH="50" VPOS="2090" HPOS="388"/><String ID="p542_w362" CONTENT="The" HPOS="438" VPOS="2090" WIDTH="76" HEIGHT="75" STYLEREFS="font0"/><SP WIDTH="17" VPOS="2090" HPOS="514"/><String ID="p542_w363" CONTENT="globe," HPOS="531" VPOS="2090" WIDTH="109" HEIGHT="75" STYLEREFS="font0"/><SP WIDTH="16" VPOS="2090" HPOS="640"/><String ID="p542_w364" CONTENT="thus" HPOS="656" VPOS="2090" WIDTH="75" HEIGHT="75" STYLEREFS="font0"/><SP WIDTH="16" VPOS="2090" HPOS="731"/><String ID="p542_w365" CONTENT="turning" HPOS="747" VPOS="2090" WIDTH="130" HEIGHT="75" STYLEREFS="font0"/><SP WIDTH="17" VPOS="2090" HPOS="877"/><String ID="p542_w366" CONTENT="round," HPOS="894" VPOS="2090" WIDTH="118" HEIGHT="75" STYLEREFS="font0"/><SP WIDTH="12" VPOS="2090" HPOS="1012"/><String ID="p542_w367" CONTENT="reprefents" HPOS="1024" VPOS="2090" WIDTH="175" HEIGHT="75" STYLEREFS="font0"/><SP WIDTH="12" VPOS="2090" HPOS="1199"/><String ID="p542_w368" CONTENT="the" HPOS="1211" VPOS="2090" WIDTH="56" HEIGHT="75" STYLEREFS="font0"/></TextLine><TextLine WIDTH="1034" HEIGHT="75" ID="p542_t41" HPOS="233" VPOS="2137"><String ID="p542_w369" CONTENT="earth" HPOS="233" VPOS="2137" WIDTH="89" HEIGHT="75" STYLEREFS="font0"/><SP WIDTH="27" VPOS="2137" HPOS="322"/><String ID="p542_w370" CONTENT="turning" HPOS="349" VPOS="2137" WIDTH="131" HEIGHT="75" STYLEREFS="font0"/><SP WIDTH="22" VPOS="2137" HPOS="480"/><String ID="p542_w371" CONTENT="round" HPOS="502" VPOS="2137" WIDTH="102" HEIGHT="75" STYLEREFS="font0"/><SP WIDTH="26" VPOS="2137" HPOS="604"/><String ID="p542_w372" CONTENT="its" HPOS="630" VPOS="2137" WIDTH="43" HEIGHT="75" STYLEREFS="font0"/><SP WIDTH="24" VPOS="2137" HPOS="673"/><String ID="p542_w373" CONTENT="axis" HPOS="697" VPOS="2137" WIDTH="71" HEIGHT="75" STYLEREFS="font0"/><SP WIDTH="15" VPOS="2137" HPOS="768"/><String ID="p542_w374" CONTENT=";" HPOS="783" VPOS="2137" WIDTH="10" HEIGHT="75" STYLEREFS="font0"/><SP WIDTH="27" VPOS="2137" HPOS="793"/><String ID="p542_w375" CONTENT="and" HPOS="820" VPOS="2137" WIDTH="64" HEIGHT="75" STYLEREFS="font0"/><SP WIDTH="31" VPOS="2137" HPOS="884"/><String ID="p542_w376" CONTENT="the" HPOS="915" VPOS="2137" WIDTH="55" HEIGHT="75" STYLEREFS="font0"/><SP WIDTH="28" VPOS="2137" HPOS="970"/><String ID="p542_w377" CONTENT="motion" HPOS="998" VPOS="2137" WIDTH="123" HEIGHT="75" STYLEREFS="font0"/><SP WIDTH="28" VPOS="2137" HPOS="1121"/><String ID="p542_w378" CONTENT="of" HPOS="1149" VPOS="2137" WIDTH="40" HEIGHT="75" STYLEREFS="font0"/><SP WIDTH="22" VPOS="2137" HPOS="1189"/><String ID="p542_w379" CONTENT="the" HPOS="1211" VPOS="2137" WIDTH="56" HEIGHT="75" STYLEREFS="font0"/></TextLine><TextLine WIDTH="1033" HEIGHT="75" ID="p542_t42" HPOS="233" VPOS="2184"><String ID="p542_w380" CONTENT="globe" HPOS="233" VPOS="2184" WIDTH="95" HEIGHT="75" STYLEREFS="font0"/><SP WIDTH="17" VPOS="2184" HPOS="328"/><String ID="p542_w381" CONTENT="round" HPOS="345" VPOS="2184" WIDTH="101" HEIGHT="75" STYLEREFS="font0"/><SP WIDTH="17" VPOS="2184" HPOS="446"/><String ID="p542_w382" CONTENT="the" HPOS="463" VPOS="2184" WIDTH="55" HEIGHT="75" STYLEREFS="font0"/><SP WIDTH="18" VPOS="2184" HPOS="518"/><String ID="p542_w383" CONTENT="candle" HPOS="536" VPOS="2184" WIDTH="110" HEIGHT="75" STYLEREFS="font0"/><SP WIDTH="18" VPOS="2184" HPOS="646"/><String ID="p542_w384" CONTENT="reprefents" HPOS="664" VPOS="2184" WIDTH="176" HEIGHT="75" STYLEREFS="font0"/><SP WIDTH="17" VPOS="2184" HPOS="840"/><String ID="p542_w385" CONTENT="the" HPOS="857" VPOS="2184" WIDTH="55" HEIGHT="75" STYLEREFS="font0"/><SP WIDTH="17" VPOS="2184" HPOS="912"/><String ID="p542_w386" CONTENT="earth’s" HPOS="929" VPOS="2184" WIDTH="121" HEIGHT="75" STYLEREFS="font0"/><SP WIDTH="17" VPOS="2184" HPOS="1050"/><String ID="p542_w387" CONTENT="annual" HPOS="1067" VPOS="2184" WIDTH="114" HEIGHT="75" STYLEREFS="font0"/><SP WIDTH="17" VPOS="2184" HPOS="1181"/><String ID="p542_w388" CONTENT="mo-" HPOS="1198" VPOS="2184" WIDTH="68" HEIGHT="75" STYLEREFS="font0"/></TextLine><TextLine WIDTH="1033" HEIGHT="75" ID="p542_t43" HPOS="235" VPOS="2230"><String ID="p542_w389" CONTENT="tion" HPOS="235" VPOS="2230" WIDTH="66" HEIGHT="75" STYLEREFS="font0"/><SP WIDTH="18" VPOS="2230" HPOS="301"/><String ID="p542_w390" CONTENT="round" HPOS="319" VPOS="2230" WIDTH="104" HEIGHT="75" STYLEREFS="font0"/><SP WIDTH="16" VPOS="2230" HPOS="423"/><String ID="p542_w391" CONTENT="the" HPOS="439" VPOS="2230" WIDTH="55" HEIGHT="75" STYLEREFS="font0"/><SP WIDTH="16" VPOS="2230" HPOS="494"/><String ID="p542_w392" CONTENT="fun," HPOS="510" VPOS="2230" WIDTH="68" HEIGHT="75" STYLEREFS="font0"/><SP WIDTH="27" VPOS="2230" HPOS="578"/><String ID="p542_w393" CONTENT="and" HPOS="605" VPOS="2230" WIDTH="63" HEIGHT="75" STYLEREFS="font0"/><SP WIDTH="15" VPOS="2230" HPOS="668"/><String ID="p542_w394" CONTENT="Ihews," HPOS="683" VPOS="2230" WIDTH="111" HEIGHT="75" STYLEREFS="font0"/><SP WIDTH="26" VPOS="2230" HPOS="794"/><String ID="p542_w395" CONTENT="that" HPOS="820" VPOS="2230" WIDTH="72" HEIGHT="75" STYLEREFS="font0"/><SP WIDTH="23" VPOS="2230" HPOS="892"/><String ID="p542_w396" CONTENT="if" HPOS="915" VPOS="2230" WIDTH="31" HEIGHT="75" STYLEREFS="font0"/><SP WIDTH="19" VPOS="2230" HPOS="946"/><String ID="p542_w397" CONTENT="the" HPOS="965" VPOS="2230" WIDTH="56" HEIGHT="75" STYLEREFS="font0"/><SP WIDTH="24" VPOS="2230" HPOS="1021"/><String ID="p542_w398" CONTENT="earth’s" HPOS="1045" VPOS="2230" WIDTH="120" HEIGHT="75" STYLEREFS="font0"/><SP WIDTH="17" VPOS="2230" HPOS="1165"/><String ID="p542_w399" CONTENT="orbit" HPOS="1182" VPOS="2230" WIDTH="86" HEIGHT="75" STYLEREFS="font0"/></TextLine><TextLine WIDTH="1041" HEIGHT="75" ID="p542_t44" HPOS="233" VPOS="2277"><String ID="p542_w400" CONTENT="had" HPOS="233" VPOS="2277" WIDTH="64" HEIGHT="75" STYLEREFS="font0"/><SP WIDTH="18" VPOS="2277" HPOS="297"/><String ID="p542_w401" CONTENT="no" HPOS="315" VPOS="2277" WIDTH="41" HEIGHT="75" STYLEREFS="font0"/><SP WIDTH="17" VPOS="2277" HPOS="356"/><String ID="p542_w402" CONTENT="inclination" HPOS="373" VPOS="2277" WIDTH="185" HEIGHT="75" STYLEREFS="font0"/><SP WIDTH="17" VPOS="2277" HPOS="558"/><String ID="p542_w403" CONTENT="to" HPOS="575" VPOS="2277" WIDTH="35" HEIGHT="75" STYLEREFS="font0"/><SP WIDTH="16" VPOS="2277" HPOS="610"/><String ID="p542_w404" CONTENT="its" HPOS="626" VPOS="2277" WIDTH="41" HEIGHT="75" STYLEREFS="font0"/><SP WIDTH="18" VPOS="2277" HPOS="667"/><String ID="p542_w405" CONTENT="axis," HPOS="685" VPOS="2277" WIDTH="83" HEIGHT="75" STYLEREFS="font0"/><SP WIDTH="25" VPOS="2277" HPOS="768"/><String ID="p542_w406" CONTENT="all" HPOS="793" VPOS="2277" WIDTH="43" HEIGHT="75" STYLEREFS="font0"/><SP WIDTH="17" VPOS="2277" HPOS="836"/><String ID="p542_w407" CONTENT="the" HPOS="853" VPOS="2277" WIDTH="54" HEIGHT="75" STYLEREFS="font0"/><SP WIDTH="28" VPOS="2277" HPOS="907"/><String ID="p542_w408" CONTENT="days" HPOS="935" VPOS="2277" WIDTH="79" HEIGHT="75" STYLEREFS="font0"/><SP WIDTH="17" VPOS="2277" HPOS="1014"/><String ID="p542_w409" CONTENT="and" HPOS="1031" VPOS="2277" WIDTH="63" HEIGHT="75" STYLEREFS="font0"/><SP WIDTH="16" VPOS="2277" HPOS="1094"/><String ID="p542_w410" CONTENT="nights" HPOS="1110" VPOS="2277" WIDTH="106" HEIGHT="75" STYLEREFS="font0"/><SP WIDTH="18" VPOS="2277" HPOS="1216"/><String ID="p542_w411" CONTENT="of" HPOS="1234" VPOS="2277" WIDTH="40" HEIGHT="75" STYLEREFS="font0"/></TextLine><TextLine WIDTH="1034" HEIGHT="75" ID="p542_t45" HPOS="235" VPOS="2324"><String ID="p542_w412" CONTENT="the" HPOS="235" VPOS="2324" WIDTH="55" HEIGHT="75" STYLEREFS="font0"/><SP WIDTH="25" VPOS="2324" HPOS="290"/><String ID="p542_w413" CONTENT="year" HPOS="315" VPOS="2324" WIDTH="73" HEIGHT="75" STYLEREFS="font0"/><SP WIDTH="23" VPOS="2324" HPOS="388"/><String ID="p542_w414" CONTENT="would" HPOS="411" VPOS="2324" WIDTH="109" HEIGHT="75" STYLEREFS="font0"/><SP WIDTH="15" VPOS="2324" HPOS="520"/><String ID="p542_w415" CONTENT="be" HPOS="535" VPOS="2324" WIDTH="40" HEIGHT="75" STYLEREFS="font0"/><SP WIDTH="17" VPOS="2324" HPOS="575"/><String ID="p542_w416" CONTENT="equally" HPOS="592" VPOS="2324" WIDTH="130" HEIGHT="75" STYLEREFS="font0"/><SP WIDTH="17" VPOS="2324" HPOS="722"/><String ID="p542_w417" CONTENT="long," HPOS="739" VPOS="2324" WIDTH="89" HEIGHT="75" STYLEREFS="font0"/><SP WIDTH="24" VPOS="2324" HPOS="828"/><String ID="p542_w418" CONTENT="and" HPOS="852" VPOS="2324" WIDTH="62" HEIGHT="75" STYLEREFS="font0"/><SP WIDTH="17" VPOS="2324" HPOS="914"/><String ID="p542_w419" CONTENT="there" HPOS="931" VPOS="2324" WIDTH="90" HEIGHT="75" STYLEREFS="font0"/><SP WIDTH="16" VPOS="2324" HPOS="1021"/><String ID="p542_w420" CONTENT="would" HPOS="1037" VPOS="2324" WIDTH="110" HEIGHT="75" STYLEREFS="font0"/><SP WIDTH="15" VPOS="2324" HPOS="1147"/><String ID="p542_w421" CONTENT="be" HPOS="1162" VPOS="2324" WIDTH="40" HEIGHT="75" STYLEREFS="font0"/><SP WIDTH="25" VPOS="2324" HPOS="1202"/><String ID="p542_w422" CONTENT="no" HPOS="1227" VPOS="2324" WIDTH="42" HEIGHT="75" STYLEREFS="font0"/></TextLine><TextLine WIDTH="1032" HEIGHT="75" ID="p542_t46" HPOS="237" VPOS="2369"><String ID="p542_w423" CONTENT="different" HPOS="237" VPOS="2369" WIDTH="150" HEIGHT="75" STYLEREFS="font0"/><SP WIDTH="17" VPOS="2369" HPOS="387"/><String ID="p542_w424" CONTENT="feafons." HPOS="404" VPOS="2369" WIDTH="136" HEIGHT="75" STYLEREFS="font0"/><SP WIDTH="33" VPOS="2369" HPOS="540"/><String ID="p542_w425" CONTENT="But" HPOS="573" VPOS="2369" WIDTH="68" HEIGHT="75" STYLEREFS="font0"/><SP WIDTH="17" VPOS="2369" HPOS="641"/><String ID="p542_w426" CONTENT="how," HPOS="658" VPOS="2369" WIDTH="84" HEIGHT="75" STYLEREFS="font0"/><SP WIDTH="25" VPOS="2369" HPOS="742"/><String ID="p542_w427" CONTENT="delire" HPOS="767" VPOS="2369" WIDTH="99" HEIGHT="75" STYLEREFS="font0"/><SP WIDTH="18" VPOS="2369" HPOS="866"/><String ID="p542_w428" CONTENT="the" HPOS="884" VPOS="2369" WIDTH="55" HEIGHT="75" STYLEREFS="font0"/><SP WIDTH="17" VPOS="2369" HPOS="939"/><String ID="p542_w429" CONTENT="perfon" HPOS="956" VPOS="2369" WIDTH="111" HEIGHT="75" STYLEREFS="font0"/><SP WIDTH="17" VPOS="2369" HPOS="1067"/><String ID="p542_w430" CONTENT="who" HPOS="1084" VPOS="2369" WIDTH="74" HEIGHT="75" STYLEREFS="font0"/><SP WIDTH="16" VPOS="2369" HPOS="1158"/><String ID="p542_w431" CONTENT="holds" HPOS="1174" VPOS="2369" WIDTH="95" HEIGHT="75" STYLEREFS="font0"/></TextLine><TextLine WIDTH="1031" HEIGHT="75" ID="p542_t47" HPOS="236" VPOS="2417"><String ID="p542_w432" CONTENT="the" HPOS="236" VPOS="2417" WIDTH="55" HEIGHT="75" STYLEREFS="font0"/><SP WIDTH="18" VPOS="2417" HPOS="291"/><String ID="p542_w433" CONTENT="wire," HPOS="309" VPOS="2417" WIDTH="92" HEIGHT="75" STYLEREFS="font0"/><SP WIDTH="22" VPOS="2417" HPOS="401"/><String ID="p542_w434" CONTENT="to" HPOS="423" VPOS="2417" WIDTH="35" HEIGHT="75" STYLEREFS="font0"/><SP WIDTH="25" VPOS="2417" HPOS="458"/><String ID="p542_w435" CONTENT="hold" HPOS="483" VPOS="2417" WIDTH="78" HEIGHT="75" STYLEREFS="font0"/><SP WIDTH="28" VPOS="2417" HPOS="561"/><String ID="p542_w436" CONTENT="it" HPOS="589" VPOS="2417" WIDTH="26" HEIGHT="75" STYLEREFS="font0"/><SP WIDTH="25" VPOS="2417" HPOS="615"/><String ID="p542_w437" CONTENT="obliquely" HPOS="640" VPOS="2417" WIDTH="164" HEIGHT="75" STYLEREFS="font0"/><SP WIDTH="27" VPOS="2417" HPOS="804"/><String ID="p542_w438" CONTENT="in" HPOS="831" VPOS="2417" WIDTH="33" HEIGHT="75" STYLEREFS="font0"/><SP WIDTH="25" VPOS="2417" HPOS="864"/><String ID="p542_w439" CONTENT="the" HPOS="889" VPOS="2417" WIDTH="56" HEIGHT="75" STYLEREFS="font0"/><SP WIDTH="28" VPOS="2417" HPOS="945"/><String ID="p542_w440" CONTENT="pofition" HPOS="973" VPOS="2417" WIDTH="133" HEIGHT="75" STYLEREFS="font0"/><SP WIDTH="18" VPOS="2417" HPOS="1106"/><String ID="p542_w441" CONTENT="A" HPOS="1124" VPOS="2417" WIDTH="36" HEIGHT="75" STYLEREFS="font0"/><SP WIDTH="2" VPOS="2417" HPOS="1160"/><String ID="p542_w442" CONTENT="BCD," HPOS="1162" VPOS="2417" WIDTH="105" HEIGHT="75" STYLEREFS="font0"/></TextLine><TextLine WIDTH="1030" HEIGHT="75" ID="p542_t48" HPOS="238" VPOS="2463"><String ID="p542_w443" CONTENT="raifing" HPOS="238" VPOS="2463" WIDTH="112" HEIGHT="75" STYLEREFS="font0"/><SP WIDTH="16" VPOS="2463" HPOS="350"/><String ID="p542_w444" CONTENT="the" HPOS="366" VPOS="2463" WIDTH="55" HEIGHT="75" STYLEREFS="font0"/><SP WIDTH="18" VPOS="2463" HPOS="421"/><String ID="p542_w445" CONTENT="fide" HPOS="439" VPOS="2463" WIDTH="62" HEIGHT="75" STYLEREFS="font0"/><SP WIDTH="93" VPOS="2463" HPOS="501"/><String ID="p542_w446" CONTENT="julf" HPOS="594" VPOS="2463" WIDTH="62" HEIGHT="75" STYLEREFS="font0"/><SP WIDTH="27" VPOS="2463" HPOS="656"/><String ID="p542_w447" CONTENT="as" HPOS="683" VPOS="2463" WIDTH="33" HEIGHT="75" STYLEREFS="font0"/><SP WIDTH="21" VPOS="2463" HPOS="716"/><String ID="p542_w448" CONTENT="much" HPOS="737" VPOS="2463" WIDTH="95" HEIGHT="75" STYLEREFS="font0"/><SP WIDTH="17" VPOS="2463" HPOS="832"/><String ID="p542_w449" CONTENT="as" HPOS="849" VPOS="2463" WIDTH="35" HEIGHT="75" STYLEREFS="font0"/><SP WIDTH="16" VPOS="2463" HPOS="884"/><String ID="p542_w450" CONTENT="he" HPOS="900" VPOS="2463" WIDTH="41" HEIGHT="75" STYLEREFS="font0"/><SP WIDTH="17" VPOS="2463" HPOS="941"/><String ID="p542_w451" CONTENT="depreffes" HPOS="958" VPOS="2463" WIDTH="154" HEIGHT="75" STYLEREFS="font0"/><SP WIDTH="17" VPOS="2463" HPOS="1112"/><String ID="p542_w452" CONTENT="the" HPOS="1129" VPOS="2463" WIDTH="56" HEIGHT="75" STYLEREFS="font0"/><SP WIDTH="17" VPOS="2463" HPOS="1185"/><String ID="p542_w453" CONTENT="fide" HPOS="1202" VPOS="2463" WIDTH="66" HEIGHT="75" STYLEREFS="font0"/></TextLine><TextLine WIDTH="1028" HEIGHT="75" ID="p542_t49" HPOS="239" VPOS="2511"><String ID="p542_w454" CONTENT="rs." HPOS="239" VPOS="2511" WIDTH="46" HEIGHT="75" STYLEREFS="font0"/><SP WIDTH="25" VPOS="2511" HPOS="285"/><String ID="p542_w455" CONTENT="that" HPOS="310" VPOS="2511" WIDTH="70" HEIGHT="75" STYLEREFS="font0"/><SP WIDTH="17" VPOS="2511" HPOS="380"/><String ID="p542_w456" CONTENT="the" HPOS="397" VPOS="2511" WIDTH="56" HEIGHT="75" STYLEREFS="font0"/><SP WIDTH="16" VPOS="2511" HPOS="453"/><String ID="p542_w457" CONTENT="flame" HPOS="469" VPOS="2511" WIDTH="91" HEIGHT="75" STYLEREFS="font0"/><SP WIDTH="17" VPOS="2511" HPOS="560"/><String ID="p542_w458" CONTENT="may" HPOS="577" VPOS="2511" WIDTH="74" HEIGHT="75" STYLEREFS="font0"/><SP WIDTH="16" VPOS="2511" HPOS="651"/><String ID="p542_w459" CONTENT="be" HPOS="667" VPOS="2511" WIDTH="39" HEIGHT="75" STYLEREFS="font0"/><SP WIDTH="13" VPOS="2511" HPOS="706"/><String ID="p542_w460" CONTENT="Hill" HPOS="719" VPOS="2511" WIDTH="65" HEIGHT="75" STYLEREFS="font0"/><SP WIDTH="16" VPOS="2511" HPOS="784"/><String ID="p542_w461" CONTENT="in" HPOS="800" VPOS="2511" WIDTH="32" HEIGHT="75" STYLEREFS="font0"/><SP WIDTH="17" VPOS="2511" HPOS="832"/><String ID="p542_w462" CONTENT="the" HPOS="849" VPOS="2511" WIDTH="56" HEIGHT="75" STYLEREFS="font0"/><SP WIDTH="12" VPOS="2511" HPOS="905"/><String ID="p542_w463" CONTENT="plane" HPOS="917" VPOS="2511" WIDTH="93" HEIGHT="75" STYLEREFS="font0"/><SP WIDTH="16" VPOS="2511" HPOS="1010"/><String ID="p542_w464" CONTENT="of" HPOS="1026" VPOS="2511" WIDTH="41" HEIGHT="75" STYLEREFS="font0"/><SP WIDTH="10" VPOS="2511" HPOS="1067"/><String ID="p542_w465" CONTENT="the" HPOS="1077" VPOS="2511" WIDTH="55" HEIGHT="75" STYLEREFS="font0"/><SP WIDTH="17" VPOS="2511" HPOS="1132"/><String ID="p542_w466" CONTENT="circle" HPOS="1149" VPOS="2511" WIDTH="95" HEIGHT="75" STYLEREFS="font0"/><SP WIDTH="13" VPOS="2511" HPOS="1244"/><String ID="p542_w467" CONTENT=";" HPOS="1257" VPOS="2511" WIDTH="10" HEIGHT="75" STYLEREFS="font0"/></TextLine><TextLine WIDTH="1034" HEIGHT="75" ID="p542_t50" HPOS="237" VPOS="2556"><String ID="p542_w468" CONTENT="and" HPOS="237" VPOS="2556" WIDTH="62" HEIGHT="75" STYLEREFS="font0"/><SP WIDTH="18" VPOS="2556" HPOS="299"/><String ID="p542_w469" CONTENT="twilling" HPOS="317" VPOS="2556" WIDTH="137" HEIGHT="75" STYLEREFS="font0"/><SP WIDTH="16" VPOS="2556" HPOS="454"/><String ID="p542_w470" CONTENT="the" HPOS="470" VPOS="2556" WIDTH="55" HEIGHT="75" STYLEREFS="font0"/><SP WIDTH="27" VPOS="2556" HPOS="525"/><String ID="p542_w471" CONTENT="thread" HPOS="552" VPOS="2556" WIDTH="115" HEIGHT="75" STYLEREFS="font0"/><SP WIDTH="28" VPOS="2556" HPOS="667"/><String ID="p542_w472" CONTENT="as" HPOS="695" VPOS="2556" WIDTH="33" HEIGHT="75" STYLEREFS="font0"/><SP WIDTH="28" VPOS="2556" HPOS="728"/><String ID="p542_w473" CONTENT="before," HPOS="756" VPOS="2556" WIDTH="126" HEIGHT="75" STYLEREFS="font0"/><SP WIDTH="23" VPOS="2556" HPOS="882"/><String ID="p542_w474" CONTENT="that" HPOS="905" VPOS="2556" WIDTH="71" HEIGHT="75" STYLEREFS="font0"/><SP WIDTH="27" VPOS="2556" HPOS="976"/><String ID="p542_w475" CONTENT="the" HPOS="1003" VPOS="2556" WIDTH="55" HEIGHT="75" STYLEREFS="font0"/><SP WIDTH="20" VPOS="2556" HPOS="1058"/><String ID="p542_w476" CONTENT="globe" HPOS="1078" VPOS="2556" WIDTH="96" HEIGHT="75" STYLEREFS="font0"/><SP WIDTH="23" VPOS="2556" HPOS="1174"/><String ID="p542_w477" CONTENT="may" HPOS="1197" VPOS="2556" WIDTH="74" HEIGHT="75" STYLEREFS="font0"/></TextLine><TextLine WIDTH="1034" HEIGHT="75" ID="p542_t51" HPOS="238" VPOS="2603"><String ID="p542_w478" CONTENT="turn" HPOS="238" VPOS="2603" WIDTH="74" HEIGHT="75" STYLEREFS="font0"/><SP WIDTH="19" VPOS="2603" HPOS="312"/><String ID="p542_w479" CONTENT="round" HPOS="331" VPOS="2603" WIDTH="102" HEIGHT="75" STYLEREFS="font0"/><SP WIDTH="16" VPOS="2603" HPOS="433"/><String ID="p542_w480" CONTENT="its" HPOS="449" VPOS="2603" WIDTH="42" HEIGHT="75" STYLEREFS="font0"/><SP WIDTH="17" VPOS="2603" HPOS="491"/><String ID="p542_w481" CONTENT="axis," HPOS="508" VPOS="2603" WIDTH="77" HEIGHT="75" STYLEREFS="font0"/><SP WIDTH="10" VPOS="2603" HPOS="585"/><String ID="p542_w482" CONTENT="the" HPOS="595" VPOS="2603" WIDTH="55" HEIGHT="75" STYLEREFS="font0"/><SP WIDTH="16" VPOS="2603" HPOS="650"/><String ID="p542_w483" CONTENT="fame" HPOS="666" VPOS="2603" WIDTH="82" HEIGHT="75" STYLEREFS="font0"/><SP WIDTH="18" VPOS="2603" HPOS="748"/><String ID="p542_w484" CONTENT="way" HPOS="766" VPOS="2603" WIDTH="70" HEIGHT="75" STYLEREFS="font0"/><SP WIDTH="18" VPOS="2603" HPOS="836"/><String ID="p542_w485" CONTENT="as" HPOS="854" VPOS="2603" WIDTH="34" HEIGHT="75" STYLEREFS="font0"/><SP WIDTH="16" VPOS="2603" HPOS="888"/><String ID="p542_w486" CONTENT="you" HPOS="904" VPOS="2603" WIDTH="69" HEIGHT="75" STYLEREFS="font0"/><SP WIDTH="21" VPOS="2603" HPOS="973"/><String ID="p542_w487" CONTENT="carry" HPOS="994" VPOS="2603" WIDTH="94" HEIGHT="75" STYLEREFS="font0"/><SP WIDTH="26" VPOS="2603" HPOS="1088"/><String ID="p542_w488" CONTENT="it" HPOS="1114" VPOS="2603" WIDTH="26" HEIGHT="75" STYLEREFS="font0"/><SP WIDTH="27" VPOS="2603" HPOS="1140"/><String ID="p542_w489" CONTENT="round" HPOS="1167" VPOS="2603" WIDTH="105" HEIGHT="75" STYLEREFS="font0"/></TextLine><TextLine WIDTH="1031" HEIGHT="75" ID="p542_t52" HPOS="239" VPOS="2648"><String ID="p542_w490" CONTENT="thr" HPOS="239" VPOS="2648" WIDTH="51" HEIGHT="75" STYLEREFS="font0"/><SP WIDTH="31" VPOS="2648" HPOS="290"/><String ID="p542_w491" CONTENT="candle,." HPOS="321" VPOS="2648" WIDTH="143" HEIGHT="75" STYLEREFS="font0"/><SP WIDTH="22" VPOS="2648" HPOS="464"/><String ID="p542_w492" CONTENT="that" HPOS="486" VPOS="2648" WIDTH="72" HEIGHT="75" STYLEREFS="font0"/><SP WIDTH="24" VPOS="2648" HPOS="558"/><String ID="p542_w493" CONTENT="is," HPOS="582" VPOS="2648" WIDTH="40" HEIGHT="75" STYLEREFS="font0"/><SP WIDTH="26" VPOS="2648" HPOS="622"/><String ID="p542_w494" CONTENT="from-" HPOS="648" VPOS="2648" WIDTH="89" HEIGHT="75" STYLEREFS="font0"/><SP WIDTH="24" VPOS="2648" HPOS="737"/><String ID="p542_w495" CONTENT="weft" HPOS="761" VPOS="2648" WIDTH="74" HEIGHT="75" STYLEREFS="font0"/><SP WIDTH="28" VPOS="2648" HPOS="835"/><String ID="p542_w496" CONTENT="to" HPOS="863" VPOS="2648" WIDTH="34" HEIGHT="75" STYLEREFS="font0"/><SP WIDTH="30" VPOS="2648" HPOS="897"/><String ID="p542_w497" CONTENT="eaft," HPOS="927" VPOS="2648" WIDTH="77" HEIGHT="75" STYLEREFS="font0"/><SP WIDTH="30" VPOS="2648" HPOS="1004"/><String ID="p542_w498" CONTENT="let" HPOS="1034" VPOS="2648" WIDTH="47" HEIGHT="75" STYLEREFS="font0"/><SP WIDTH="23" VPOS="2648" HPOS="1081"/><String ID="p542_w499" CONTENT="the" HPOS="1104" VPOS="2648" WIDTH="55" HEIGHT="75" STYLEREFS="font0"/><SP WIDTH="16" VPOS="2648" HPOS="1159"/><String ID="p542_w500" CONTENT="globe" HPOS="1175" VPOS="2648" WIDTH="95" HEIGHT="75" STYLEREFS="font0"/></TextLine><TextLine WIDTH="1028" HEIGHT="75" ID="p542_t53" HPOS="241" VPOS="2695"><String ID="p542_w501" CONTENT="down" HPOS="241" VPOS="2695" WIDTH="95" HEIGHT="75" STYLEREFS="font0"/><SP WIDTH="18" VPOS="2695" HPOS="336"/><String ID="p542_w502" CONTENT="into" HPOS="354" VPOS="2695" WIDTH="68" HEIGHT="75" STYLEREFS="font0"/><SP WIDTH="27" VPOS="2695" HPOS="422"/><String ID="p542_w503" CONTENT="the" HPOS="449" VPOS="2695" WIDTH="56" HEIGHT="75" STYLEREFS="font0"/><SP WIDTH="27" VPOS="2695" HPOS="505"/><String ID="p542_w504" CONTENT="lowermoft" HPOS="532" VPOS="2695" WIDTH="178" HEIGHT="75" STYLEREFS="font0"/><SP WIDTH="18" VPOS="2695" HPOS="710"/><String ID="p542_w505" CONTENT="part" HPOS="728" VPOS="2695" WIDTH="71" HEIGHT="75" STYLEREFS="font0"/><SP WIDTH="27" VPOS="2695" HPOS="799"/><String ID="p542_w506" CONTENT="of" HPOS="826" VPOS="2695" WIDTH="41" HEIGHT="75" STYLEREFS="font0"/><SP WIDTH="22" VPOS="2695" HPOS="867"/><String ID="p542_w507" CONTENT="the" HPOS="889" VPOS="2695" WIDTH="55" HEIGHT="75" STYLEREFS="font0"/><SP WIDTH="17" VPOS="2695" HPOS="944"/><String ID="p542_w508" CONTENT="wire" HPOS="961" VPOS="2695" WIDTH="76" HEIGHT="75" STYLEREFS="font0"/><SP WIDTH="17" VPOS="2695" HPOS="1037"/><String ID="p542_w509" CONTENT="circle" HPOS="1054" VPOS="2695" WIDTH="95" HEIGHT="75" STYLEREFS="font0"/><SP WIDTH="24" VPOS="2695" HPOS="1149"/><String ID="p542_w510" CONTENT="at" HPOS="1173" VPOS="2695" WIDTH="33" HEIGHT="75" STYLEREFS="font0"/><SP WIDTH="17" VPOS="2695" HPOS="1206"/><String ID="p542_w511" CONTENT="rs," HPOS="1223" VPOS="2695" WIDTH="46" HEIGHT="75" STYLEREFS="font0"/></TextLine><TextLine WIDTH="1030" HEIGHT="75" ID="p542_t54" HPOS="241" VPOS="2743"><String ID="p542_w512" CONTENT="and" HPOS="241" VPOS="2743" WIDTH="63" HEIGHT="75" STYLEREFS="font0"/><SP WIDTH="23" VPOS="2743" HPOS="304"/><String ID="p542_w513" CONTENT="if" HPOS="327" VPOS="2743" WIDTH="30" HEIGHT="75" STYLEREFS="font0"/><SP WIDTH="19" VPOS="2743" HPOS="357"/><String ID="p542_w514" CONTENT="the" HPOS="376" VPOS="2743" WIDTH="54" HEIGHT="75" STYLEREFS="font0"/><SP WIDTH="25" VPOS="2743" HPOS="430"/><String ID="p542_w515" CONTENT="circle" HPOS="455" VPOS="2743" WIDTH="96" HEIGHT="75" STYLEREFS="font0"/><SP WIDTH="24" VPOS="2743" HPOS="551"/><String ID="p542_w516" CONTENT="be" HPOS="575" VPOS="2743" WIDTH="40" HEIGHT="75" STYLEREFS="font0"/><SP WIDTH="22" VPOS="2743" HPOS="615"/><String ID="p542_w517" CONTENT="properly" HPOS="637" VPOS="2743" WIDTH="150" HEIGHT="75" STYLEREFS="font0"/><SP WIDTH="24" VPOS="2743" HPOS="787"/><String ID="p542_w518" CONTENT="inclined," HPOS="811" VPOS="2743" WIDTH="151" HEIGHT="75" STYLEREFS="font0"/><SP WIDTH="26" VPOS="2743" HPOS="962"/><String ID="p542_w519" CONTENT="the" HPOS="988" VPOS="2743" WIDTH="56" HEIGHT="75" STYLEREFS="font0"/><SP WIDTH="28" VPOS="2743" HPOS="1044"/><String ID="p542_w520" CONTENT="candle" HPOS="1072" VPOS="2743" WIDTH="110" HEIGHT="75" STYLEREFS="font0"/><SP WIDTH="23" VPOS="2743" HPOS="1182"/><String ID="p542_w521" CONTENT="will" HPOS="1205" VPOS="2743" WIDTH="66" HEIGHT="75" STYLEREFS="font0"/></TextLine><TextLine WIDTH="1033" HEIGHT="75" ID="p542_t55" HPOS="240" VPOS="2789"><String ID="p542_w522" CONTENT="fhine" HPOS="240" VPOS="2789" WIDTH="85" HEIGHT="75" STYLEREFS="font0"/><SP WIDTH="17" VPOS="2789" HPOS="325"/><String ID="p542_w523" CONTENT="perpendicularly" HPOS="342" VPOS="2789" WIDTH="272" HEIGHT="75" STYLEREFS="font0"/><SP WIDTH="28" VPOS="2789" HPOS="614"/><String ID="p542_w524" CONTENT="on" HPOS="642" VPOS="2789" WIDTH="41" HEIGHT="75" STYLEREFS="font0"/><SP WIDTH="27" VPOS="2789" HPOS="683"/><String ID="p542_w525" CONTENT="the" HPOS="710" VPOS="2789" WIDTH="55" HEIGHT="75" STYLEREFS="font0"/><SP WIDTH="23" VPOS="2789" HPOS="765"/><String ID="p542_w526" CONTENT="tropic" HPOS="788" VPOS="2789" WIDTH="102" HEIGHT="75" STYLEREFS="font0"/><SP WIDTH="24" VPOS="2789" HPOS="890"/><String ID="p542_w527" CONTENT="of" HPOS="914" VPOS="2789" WIDTH="40" HEIGHT="75" STYLEREFS="font0"/><SP WIDTH="23" VPOS="2789" HPOS="954"/><String ID="p542_w528" CONTENT="Cancer," HPOS="977" VPOS="2789" WIDTH="137" HEIGHT="75" STYLEREFS="font0"/><SP WIDTH="25" VPOS="2789" HPOS="1114"/><String ID="p542_w529" CONTENT="and" HPOS="1139" VPOS="2789" WIDTH="64" HEIGHT="75" STYLEREFS="font0"/><SP WIDTH="14" VPOS="2789" HPOS="1203"/><String ID="p542_w530" CONTENT="the" HPOS="1217" VPOS="2789" WIDTH="56" HEIGHT="75" STYLEREFS="font0"/></TextLine><TextLine WIDTH="1032" HEIGHT="75" ID="p542_t56" HPOS="240" VPOS="2836"><String ID="p542_w531" CONTENT="frigid" HPOS="240" VPOS="2836" WIDTH="97" HEIGHT="75" STYLEREFS="font0"/><SP WIDTH="18" VPOS="2836" HPOS="337"/><String ID="p542_w532" CONTENT="zone,Tying" HPOS="355" VPOS="2836" WIDTH="208" HEIGHT="75" STYLEREFS="font0"/><SP WIDTH="16" VPOS="2836" HPOS="563"/><String ID="p542_w533" CONTENT="within" HPOS="579" VPOS="2836" WIDTH="111" HEIGHT="75" STYLEREFS="font0"/><SP WIDTH="16" VPOS="2836" HPOS="690"/><String ID="p542_w534" CONTENT="the" HPOS="706" VPOS="2836" WIDTH="56" HEIGHT="75" STYLEREFS="font0"/><SP WIDTH="16" VPOS="2836" HPOS="762"/><String ID="p542_w535" CONTENT="ardic" HPOS="778" VPOS="2836" WIDTH="96" HEIGHT="75" STYLEREFS="font0"/><SP WIDTH="16" VPOS="2836" HPOS="874"/><String ID="p542_w536" CONTENT="or" HPOS="890" VPOS="2836" WIDTH="37" HEIGHT="75" STYLEREFS="font0"/><SP WIDTH="15" VPOS="2836" HPOS="927"/><String ID="p542_w537" CONTENT="north" HPOS="942" VPOS="2836" WIDTH="95" HEIGHT="75" STYLEREFS="font0"/><SP WIDTH="18" VPOS="2836" HPOS="1037"/><String ID="p542_w538" CONTENT="polar" HPOS="1055" VPOS="2836" WIDTH="92" HEIGHT="75" STYLEREFS="font0"/><SP WIDTH="16" VPOS="2836" HPOS="1147"/><String ID="p542_w539" CONTENT="circle," HPOS="1163" VPOS="2836" WIDTH="109" HEIGHT="75" STYLEREFS="font0"/></TextLine><TextLine WIDTH="1032" HEIGHT="75" ID="p542_t57" HPOS="239" VPOS="2882"><String ID="p542_w540" CONTENT="will" HPOS="239" VPOS="2882" WIDTH="67" HEIGHT="75" STYLEREFS="font0"/><SP WIDTH="17" VPOS="2882" HPOS="306"/><String ID="p542_w541" CONTENT="be" HPOS="323" VPOS="2882" WIDTH="39" HEIGHT="75" STYLEREFS="font0"/><SP WIDTH="18" VPOS="2882" HPOS="362"/><String ID="p542_w542" CONTENT="all" HPOS="380" VPOS="2882" WIDTH="41" HEIGHT="75" STYLEREFS="font0"/><SP WIDTH="18" VPOS="2882" HPOS="421"/><String ID="p542_w543" CONTENT="in" HPOS="439" VPOS="2882" WIDTH="31" HEIGHT="75" STYLEREFS="font0"/><SP WIDTH="18" VPOS="2882" HPOS="470"/><String ID="p542_w544" CONTENT="the" HPOS="488" VPOS="2882" WIDTH="54" HEIGHT="75" STYLEREFS="font0"/><SP WIDTH="17" VPOS="2882" HPOS="542"/><String ID="p542_w545" CONTENT="light," HPOS="559" VPOS="2882" WIDTH="96" HEIGHT="75" STYLEREFS="font0"/><SP WIDTH="25" VPOS="2882" HPOS="655"/><String ID="p542_w546" CONTENT="as" HPOS="680" VPOS="2882" WIDTH="33" HEIGHT="75" STYLEREFS="font0"/><SP WIDTH="13" VPOS="2882" HPOS="713"/><String ID="p542_w547" CONTENT="in" HPOS="726" VPOS="2882" WIDTH="33" HEIGHT="75" STYLEREFS="font0"/><SP WIDTH="12" VPOS="2882" HPOS="759"/><String ID="p542_w548" CONTENT="the" HPOS="771" VPOS="2882" WIDTH="54" HEIGHT="75" STYLEREFS="font0"/><SP WIDTH="13" VPOS="2882" HPOS="825"/><String ID="p542_w549" CONTENT="figure;" HPOS="838" VPOS="2882" WIDTH="122" HEIGHT="75" STYLEREFS="font0"/><SP WIDTH="27" VPOS="2882" HPOS="960"/><String ID="p542_w550" CONTENT="and" HPOS="987" VPOS="2882" WIDTH="62" HEIGHT="75" STYLEREFS="font0"/><SP WIDTH="12" VPOS="2882" HPOS="1049"/><String ID="p542_w551" CONTENT="will" HPOS="1061" VPOS="2882" WIDTH="68" HEIGHT="75" STYLEREFS="font0"/><SP WIDTH="13" VPOS="2882" HPOS="1129"/><String ID="p542_w552" CONTENT="keep" HPOS="1142" VPOS="2882" WIDTH="81" HEIGHT="75" STYLEREFS="font0"/><SP WIDTH="16" VPOS="2882" HPOS="1223"/><String ID="p542_w553" CONTENT="in" HPOS="1239" VPOS="2882" WIDTH="32" HEIGHT="75" STYLEREFS="font0"/></TextLine><TextLine WIDTH="1030" HEIGHT="75" ID="p542_t58" HPOS="241" VPOS="2928"><String ID="p542_w554" CONTENT="the" HPOS="241" VPOS="2928" WIDTH="55" HEIGHT="75" STYLEREFS="font0"/><SP WIDTH="16" VPOS="2928" HPOS="296"/><String ID="p542_w555" CONTENT="light," HPOS="312" VPOS="2928" WIDTH="95" HEIGHT="75" STYLEREFS="font0"/><SP WIDTH="24" VPOS="2928" HPOS="407"/><String ID="p542_w556" CONTENT="let" HPOS="431" VPOS="2928" WIDTH="46" HEIGHT="75" STYLEREFS="font0"/><SP WIDTH="11" VPOS="2928" HPOS="477"/><String ID="p542_w557" CONTENT="the" HPOS="488" VPOS="2928" WIDTH="55" HEIGHT="75" STYLEREFS="font0"/><SP WIDTH="17" VPOS="2928" HPOS="543"/><String ID="p542_w558" CONTENT="globe" HPOS="560" VPOS="2928" WIDTH="94" HEIGHT="75" STYLEREFS="font0"/><SP WIDTH="17" VPOS="2928" HPOS="654"/><String ID="p542_w559" CONTENT="turn" HPOS="671" VPOS="2928" WIDTH="72" HEIGHT="75" STYLEREFS="font0"/><SP WIDTH="17" VPOS="2928" HPOS="743"/><String ID="p542_w560" CONTENT="round" HPOS="760" VPOS="2928" WIDTH="103" HEIGHT="75" STYLEREFS="font0"/><SP WIDTH="15" VPOS="2928" HPOS="863"/><String ID="p542_w561" CONTENT="its" HPOS="878" VPOS="2928" WIDTH="42" HEIGHT="75" STYLEREFS="font0"/><SP WIDTH="18" VPOS="2928" HPOS="920"/><String ID="p542_w562" CONTENT="axis" HPOS="938" VPOS="2928" WIDTH="69" HEIGHT="75" STYLEREFS="font0"/><SP WIDTH="17" VPOS="2928" HPOS="1007"/><String ID="p542_w563" CONTENT="ever" HPOS="1024" VPOS="2928" WIDTH="75" HEIGHT="75" STYLEREFS="font0"/><SP WIDTH="19" VPOS="2928" HPOS="1099"/><String ID="p542_w564" CONTENT="fo" HPOS="1118" VPOS="2928" WIDTH="34" HEIGHT="75" STYLEREFS="font0"/><SP WIDTH="16" VPOS="2928" HPOS="1152"/><String ID="p542_w565" CONTENT="often." HPOS="1168" VPOS="2928" WIDTH="103" HEIGHT="75" STYLEREFS="font0"/></TextLine><TextLine WIDTH="1031" HEIGHT="75" ID="p542_t59" HPOS="241" VPOS="2975"><String ID="p542_w566" CONTENT="From" HPOS="241" VPOS="2975" WIDTH="98" HEIGHT="75" STYLEREFS="font0"/><SP WIDTH="17" VPOS="2975" HPOS="339"/><String ID="p542_w567" CONTENT="the" HPOS="356" VPOS="2975" WIDTH="56" HEIGHT="75" STYLEREFS="font0"/><SP WIDTH="16" VPOS="2975" HPOS="412"/><String ID="p542_w568" CONTENT="equator" HPOS="428" VPOS="2975" WIDTH="136" HEIGHT="75" STYLEREFS="font0"/><SP WIDTH="17" VPOS="2975" HPOS="564"/><String ID="p542_w569" CONTENT="to" HPOS="581" VPOS="2975" WIDTH="34" HEIGHT="75" STYLEREFS="font0"/><SP WIDTH="17" VPOS="2975" HPOS="615"/><String ID="p542_w570" CONTENT="the" HPOS="632" VPOS="2975" WIDTH="55" HEIGHT="75" STYLEREFS="font0"/><SP WIDTH="17" VPOS="2975" HPOS="687"/><String ID="p542_w571" CONTENT="north" HPOS="704" VPOS="2975" WIDTH="95" HEIGHT="75" STYLEREFS="font0"/><SP WIDTH="18" VPOS="2975" HPOS="799"/><String ID="p542_w572" CONTENT="polar" HPOS="817" VPOS="2975" WIDTH="89" HEIGHT="75" STYLEREFS="font0"/><SP WIDTH="17" VPOS="2975" HPOS="906"/><String ID="p542_w573" CONTENT="circle" HPOS="923" VPOS="2975" WIDTH="96" HEIGHT="75" STYLEREFS="font0"/><SP WIDTH="17" VPOS="2975" HPOS="1019"/><String ID="p542_w574" CONTENT="all" HPOS="1036" VPOS="2975" WIDTH="42" HEIGHT="75" STYLEREFS="font0"/><SP WIDTH="18" VPOS="2975" HPOS="1078"/><String ID="p542_w575" CONTENT="the" HPOS="1096" VPOS="2975" WIDTH="54" HEIGHT="75" STYLEREFS="font0"/><SP WIDTH="17" VPOS="2975" HPOS="1150"/><String ID="p542_w576" CONTENT="places" HPOS="1167" VPOS="2975" WIDTH="105" HEIGHT="75" STYLEREFS="font0"/></TextLine><TextLine WIDTH="1029" HEIGHT="75" ID="p542_t60" HPOS="241" VPOS="3021"><String ID="p542_w577" CONTENT="have" HPOS="241" VPOS="3021" WIDTH="80" HEIGHT="75" STYLEREFS="font0"/><SP WIDTH="16" VPOS="3021" HPOS="321"/><String ID="p542_w578" CONTENT="longer" HPOS="337" VPOS="3021" WIDTH="111" HEIGHT="75" STYLEREFS="font0"/><SP WIDTH="16" VPOS="3021" HPOS="448"/><String ID="p542_w579" CONTENT="days" HPOS="464" VPOS="3021" WIDTH="78" HEIGHT="75" STYLEREFS="font0"/><SP WIDTH="18" VPOS="3021" HPOS="542"/><String ID="p542_w580" CONTENT="and" HPOS="560" VPOS="3021" WIDTH="62" HEIGHT="75" STYLEREFS="font0"/><SP WIDTH="16" VPOS="3021" HPOS="622"/><String ID="p542_w581" CONTENT="fhorter" HPOS="638" VPOS="3021" WIDTH="122" HEIGHT="75" STYLEREFS="font0"/><SP WIDTH="17" VPOS="3021" HPOS="760"/><String ID="p542_w582" CONTENT="nights;" HPOS="777" VPOS="3021" WIDTH="129" HEIGHT="75" STYLEREFS="font0"/><SP WIDTH="26" VPOS="3021" HPOS="906"/><String ID="p542_w583" CONTENT="but" HPOS="932" VPOS="3021" WIDTH="59" HEIGHT="75" STYLEREFS="font0"/><SP WIDTH="15" VPOS="3021" HPOS="991"/><String ID="p542_w584" CONTENT="from" HPOS="1006" VPOS="3021" WIDTH="86" HEIGHT="75" STYLEREFS="font0"/><SP WIDTH="12" VPOS="3021" HPOS="1092"/><String ID="p542_w585" CONTENT="the" HPOS="1104" VPOS="3021" WIDTH="55" HEIGHT="75" STYLEREFS="font0"/><SP WIDTH="13" VPOS="3021" HPOS="1159"/><String ID="p542_w586" CONTENT="equa-" HPOS="1172" VPOS="3021" WIDTH="98" HEIGHT="75" STYLEREFS="font0"/></TextLine><TextLine WIDTH="423" HEIGHT="75" ID="p542_t61" HPOS="1363" VPOS="166"><String ID="p542_w587" CONTENT="N" HPOS="1363" VPOS="166" WIDTH="43" HEIGHT="75" STYLEREFS="font0"/><SP WIDTH="79" VPOS="166" HPOS="1406"/><String ID="p542_w588" CONTENT="O" HPOS="1485" VPOS="166" WIDTH="41" HEIGHT="75" STYLEREFS="font0"/><SP WIDTH="80" VPOS="166" HPOS="1526"/><String ID="p542_w589" CONTENT="M" HPOS="1606" VPOS="166" WIDTH="49" HEIGHT="75" STYLEREFS="font0"/><SP WIDTH="77" VPOS="166" HPOS="1655"/><String ID="p542_w590" CONTENT="Y." HPOS="1732" VPOS="166" WIDTH="54" HEIGHT="75" STYLEREFS="font0"/></TextLine><TextLine WIDTH="1034" HEIGHT="75" ID="p542_t62" HPOS="1305" VPOS="234"><String ID="p542_w591" CONTENT="tor" HPOS="1305" VPOS="234" WIDTH="51" HEIGHT="75" STYLEREFS="font0"/><SP WIDTH="17" VPOS="234" HPOS="1356"/><String ID="p542_w592" CONTENT="to" HPOS="1373" VPOS="234" WIDTH="36" HEIGHT="75" STYLEREFS="font0"/><SP WIDTH="28" VPOS="234" HPOS="1409"/><String ID="p542_w593" CONTENT="the" HPOS="1437" VPOS="234" WIDTH="55" HEIGHT="75" STYLEREFS="font0"/><SP WIDTH="16" VPOS="234" HPOS="1492"/><String ID="p542_w594" CONTENT="fouth" HPOS="1508" VPOS="234" WIDTH="94" HEIGHT="75" STYLEREFS="font0"/><SP WIDTH="24" VPOS="234" HPOS="1602"/><String ID="p542_w595" CONTENT="polar" HPOS="1626" VPOS="234" WIDTH="91" HEIGHT="75" STYLEREFS="font0"/><SP WIDTH="23" VPOS="234" HPOS="1717"/><String ID="p542_w596" CONTENT="circle" HPOS="1740" VPOS="234" WIDTH="96" HEIGHT="75" STYLEREFS="font0"/><SP WIDTH="14" VPOS="234" HPOS="1836"/><String ID="p542_w597" CONTENT="juft" HPOS="1850" VPOS="234" WIDTH="63" HEIGHT="75" STYLEREFS="font0"/><SP WIDTH="25" VPOS="234" HPOS="1913"/><String ID="p542_w598" CONTENT="the" HPOS="1938" VPOS="234" WIDTH="54" HEIGHT="75" STYLEREFS="font0"/><SP WIDTH="18" VPOS="234" HPOS="1992"/><String ID="p542_w599" CONTENT="reverfe." HPOS="2010" VPOS="234" WIDTH="134" HEIGHT="75" STYLEREFS="font0"/><SP WIDTH="50" VPOS="234" HPOS="2144"/><String ID="p542_w600" CONTENT="The" HPOS="2194" VPOS="234" WIDTH="75" HEIGHT="75" STYLEREFS="font0"/><SP WIDTH="16" VPOS="234" HPOS="2269"/><String ID="p542_w601" CONTENT="fun" HPOS="2285" VPOS="234" WIDTH="54" HEIGHT="75" STYLEREFS="font0"/></TextLine><TextLine WIDTH="1033" HEIGHT="75" ID="p542_t63" HPOS="1308" VPOS="281"><String ID="p542_w602" CONTENT="does" HPOS="1308" VPOS="281" WIDTH="77" HEIGHT="75" STYLEREFS="font0"/><SP WIDTH="16" VPOS="281" HPOS="1385"/><String ID="p542_w603" CONTENT="not" HPOS="1401" VPOS="281" WIDTH="57" HEIGHT="75" STYLEREFS="font0"/><SP WIDTH="17" VPOS="281" HPOS="1458"/><String ID="p542_w604" CONTENT="fet" HPOS="1475" VPOS="281" WIDTH="46" HEIGHT="75" STYLEREFS="font0"/><SP WIDTH="28" VPOS="281" HPOS="1521"/><String ID="p542_w605" CONTENT="to" HPOS="1549" VPOS="281" WIDTH="34" HEIGHT="75" STYLEREFS="font0"/><SP WIDTH="29" VPOS="281" HPOS="1583"/><String ID="p542_w606" CONTENT="any" HPOS="1612" VPOS="281" WIDTH="62" HEIGHT="75" STYLEREFS="font0"/><SP WIDTH="17" VPOS="281" HPOS="1674"/><String ID="p542_w607" CONTENT="part" HPOS="1691" VPOS="281" WIDTH="71" HEIGHT="75" STYLEREFS="font0"/><SP WIDTH="30" VPOS="281" HPOS="1762"/><String ID="p542_w608" CONTENT="of" HPOS="1792" VPOS="281" WIDTH="40" HEIGHT="75" STYLEREFS="font0"/><SP WIDTH="22" VPOS="281" HPOS="1832"/><String ID="p542_w609" CONTENT="the" HPOS="1854" VPOS="281" WIDTH="56" HEIGHT="75" STYLEREFS="font0"/><SP WIDTH="28" VPOS="281" HPOS="1910"/><String ID="p542_w610" CONTENT="north" HPOS="1938" VPOS="281" WIDTH="96" HEIGHT="75" STYLEREFS="font0"/><SP WIDTH="28" VPOS="281" HPOS="2034"/><String ID="p542_w611" CONTENT="frigid" HPOS="2062" VPOS="281" WIDTH="98" HEIGHT="75" STYLEREFS="font0"/><SP WIDTH="28" VPOS="281" HPOS="2160"/><String ID="p542_w612" CONTENT="zone," HPOS="2188" VPOS="281" WIDTH="95" HEIGHT="75" STYLEREFS="font0"/><SP WIDTH="23" VPOS="281" HPOS="2283"/><String ID="p542_w613" CONTENT="as" HPOS="2306" VPOS="281" WIDTH="35" HEIGHT="75" STYLEREFS="font0"/></TextLine><TextLine WIDTH="1035" HEIGHT="75" ID="p542_t64" HPOS="1308" VPOS="327"><String ID="p542_w614" CONTENT="Ihewn" HPOS="1308" VPOS="327" WIDTH="103" HEIGHT="75" STYLEREFS="font0"/><SP WIDTH="17" VPOS="327" HPOS="1411"/><String ID="p542_w615" CONTENT="by" HPOS="1428" VPOS="327" WIDTH="44" HEIGHT="75" STYLEREFS="font0"/><SP WIDTH="16" VPOS="327" HPOS="1472"/><String ID="p542_w616" CONTENT="the" HPOS="1488" VPOS="327" WIDTH="56" HEIGHT="75" STYLEREFS="font0"/><SP WIDTH="16" VPOS="327" HPOS="1544"/><String ID="p542_w617" CONTENT="candle’s" HPOS="1560" VPOS="327" WIDTH="140" HEIGHT="75" STYLEREFS="font0"/><SP WIDTH="24" VPOS="327" HPOS="1700"/><String ID="p542_w618" CONTENT="ftiining" HPOS="1724" VPOS="327" WIDTH="122" HEIGHT="75" STYLEREFS="font0"/><SP WIDTH="16" VPOS="327" HPOS="1846"/><String ID="p542_w619" CONTENT="on" HPOS="1862" VPOS="327" WIDTH="41" HEIGHT="75" STYLEREFS="font0"/><SP WIDTH="16" VPOS="327" HPOS="1903"/><String ID="p542_w620" CONTENT="it," HPOS="1919" VPOS="327" WIDTH="38" HEIGHT="75" STYLEREFS="font0"/><SP WIDTH="26" VPOS="327" HPOS="1957"/><String ID="p542_w621" CONTENT="fo" HPOS="1983" VPOS="327" WIDTH="33" HEIGHT="75" STYLEREFS="font0"/><SP WIDTH="25" VPOS="327" HPOS="2016"/><String ID="p542_w622" CONTENT="that" HPOS="2041" VPOS="327" WIDTH="72" HEIGHT="75" STYLEREFS="font0"/><SP WIDTH="24" VPOS="327" HPOS="2113"/><String ID="p542_w623" CONTENT="the" HPOS="2137" VPOS="327" WIDTH="56" HEIGHT="75" STYLEREFS="font0"/><SP WIDTH="26" VPOS="327" HPOS="2193"/><String ID="p542_w624" CONTENT="motion" HPOS="2219" VPOS="327" WIDTH="124" HEIGHT="75" STYLEREFS="font0"/></TextLine><TextLine WIDTH="1035" HEIGHT="75" ID="p542_t65" HPOS="1309" VPOS="373"><String ID="p542_w625" CONTENT="of" HPOS="1309" VPOS="373" WIDTH="40" HEIGHT="75" STYLEREFS="font0"/><SP WIDTH="17" VPOS="373" HPOS="1349"/><String ID="p542_w626" CONTENT="the" HPOS="1366" VPOS="373" WIDTH="56" HEIGHT="75" STYLEREFS="font0"/><SP WIDTH="17" VPOS="373" HPOS="1422"/><String ID="p542_w627" CONTENT="globe" HPOS="1439" VPOS="373" WIDTH="95" HEIGHT="75" STYLEREFS="font0"/><SP WIDTH="24" VPOS="373" HPOS="1534"/><String ID="p542_w628" CONTENT="can" HPOS="1558" VPOS="373" WIDTH="57" HEIGHT="75" STYLEREFS="font0"/><SP WIDTH="17" VPOS="373" HPOS="1615"/><String ID="p542_w629" CONTENT="carry" HPOS="1632" VPOS="373" WIDTH="94" HEIGHT="75" STYLEREFS="font0"/><SP WIDTH="16" VPOS="373" HPOS="1726"/><String ID="p542_w630" CONTENT="no" HPOS="1742" VPOS="373" WIDTH="42" HEIGHT="75" STYLEREFS="font0"/><SP WIDTH="27" VPOS="373" HPOS="1784"/><String ID="p542_w631" CONTENT="place" HPOS="1811" VPOS="373" WIDTH="90" HEIGHT="75" STYLEREFS="font0"/><SP WIDTH="27" VPOS="373" HPOS="1901"/><String ID="p542_w632" CONTENT="of" HPOS="1928" VPOS="373" WIDTH="41" HEIGHT="75" STYLEREFS="font0"/><SP WIDTH="22" VPOS="373" HPOS="1969"/><String ID="p542_w633" CONTENT="that" HPOS="1991" VPOS="373" WIDTH="72" HEIGHT="75" STYLEREFS="font0"/><SP WIDTH="26" VPOS="373" HPOS="2063"/><String ID="p542_w634" CONTENT="zone" HPOS="2089" VPOS="373" WIDTH="82" HEIGHT="75" STYLEREFS="font0"/><SP WIDTH="23" VPOS="373" HPOS="2171"/><String ID="p542_w635" CONTENT="into" HPOS="2194" VPOS="373" WIDTH="69" HEIGHT="75" STYLEREFS="font0"/><SP WIDTH="24" VPOS="373" HPOS="2263"/><String ID="p542_w636" CONTENT="the" HPOS="2287" VPOS="373" WIDTH="57" HEIGHT="75" STYLEREFS="font0"/></TextLine><TextLine WIDTH="1033" HEIGHT="75" ID="p542_t66" HPOS="1310" VPOS="420"><String ID="p542_w637" CONTENT="dark" HPOS="1310" VPOS="420" WIDTH="79" HEIGHT="75" STYLEREFS="font0"/><SP WIDTH="16" VPOS="420" HPOS="1389"/><String ID="p542_w638" CONTENT=":" HPOS="1405" VPOS="420" WIDTH="8" HEIGHT="75" STYLEREFS="font0"/><SP WIDTH="30" VPOS="420" HPOS="1413"/><String ID="p542_w639" CONTENT="And," HPOS="1443" VPOS="420" WIDTH="88" HEIGHT="75" STYLEREFS="font0"/><SP WIDTH="26" VPOS="420" HPOS="1531"/><String ID="p542_w640" CONTENT="at" HPOS="1557" VPOS="420" WIDTH="32" HEIGHT="75" STYLEREFS="font0"/><SP WIDTH="18" VPOS="420" HPOS="1589"/><String ID="p542_w641" CONTENT="the" HPOS="1607" VPOS="420" WIDTH="54" HEIGHT="75" STYLEREFS="font0"/><SP WIDTH="24" VPOS="420" HPOS="1661"/><String ID="p542_w642" CONTENT="fame" HPOS="1685" VPOS="420" WIDTH="83" HEIGHT="75" STYLEREFS="font0"/><SP WIDTH="16" VPOS="420" HPOS="1768"/><String ID="p542_w643" CONTENT="time," HPOS="1784" VPOS="420" WIDTH="90" HEIGHT="75" STYLEREFS="font0"/><SP WIDTH="26" VPOS="420" HPOS="1874"/><String ID="p542_w644" CONTENT="the" HPOS="1900" VPOS="420" WIDTH="55" HEIGHT="75" STYLEREFS="font0"/><SP WIDTH="27" VPOS="420" HPOS="1955"/><String ID="p542_w645" CONTENT="fouth" HPOS="1982" VPOS="420" WIDTH="92" HEIGHT="75" STYLEREFS="font0"/><SP WIDTH="28" VPOS="420" HPOS="2074"/><String ID="p542_w646" CONTENT="frigid" HPOS="2102" VPOS="420" WIDTH="100" HEIGHT="75" STYLEREFS="font0"/><SP WIDTH="16" VPOS="420" HPOS="2202"/><String ID="p542_w647" CONTENT="zone" HPOS="2218" VPOS="420" WIDTH="81" HEIGHT="75" STYLEREFS="font0"/><SP WIDTH="17" VPOS="420" HPOS="2299"/><String ID="p542_w648" CONTENT="is" HPOS="2316" VPOS="420" WIDTH="27" HEIGHT="75" STYLEREFS="font0"/></TextLine><TextLine WIDTH="1033" HEIGHT="75" ID="p542_t67" HPOS="1312" VPOS="467"><String ID="p542_w649" CONTENT="involved" HPOS="1312" VPOS="467" WIDTH="149" HEIGHT="75" STYLEREFS="font0"/><SP WIDTH="17" VPOS="467" HPOS="1461"/><String ID="p542_w650" CONTENT="in" HPOS="1478" VPOS="467" WIDTH="31" HEIGHT="75" STYLEREFS="font0"/><SP WIDTH="18" VPOS="467" HPOS="1509"/><String ID="p542_w651" CONTENT="darknefs," HPOS="1527" VPOS="467" WIDTH="165" HEIGHT="75" STYLEREFS="font0"/><SP WIDTH="26" VPOS="467" HPOS="1692"/><String ID="p542_w652" CONTENT="and" HPOS="1718" VPOS="467" WIDTH="63" HEIGHT="75" STYLEREFS="font0"/><SP WIDTH="15" VPOS="467" HPOS="1781"/><String ID="p542_w653" CONTENT="the" HPOS="1796" VPOS="467" WIDTH="54" HEIGHT="75" STYLEREFS="font0"/><SP WIDTH="18" VPOS="467" HPOS="1850"/><String ID="p542_w654" CONTENT="turning" HPOS="1868" VPOS="467" WIDTH="128" HEIGHT="75" STYLEREFS="font0"/><SP WIDTH="12" VPOS="467" HPOS="1996"/><String ID="p542_w655" CONTENT="of" HPOS="2008" VPOS="467" WIDTH="39" HEIGHT="75" STYLEREFS="font0"/><SP WIDTH="10" VPOS="467" HPOS="2047"/><String ID="p542_w656" CONTENT="the" HPOS="2057" VPOS="467" WIDTH="56" HEIGHT="75" STYLEREFS="font0"/><SP WIDTH="17" VPOS="467" HPOS="2113"/><String ID="p542_w657" CONTENT="globe" HPOS="2130" VPOS="467" WIDTH="94" HEIGHT="75" STYLEREFS="font0"/><SP WIDTH="11" VPOS="467" HPOS="2224"/><String ID="p542_w658" CONTENT="brings" HPOS="2235" VPOS="467" WIDTH="110" HEIGHT="75" STYLEREFS="font0"/></TextLine><TextLine WIDTH="1033" HEIGHT="75" ID="p542_t68" HPOS="1311" VPOS="513"><String ID="p542_w659" CONTENT="none" HPOS="1311" VPOS="513" WIDTH="81" HEIGHT="75" STYLEREFS="font0"/><SP WIDTH="17" VPOS="513" HPOS="1392"/><String ID="p542_w660" CONTENT="of" HPOS="1409" VPOS="513" WIDTH="40" HEIGHT="75" STYLEREFS="font0"/><SP WIDTH="10" VPOS="513" HPOS="1449"/><String ID="p542_w661" CONTENT="its" HPOS="1459" VPOS="513" WIDTH="42" HEIGHT="75" STYLEREFS="font0"/><SP WIDTH="17" VPOS="513" HPOS="1501"/><String ID="p542_w662" CONTENT="places" HPOS="1518" VPOS="513" WIDTH="106" HEIGHT="75" STYLEREFS="font0"/><SP WIDTH="15" VPOS="513" HPOS="1624"/><String ID="p542_w663" CONTENT="into" HPOS="1639" VPOS="513" WIDTH="70" HEIGHT="75" STYLEREFS="font0"/><SP WIDTH="15" VPOS="513" HPOS="1709"/><String ID="p542_w664" CONTENT="the" HPOS="1724" VPOS="513" WIDTH="56" HEIGHT="75" STYLEREFS="font0"/><SP WIDTH="15" VPOS="513" HPOS="1780"/><String ID="p542_w665" CONTENT="light." HPOS="1795" VPOS="513" WIDTH="95" HEIGHT="75" STYLEREFS="font0"/><SP WIDTH="50" VPOS="513" HPOS="1890"/><String ID="p542_w666" CONTENT="If" HPOS="1940" VPOS="513" WIDTH="36" HEIGHT="75" STYLEREFS="font0"/><SP WIDTH="23" VPOS="513" HPOS="1976"/><String ID="p542_w667" CONTENT="the" HPOS="1999" VPOS="513" WIDTH="56" HEIGHT="75" STYLEREFS="font0"/><SP WIDTH="26" VPOS="513" HPOS="2055"/><String ID="p542_w668" CONTENT="earth" HPOS="2081" VPOS="513" WIDTH="91" HEIGHT="75" STYLEREFS="font0"/><SP WIDTH="25" VPOS="513" HPOS="2172"/><String ID="p542_w669" CONTENT="were" HPOS="2197" VPOS="513" WIDTH="84" HEIGHT="75" STYLEREFS="font0"/><SP WIDTH="28" VPOS="513" HPOS="2281"/><String ID="p542_w670" CONTENT="to" HPOS="2309" VPOS="513" WIDTH="35" HEIGHT="75" STYLEREFS="font0"/></TextLine><TextLine WIDTH="1033" HEIGHT="75" ID="p542_t69" HPOS="1311" VPOS="561"><String ID="p542_w671" CONTENT="continue" HPOS="1311" VPOS="561" WIDTH="148" HEIGHT="75" STYLEREFS="font0"/><SP WIDTH="16" VPOS="561" HPOS="1459"/><String ID="p542_w672" CONTENT="in" HPOS="1475" VPOS="561" WIDTH="32" HEIGHT="75" STYLEREFS="font0"/><SP WIDTH="19" VPOS="561" HPOS="1507"/><String ID="p542_w673" CONTENT="the" HPOS="1526" VPOS="561" WIDTH="54" HEIGHT="75" STYLEREFS="font0"/><SP WIDTH="17" VPOS="561" HPOS="1580"/><String ID="p542_w674" CONTENT="like" HPOS="1597" VPOS="561" WIDTH="65" HEIGHT="75" STYLEREFS="font0"/><SP WIDTH="17" VPOS="561" HPOS="1662"/><String ID="p542_w675" CONTENT="part" HPOS="1679" VPOS="561" WIDTH="70" HEIGHT="75" STYLEREFS="font0"/><SP WIDTH="17" VPOS="561" HPOS="1749"/><String ID="p542_w676" CONTENT="of" HPOS="1766" VPOS="561" WIDTH="40" HEIGHT="75" STYLEREFS="font0"/><SP WIDTH="11" VPOS="561" HPOS="1806"/><String ID="p542_w677" CONTENT="its" HPOS="1817" VPOS="561" WIDTH="41" HEIGHT="75" STYLEREFS="font0"/><SP WIDTH="17" VPOS="561" HPOS="1858"/><String ID="p542_w678" CONTENT="orbit," HPOS="1875" VPOS="561" WIDTH="97" HEIGHT="75" STYLEREFS="font0"/><SP WIDTH="18" VPOS="561" HPOS="1972"/><String ID="p542_w679" CONTENT="the" HPOS="1990" VPOS="561" WIDTH="55" HEIGHT="75" STYLEREFS="font0"/><SP WIDTH="17" VPOS="561" HPOS="2045"/><String ID="p542_w680" CONTENT="fun" HPOS="2062" VPOS="561" WIDTH="54" HEIGHT="75" STYLEREFS="font0"/><SP WIDTH="13" VPOS="561" HPOS="2116"/><String ID="p542_w681" CONTENT="would" HPOS="2129" VPOS="561" WIDTH="107" HEIGHT="75" STYLEREFS="font0"/><SP WIDTH="14" VPOS="561" HPOS="2236"/><String ID="p542_w682" CONTENT="never" HPOS="2250" VPOS="561" WIDTH="94" HEIGHT="75" STYLEREFS="font0"/></TextLine><TextLine WIDTH="1035" HEIGHT="75" ID="p542_t70" HPOS="1311" VPOS="606"><String ID="p542_w683" CONTENT="fet" HPOS="1311" VPOS="606" WIDTH="45" HEIGHT="75" STYLEREFS="font0"/><SP WIDTH="18" VPOS="606" HPOS="1356"/><String ID="p542_w684" CONTENT="to" HPOS="1374" VPOS="606" WIDTH="34" HEIGHT="75" STYLEREFS="font0"/><SP WIDTH="18" VPOS="606" HPOS="1408"/><String ID="p542_w685" CONTENT="the" HPOS="1426" VPOS="606" WIDTH="55" HEIGHT="75" STYLEREFS="font0"/><SP WIDTH="14" VPOS="606" HPOS="1481"/><String ID="p542_w686" CONTENT="inhabitants" HPOS="1495" VPOS="606" WIDTH="194" HEIGHT="75" STYLEREFS="font0"/><SP WIDTH="29" VPOS="606" HPOS="1689"/><String ID="p542_w687" CONTENT="of" HPOS="1718" VPOS="606" WIDTH="41" HEIGHT="75" STYLEREFS="font0"/><SP WIDTH="20" VPOS="606" HPOS="1759"/><String ID="p542_w688" CONTENT="the" HPOS="1779" VPOS="606" WIDTH="56" HEIGHT="75" STYLEREFS="font0"/><SP WIDTH="24" VPOS="606" HPOS="1835"/><String ID="p542_w689" CONTENT="north" HPOS="1859" VPOS="606" WIDTH="94" HEIGHT="75" STYLEREFS="font0"/><SP WIDTH="18" VPOS="606" HPOS="1953"/><String ID="p542_w690" CONTENT="frigid" HPOS="1971" VPOS="606" WIDTH="99" HEIGHT="75" STYLEREFS="font0"/><SP WIDTH="16" VPOS="606" HPOS="2070"/><String ID="p542_w691" CONTENT="zone," HPOS="2086" VPOS="606" WIDTH="93" HEIGHT="75" STYLEREFS="font0"/><SP WIDTH="26" VPOS="606" HPOS="2179"/><String ID="p542_w692" CONTENT="nor" HPOS="2205" VPOS="606" WIDTH="59" HEIGHT="75" STYLEREFS="font0"/><SP WIDTH="23" VPOS="606" HPOS="2264"/><String ID="p542_w693" CONTENT="rife" HPOS="2287" VPOS="606" WIDTH="59" HEIGHT="75" STYLEREFS="font0"/></TextLine><TextLine WIDTH="1032" HEIGHT="75" ID="p542_t71" HPOS="1312" VPOS="652"><String ID="p542_w694" CONTENT="to" HPOS="1312" VPOS="652" WIDTH="34" HEIGHT="75" STYLEREFS="font0"/><SP WIDTH="18" VPOS="652" HPOS="1346"/><String ID="p542_w695" CONTENT="thofe" HPOS="1364" VPOS="652" WIDTH="89" HEIGHT="75" STYLEREFS="font0"/><SP WIDTH="17" VPOS="652" HPOS="1453"/><String ID="p542_w696" CONTENT="of" HPOS="1470" VPOS="652" WIDTH="40" HEIGHT="75" STYLEREFS="font0"/><SP WIDTH="11" VPOS="652" HPOS="1510"/><String ID="p542_w697" CONTENT="the" HPOS="1521" VPOS="652" WIDTH="55" HEIGHT="75" STYLEREFS="font0"/><SP WIDTH="17" VPOS="652" HPOS="1576"/><String ID="p542_w698" CONTENT="fouth." HPOS="1593" VPOS="652" WIDTH="106" HEIGHT="75" STYLEREFS="font0"/><SP WIDTH="54" VPOS="652" HPOS="1699"/><String ID="p542_w699" CONTENT="At" HPOS="1753" VPOS="652" WIDTH="44" HEIGHT="75" STYLEREFS="font0"/><SP WIDTH="17" VPOS="652" HPOS="1797"/><String ID="p542_w700" CONTENT="the" HPOS="1814" VPOS="652" WIDTH="55" HEIGHT="75" STYLEREFS="font0"/><SP WIDTH="16" VPOS="652" HPOS="1869"/><String ID="p542_w701" CONTENT="equator" HPOS="1885" VPOS="652" WIDTH="135" HEIGHT="75" STYLEREFS="font0"/><SP WIDTH="27" VPOS="652" HPOS="2020"/><String ID="p542_w702" CONTENT="it" HPOS="2047" VPOS="652" WIDTH="26" HEIGHT="75" STYLEREFS="font0"/><SP WIDTH="28" VPOS="652" HPOS="2073"/><String ID="p542_w703" CONTENT="would" HPOS="2101" VPOS="652" WIDTH="108" HEIGHT="75" STYLEREFS="font0"/><SP WIDTH="24" VPOS="652" HPOS="2209"/><String ID="p542_w704" CONTENT="be" HPOS="2233" VPOS="652" WIDTH="40" HEIGHT="75" STYLEREFS="font0"/><SP WIDTH="26" VPOS="652" HPOS="2273"/><String ID="p542_w705" CONTENT="al-" HPOS="2299" VPOS="652" WIDTH="45" HEIGHT="75" STYLEREFS="font0"/></TextLine><TextLine WIDTH="1033" HEIGHT="75" ID="p542_t72" HPOS="1313" VPOS="699"><String ID="p542_w706" CONTENT="ways" HPOS="1313" VPOS="699" WIDTH="86" HEIGHT="75" STYLEREFS="font0"/><SP WIDTH="25" VPOS="699" HPOS="1399"/><String ID="p542_w707" CONTENT="equal" HPOS="1424" VPOS="699" WIDTH="95" HEIGHT="75" STYLEREFS="font0"/><SP WIDTH="24" VPOS="699" HPOS="1519"/><String ID="p542_w708" CONTENT="day" HPOS="1543" VPOS="699" WIDTH="63" HEIGHT="75" STYLEREFS="font0"/><SP WIDTH="25" VPOS="699" HPOS="1606"/><String ID="p542_w709" CONTENT="and" HPOS="1631" VPOS="699" WIDTH="62" HEIGHT="75" STYLEREFS="font0"/><SP WIDTH="25" VPOS="699" HPOS="1693"/><String ID="p542_w710" CONTENT="night;" HPOS="1718" VPOS="699" WIDTH="113" HEIGHT="75" STYLEREFS="font0"/><SP WIDTH="28" VPOS="699" HPOS="1831"/><String ID="p542_w711" CONTENT="and" HPOS="1859" VPOS="699" WIDTH="62" HEIGHT="75" STYLEREFS="font0"/><SP WIDTH="17" VPOS="699" HPOS="1921"/><String ID="p542_w712" CONTENT="as" HPOS="1938" VPOS="699" WIDTH="33" HEIGHT="75" STYLEREFS="font0"/><SP WIDTH="17" VPOS="699" HPOS="1971"/><String ID="p542_w713" CONTENT="places" HPOS="1988" VPOS="699" WIDTH="104" HEIGHT="75" STYLEREFS="font0"/><SP WIDTH="18" VPOS="699" HPOS="2092"/><String ID="p542_w714" CONTENT="are" HPOS="2110" VPOS="699" WIDTH="53" HEIGHT="75" STYLEREFS="font0"/><SP WIDTH="16" VPOS="699" HPOS="2163"/><String ID="p542_w715" CONTENT="gradually" HPOS="2179" VPOS="699" WIDTH="167" HEIGHT="75" STYLEREFS="font0"/></TextLine><TextLine WIDTH="1041" HEIGHT="75" ID="p542_t73" HPOS="1306" VPOS="746"><String ID="p542_w716" CONTENT=".more" HPOS="1306" VPOS="746" WIDTH="95" HEIGHT="75" STYLEREFS="font0"/><SP WIDTH="28" VPOS="746" HPOS="1401"/><String ID="p542_w717" CONTENT="and" HPOS="1429" VPOS="746" WIDTH="62" HEIGHT="75" STYLEREFS="font0"/><SP WIDTH="16" VPOS="746" HPOS="1491"/><String ID="p542_w718" CONTENT="more" HPOS="1507" VPOS="746" WIDTH="88" HEIGHT="75" STYLEREFS="font0"/><SP WIDTH="28" VPOS="746" HPOS="1595"/><String ID="p542_w719" CONTENT="diftant" HPOS="1623" VPOS="746" WIDTH="115" HEIGHT="75" STYLEREFS="font0"/><SP WIDTH="25" VPOS="746" HPOS="1738"/><String ID="p542_w720" CONTENT="from" HPOS="1763" VPOS="746" WIDTH="85" HEIGHT="75" STYLEREFS="font0"/><SP WIDTH="28" VPOS="746" HPOS="1848"/><String ID="p542_w721" CONTENT="the" HPOS="1876" VPOS="746" WIDTH="55" HEIGHT="75" STYLEREFS="font0"/><SP WIDTH="28" VPOS="746" HPOS="1931"/><String ID="p542_w722" CONTENT="equator," HPOS="1959" VPOS="746" WIDTH="148" HEIGHT="75" STYLEREFS="font0"/><SP WIDTH="26" VPOS="746" HPOS="2107"/><String ID="p542_w723" CONTENT="towards" HPOS="2133" VPOS="746" WIDTH="141" HEIGHT="75" STYLEREFS="font0"/><SP WIDTH="17" VPOS="746" HPOS="2274"/><String ID="p542_w724" CONTENT="the" HPOS="2291" VPOS="746" WIDTH="56" HEIGHT="75" STYLEREFS="font0"/></TextLine><TextLine WIDTH="1034" HEIGHT="75" ID="p542_t74" HPOS="1313" VPOS="793"><String ID="p542_w725" CONTENT="ardic" HPOS="1313" VPOS="793" WIDTH="94" HEIGHT="75" STYLEREFS="font0"/><SP WIDTH="16" VPOS="793" HPOS="1407"/><String ID="p542_w726" CONTENT="circle," HPOS="1423" VPOS="793" WIDTH="112" HEIGHT="75" STYLEREFS="font0"/><SP WIDTH="22" VPOS="793" HPOS="1535"/><String ID="p542_w727" CONTENT="they" HPOS="1557" VPOS="793" WIDTH="79" HEIGHT="75" STYLEREFS="font0"/><SP WIDTH="16" VPOS="793" HPOS="1636"/><String ID="p542_w728" CONTENT="would" HPOS="1652" VPOS="793" WIDTH="108" HEIGHT="75" STYLEREFS="font0"/><SP WIDTH="27" VPOS="793" HPOS="1760"/><String ID="p542_w729" CONTENT="have" HPOS="1787" VPOS="793" WIDTH="80" HEIGHT="75" STYLEREFS="font0"/><SP WIDTH="24" VPOS="793" HPOS="1867"/><String ID="p542_w730" CONTENT="longer" HPOS="1891" VPOS="793" WIDTH="113" HEIGHT="75" STYLEREFS="font0"/><SP WIDTH="27" VPOS="793" HPOS="2004"/><String ID="p542_w731" CONTENT="days" HPOS="2031" VPOS="793" WIDTH="77" HEIGHT="75" STYLEREFS="font0"/><SP WIDTH="30" VPOS="793" HPOS="2108"/><String ID="p542_w732" CONTENT="and" HPOS="2138" VPOS="793" WIDTH="63" HEIGHT="75" STYLEREFS="font0"/><SP WIDTH="23" VPOS="793" HPOS="2201"/><String ID="p542_w733" CONTENT="fborter" HPOS="2224" VPOS="793" WIDTH="123" HEIGHT="75" STYLEREFS="font0"/></TextLine><TextLine WIDTH="1035" HEIGHT="75" ID="p542_t75" HPOS="1313" VPOS="840"><String ID="p542_w734" CONTENT="nights" HPOS="1313" VPOS="840" WIDTH="106" HEIGHT="75" STYLEREFS="font0"/><SP WIDTH="15" VPOS="840" HPOS="1419"/><String ID="p542_w735" CONTENT=";" HPOS="1434" VPOS="840" WIDTH="10" HEIGHT="75" STYLEREFS="font0"/><SP WIDTH="27" VPOS="840" HPOS="1444"/><String ID="p542_w736" CONTENT="whilft" HPOS="1471" VPOS="840" WIDTH="103" HEIGHT="75" STYLEREFS="font0"/><SP WIDTH="24" VPOS="840" HPOS="1574"/><String ID="p542_w737" CONTENT="thofe" HPOS="1598" VPOS="840" WIDTH="91" HEIGHT="75" STYLEREFS="font0"/><SP WIDTH="30" VPOS="840" HPOS="1689"/><String ID="p542_w738" CONTENT="on" HPOS="1719" VPOS="840" WIDTH="40" HEIGHT="75" STYLEREFS="font0"/><SP WIDTH="29" VPOS="840" HPOS="1759"/><String ID="p542_w739" CONTENT="the" HPOS="1788" VPOS="840" WIDTH="56" HEIGHT="75" STYLEREFS="font0"/><SP WIDTH="27" VPOS="840" HPOS="1844"/><String ID="p542_w740" CONTENT="fouth" HPOS="1871" VPOS="840" WIDTH="92" HEIGHT="75" STYLEREFS="font0"/><SP WIDTH="24" VPOS="840" HPOS="1963"/><String ID="p542_w741" CONTENT="fide" HPOS="1987" VPOS="840" WIDTH="63" HEIGHT="75" STYLEREFS="font0"/><SP WIDTH="28" VPOS="840" HPOS="2050"/><String ID="p542_w742" CONTENT="of" HPOS="2078" VPOS="840" WIDTH="40" HEIGHT="75" STYLEREFS="font0"/><SP WIDTH="22" VPOS="840" HPOS="2118"/><String ID="p542_w743" CONTENT="the" HPOS="2140" VPOS="840" WIDTH="55" HEIGHT="75" STYLEREFS="font0"/><SP WIDTH="17" VPOS="840" HPOS="2195"/><String ID="p542_w744" CONTENT="equator" HPOS="2212" VPOS="840" WIDTH="136" HEIGHT="75" STYLEREFS="font0"/></TextLine><TextLine WIDTH="1039" HEIGHT="75" ID="p542_t76" HPOS="1312" VPOS="886"><String ID="p542_w745" CONTENT="would" HPOS="1312" VPOS="886" WIDTH="109" HEIGHT="75" STYLEREFS="font0"/><SP WIDTH="16" VPOS="886" HPOS="1421"/><String ID="p542_w746" CONTENT="have" HPOS="1437" VPOS="886" WIDTH="79" HEIGHT="75" STYLEREFS="font0"/><SP WIDTH="20" VPOS="886" HPOS="1516"/><String ID="p542_w747" CONTENT="their" HPOS="1536" VPOS="886" WIDTH="85" HEIGHT="75" STYLEREFS="font0"/><SP WIDTH="17" VPOS="886" HPOS="1621"/><String ID="p542_w748" CONTENT="nights" HPOS="1638" VPOS="886" WIDTH="106" HEIGHT="75" STYLEREFS="font0"/><SP WIDTH="17" VPOS="886" HPOS="1744"/><String ID="p542_w749" CONTENT="longer" HPOS="1761" VPOS="886" WIDTH="112" HEIGHT="75" STYLEREFS="font0"/><SP WIDTH="17" VPOS="886" HPOS="1873"/><String ID="p542_w750" CONTENT="than" HPOS="1890" VPOS="886" WIDTH="77" HEIGHT="75" STYLEREFS="font0"/><SP WIDTH="19" VPOS="886" HPOS="1967"/><String ID="p542_w751" CONTENT="their" HPOS="1986" VPOS="886" WIDTH="83" HEIGHT="75" STYLEREFS="font0"/><SP WIDTH="16" VPOS="886" HPOS="2069"/><String ID="p542_w752" CONTENT="days." HPOS="2085" VPOS="886" WIDTH="92" HEIGHT="75" STYLEREFS="font0"/><SP WIDTH="51" VPOS="886" HPOS="2177"/><String ID="p542_w753" CONTENT="In" HPOS="2228" VPOS="886" WIDTH="37" HEIGHT="75" STYLEREFS="font0"/><SP WIDTH="17" VPOS="886" HPOS="2265"/><String ID="p542_w754" CONTENT="this" HPOS="2282" VPOS="886" WIDTH="69" HEIGHT="75" STYLEREFS="font0"/></TextLine><TextLine WIDTH="1039" HEIGHT="75" ID="p542_t77" HPOS="1312" VPOS="932"><String ID="p542_w755" CONTENT="cafe" HPOS="1312" VPOS="932" WIDTH="68" HEIGHT="75" STYLEREFS="font0"/><SP WIDTH="17" VPOS="932" HPOS="1380"/><String ID="p542_w756" CONTENT="there" HPOS="1397" VPOS="932" WIDTH="91" HEIGHT="75" STYLEREFS="font0"/><SP WIDTH="17" VPOS="932" HPOS="1488"/><String ID="p542_w757" CONTENT="would" HPOS="1505" VPOS="932" WIDTH="109" HEIGHT="75" STYLEREFS="font0"/><SP WIDTH="15" VPOS="932" HPOS="1614"/><String ID="p542_w758" CONTENT="be" HPOS="1629" VPOS="932" WIDTH="41" HEIGHT="75" STYLEREFS="font0"/><SP WIDTH="17" VPOS="932" HPOS="1670"/><String ID="p542_w759" CONTENT="continual" HPOS="1687" VPOS="932" WIDTH="161" HEIGHT="75" STYLEREFS="font0"/><SP WIDTH="20" VPOS="932" HPOS="1848"/><String ID="p542_w760" CONTENT="fummer" HPOS="1868" VPOS="932" WIDTH="135" HEIGHT="75" STYLEREFS="font0"/><SP WIDTH="24" VPOS="932" HPOS="2003"/><String ID="p542_w761" CONTENT="on" HPOS="2027" VPOS="932" WIDTH="41" HEIGHT="75" STYLEREFS="font0"/><SP WIDTH="29" VPOS="932" HPOS="2068"/><String ID="p542_w762" CONTENT="the" HPOS="2097" VPOS="932" WIDTH="56" HEIGHT="75" STYLEREFS="font0"/><SP WIDTH="17" VPOS="932" HPOS="2153"/><String ID="p542_w763" CONTENT="north" HPOS="2170" VPOS="932" WIDTH="94" HEIGHT="75" STYLEREFS="font0"/><SP WIDTH="19" VPOS="932" HPOS="2264"/><String ID="p542_w764" CONTENT="fide" HPOS="2283" VPOS="932" WIDTH="68" HEIGHT="75" STYLEREFS="font0"/></TextLine><TextLine WIDTH="1035" HEIGHT="75" ID="p542_t78" HPOS="1312" VPOS="978"><String ID="p542_w765" CONTENT="of" HPOS="1312" VPOS="978" WIDTH="40" HEIGHT="75" STYLEREFS="font0"/><SP WIDTH="11" VPOS="978" HPOS="1352"/><String ID="p542_w766" CONTENT="the" HPOS="1363" VPOS="978" WIDTH="57" HEIGHT="75" STYLEREFS="font0"/><SP WIDTH="14" VPOS="978" HPOS="1420"/><String ID="p542_w767" CONTENT="equator," HPOS="1434" VPOS="978" WIDTH="148" HEIGHT="75" STYLEREFS="font0"/><SP WIDTH="26" VPOS="978" HPOS="1582"/><String ID="p542_w768" CONTENT="and" HPOS="1608" VPOS="978" WIDTH="62" HEIGHT="75" STYLEREFS="font0"/><SP WIDTH="18" VPOS="978" HPOS="1670"/><String ID="p542_w769" CONTENT="continual," HPOS="1688" VPOS="978" WIDTH="168" HEIGHT="75" STYLEREFS="font0"/><SP WIDTH="18" VPOS="978" HPOS="1856"/><String ID="p542_w770" CONTENT="winter" HPOS="1874" VPOS="978" WIDTH="113" HEIGHT="75" STYLEREFS="font0"/><SP WIDTH="24" VPOS="978" HPOS="1987"/><String ID="p542_w771" CONTENT="on" HPOS="2011" VPOS="978" WIDTH="42" HEIGHT="75" STYLEREFS="font0"/><SP WIDTH="22" VPOS="978" HPOS="2053"/><String ID="p542_w772" CONTENT="the" HPOS="2075" VPOS="978" WIDTH="59" HEIGHT="75" STYLEREFS="font0"/><SP WIDTH="26" VPOS="978" HPOS="2134"/><String ID="p542_w773" CONTENT="fouth" HPOS="2160" VPOS="978" WIDTH="94" HEIGHT="75" STYLEREFS="font0"/><SP WIDTH="28" VPOS="978" HPOS="2254"/><String ID="p542_w774" CONTENT="fide" HPOS="2282" VPOS="978" WIDTH="65" HEIGHT="75" STYLEREFS="font0"/></TextLine><TextLine WIDTH="96" HEIGHT="75" ID="p542_t79" HPOS="1313" VPOS="1025"><String ID="p542_w775" CONTENT="of" HPOS="1313" VPOS="1025" WIDTH="38" HEIGHT="75" STYLEREFS="font0"/><SP WIDTH="19" VPOS="1025" HPOS="1351"/><String ID="p542_w776" CONTENT="it." HPOS="1370" VPOS="1025" WIDTH="39" HEIGHT="75" STYLEREFS="font0"/></TextLine><TextLine WIDTH="987" HEIGHT="75" ID="p542_t80" HPOS="1361" VPOS="1071"><String ID="p542_w777" CONTENT="But" HPOS="1361" VPOS="1071" WIDTH="67" HEIGHT="75" STYLEREFS="font0"/><SP WIDTH="16" VPOS="1071" HPOS="1428"/><String ID="p542_w778" CONTENT="as" HPOS="1444" VPOS="1071" WIDTH="33" HEIGHT="75" STYLEREFS="font0"/><SP WIDTH="17" VPOS="1071" HPOS="1477"/><String ID="p542_w779" CONTENT="the" HPOS="1494" VPOS="1071" WIDTH="55" HEIGHT="75" STYLEREFS="font0"/><SP WIDTH="16" VPOS="1071" HPOS="1549"/><String ID="p542_w780" CONTENT="globe" HPOS="1565" VPOS="1071" WIDTH="94" HEIGHT="75" STYLEREFS="font0"/><SP WIDTH="16" VPOS="1071" HPOS="1659"/><String ID="p542_w781" CONTENT="turns" HPOS="1675" VPOS="1071" WIDTH="92" HEIGHT="75" STYLEREFS="font0"/><SP WIDTH="17" VPOS="1071" HPOS="1767"/><String ID="p542_w782" CONTENT="round" HPOS="1784" VPOS="1071" WIDTH="100" HEIGHT="75" STYLEREFS="font0"/><SP WIDTH="19" VPOS="1071" HPOS="1884"/><String ID="p542_w783" CONTENT="its" HPOS="1903" VPOS="1071" WIDTH="40" HEIGHT="75" STYLEREFS="font0"/><SP WIDTH="18" VPOS="1071" HPOS="1943"/><String ID="p542_w784" CONTENT="axis," HPOS="1961" VPOS="1071" WIDTH="83" HEIGHT="75" STYLEREFS="font0"/><SP WIDTH="19" VPOS="1071" HPOS="2044"/><String ID="p542_w785" CONTENT="move" HPOS="2063" VPOS="1071" WIDTH="94" HEIGHT="75" STYLEREFS="font0"/><SP WIDTH="13" VPOS="1071" HPOS="2157"/><String ID="p542_w786" CONTENT="your" HPOS="2170" VPOS="1071" WIDTH="79" HEIGHT="75" STYLEREFS="font0"/><SP WIDTH="12" VPOS="1071" HPOS="2249"/><String ID="p542_w787" CONTENT="hand" HPOS="2261" VPOS="1071" WIDTH="87" HEIGHT="75" STYLEREFS="font0"/></TextLine><TextLine WIDTH="1037" HEIGHT="75" ID="p542_t81" HPOS="1313" VPOS="1117"><String ID="p542_w788" CONTENT="flowly" HPOS="1313" VPOS="1117" WIDTH="109" HEIGHT="75" STYLEREFS="font0"/><SP WIDTH="16" VPOS="1117" HPOS="1422"/><String ID="p542_w789" CONTENT="forward," HPOS="1438" VPOS="1117" WIDTH="153" HEIGHT="75" STYLEREFS="font0"/><SP WIDTH="26" VPOS="1117" HPOS="1591"/><String ID="p542_w790" CONTENT="fo" HPOS="1617" VPOS="1117" WIDTH="33" HEIGHT="75" STYLEREFS="font0"/><SP WIDTH="16" VPOS="1117" HPOS="1650"/><String ID="p542_w791" CONTENT="as" HPOS="1666" VPOS="1117" WIDTH="34" HEIGHT="75" STYLEREFS="font0"/><SP WIDTH="19" VPOS="1117" HPOS="1700"/><String ID="p542_w792" CONTENT="to" HPOS="1719" VPOS="1117" WIDTH="33" HEIGHT="75" STYLEREFS="font0"/><SP WIDTH="13" VPOS="1117" HPOS="1752"/><String ID="p542_w793" CONTENT="carry" HPOS="1765" VPOS="1117" WIDTH="92" HEIGHT="75" STYLEREFS="font0"/><SP WIDTH="11" VPOS="1117" HPOS="1857"/><String ID="p542_w794" CONTENT="the" HPOS="1868" VPOS="1117" WIDTH="56" HEIGHT="75" STYLEREFS="font0"/><SP WIDTH="17" VPOS="1117" HPOS="1924"/><String ID="p542_w795" CONTENT="globe" HPOS="1941" VPOS="1117" WIDTH="95" HEIGHT="75" STYLEREFS="font0"/><SP WIDTH="17" VPOS="1117" HPOS="2036"/><String ID="p542_w796" CONTENT="from" HPOS="2053" VPOS="1117" WIDTH="83" HEIGHT="75" STYLEREFS="font0"/><SP WIDTH="20" VPOS="1117" HPOS="2136"/><String ID="p542_w797" CONTENT="H" HPOS="2156" VPOS="1117" WIDTH="36" HEIGHT="75" STYLEREFS="font0"/><SP WIDTH="15" VPOS="1117" HPOS="2192"/><String ID="p542_w798" CONTENT="towards" HPOS="2207" VPOS="1117" WIDTH="143" HEIGHT="75" STYLEREFS="font0"/></TextLine><TextLine WIDTH="1037" HEIGHT="75" ID="p542_t82" HPOS="1312" VPOS="1164"><String ID="p542_w799" CONTENT="E," HPOS="1312" VPOS="1164" WIDTH="43" HEIGHT="75" STYLEREFS="font0"/><SP WIDTH="27" VPOS="1164" HPOS="1355"/><String ID="p542_w800" CONTENT="and" HPOS="1382" VPOS="1164" WIDTH="62" HEIGHT="75" STYLEREFS="font0"/><SP WIDTH="16" VPOS="1164" HPOS="1444"/><String ID="p542_w801" CONTENT="the" HPOS="1460" VPOS="1164" WIDTH="55" HEIGHT="75" STYLEREFS="font0"/><SP WIDTH="16" VPOS="1164" HPOS="1515"/><String ID="p542_w802" CONTENT="boundary" HPOS="1531" VPOS="1164" WIDTH="168" HEIGHT="75" STYLEREFS="font0"/><SP WIDTH="11" VPOS="1164" HPOS="1699"/><String ID="p542_w803" CONTENT="of" HPOS="1710" VPOS="1164" WIDTH="40" HEIGHT="75" STYLEREFS="font0"/><SP WIDTH="10" VPOS="1164" HPOS="1750"/><String ID="p542_w804" CONTENT="light" HPOS="1760" VPOS="1164" WIDTH="83" HEIGHT="75" STYLEREFS="font0"/><SP WIDTH="16" VPOS="1164" HPOS="1843"/><String ID="p542_w805" CONTENT="and" HPOS="1859" VPOS="1164" WIDTH="60" HEIGHT="75" STYLEREFS="font0"/><SP WIDTH="19" VPOS="1164" HPOS="1919"/><String ID="p542_w806" CONTENT="darknefs" HPOS="1938" VPOS="1164" WIDTH="150" HEIGHT="75" STYLEREFS="font0"/><SP WIDTH="16" VPOS="1164" HPOS="2088"/><String ID="p542_w807" CONTENT="will" HPOS="2104" VPOS="1164" WIDTH="66" HEIGHT="75" STYLEREFS="font0"/><SP WIDTH="18" VPOS="1164" HPOS="2170"/><String ID="p542_w808" CONTENT="approach" HPOS="2188" VPOS="1164" WIDTH="161" HEIGHT="75" STYLEREFS="font0"/></TextLine><TextLine WIDTH="1035" HEIGHT="75" ID="p542_t83" HPOS="1313" VPOS="1210"><String ID="p542_w809" CONTENT="towards" HPOS="1313" VPOS="1210" WIDTH="141" HEIGHT="75" STYLEREFS="font0"/><SP WIDTH="18" VPOS="1210" HPOS="1454"/><String ID="p542_w810" CONTENT="the" HPOS="1472" VPOS="1210" WIDTH="56" HEIGHT="75" STYLEREFS="font0"/><SP WIDTH="18" VPOS="1210" HPOS="1528"/><String ID="p542_w811" CONTENT="north" HPOS="1546" VPOS="1210" WIDTH="95" HEIGHT="75" STYLEREFS="font0"/><SP WIDTH="23" VPOS="1210" HPOS="1641"/><String ID="p542_w812" CONTENT="pole," HPOS="1664" VPOS="1210" WIDTH="87" HEIGHT="75" STYLEREFS="font0"/><SP WIDTH="25" VPOS="1210" HPOS="1751"/><String ID="p542_w813" CONTENT="and" HPOS="1776" VPOS="1210" WIDTH="63" HEIGHT="75" STYLEREFS="font0"/><SP WIDTH="24" VPOS="1210" HPOS="1839"/><String ID="p542_w814" CONTENT="recede" HPOS="1863" VPOS="1210" WIDTH="113" HEIGHT="75" STYLEREFS="font0"/><SP WIDTH="27" VPOS="1210" HPOS="1976"/><String ID="p542_w815" CONTENT="towards" HPOS="2003" VPOS="1210" WIDTH="140" HEIGHT="75" STYLEREFS="font0"/><SP WIDTH="28" VPOS="1210" HPOS="2143"/><String ID="p542_w816" CONTENT="the" HPOS="2171" VPOS="1210" WIDTH="56" HEIGHT="75" STYLEREFS="font0"/><SP WIDTH="26" VPOS="1210" HPOS="2227"/><String ID="p542_w817" CONTENT="fouth" HPOS="2253" VPOS="1210" WIDTH="95" HEIGHT="75" STYLEREFS="font0"/></TextLine><TextLine WIDTH="1034" HEIGHT="75" ID="p542_t84" HPOS="1314" VPOS="1256"><String ID="p542_w818" CONTENT="pole;" HPOS="1314" VPOS="1256" WIDTH="92" HEIGHT="75" STYLEREFS="font0"/><SP WIDTH="27" VPOS="1256" HPOS="1406"/><String ID="p542_w819" CONTENT="the" HPOS="1433" VPOS="1256" WIDTH="56" HEIGHT="75" STYLEREFS="font0"/><SP WIDTH="28" VPOS="1256" HPOS="1489"/><String ID="p542_w820" CONTENT="northern" HPOS="1517" VPOS="1256" WIDTH="153" HEIGHT="75" STYLEREFS="font0"/><SP WIDTH="18" VPOS="1256" HPOS="1670"/><String ID="p542_w821" CONTENT="places" HPOS="1688" VPOS="1256" WIDTH="104" HEIGHT="75" STYLEREFS="font0"/><SP WIDTH="18" VPOS="1256" HPOS="1792"/><String ID="p542_w822" CONTENT="will" HPOS="1810" VPOS="1256" WIDTH="66" HEIGHT="75" STYLEREFS="font0"/><SP WIDTH="24" VPOS="1256" HPOS="1876"/><String ID="p542_w823" CONTENT="go" HPOS="1900" VPOS="1256" WIDTH="44" HEIGHT="75" STYLEREFS="font0"/><SP WIDTH="24" VPOS="1256" HPOS="1944"/><String ID="p542_w824" CONTENT="through" HPOS="1968" VPOS="1256" WIDTH="140" HEIGHT="75" STYLEREFS="font0"/><SP WIDTH="24" VPOS="1256" HPOS="2108"/><String ID="p542_w825" CONTENT="lefs" HPOS="2132" VPOS="1256" WIDTH="60" HEIGHT="75" STYLEREFS="font0"/><SP WIDTH="18" VPOS="1256" HPOS="2192"/><String ID="p542_w826" CONTENT="and" HPOS="2210" VPOS="1256" WIDTH="60" HEIGHT="75" STYLEREFS="font0"/><SP WIDTH="17" VPOS="1256" HPOS="2270"/><String ID="p542_w827" CONTENT="lefs" HPOS="2287" VPOS="1256" WIDTH="61" HEIGHT="75" STYLEREFS="font0"/></TextLine><TextLine WIDTH="1032" HEIGHT="75" ID="p542_t85" HPOS="1315" VPOS="1302"><String ID="p542_w828" CONTENT="of" HPOS="1315" VPOS="1302" WIDTH="41" HEIGHT="75" STYLEREFS="font0"/><SP WIDTH="11" VPOS="1302" HPOS="1356"/><String ID="p542_w829" CONTENT="the" HPOS="1367" VPOS="1302" WIDTH="55" HEIGHT="75" STYLEREFS="font0"/><SP WIDTH="17" VPOS="1302" HPOS="1422"/><String ID="p542_w830" CONTENT="light," HPOS="1439" VPOS="1302" WIDTH="95" HEIGHT="75" STYLEREFS="font0"/><SP WIDTH="26" VPOS="1302" HPOS="1534"/><String ID="p542_w831" CONTENT="and" HPOS="1560" VPOS="1302" WIDTH="62" HEIGHT="75" STYLEREFS="font0"/><SP WIDTH="20" VPOS="1302" HPOS="1622"/><String ID="p542_w832" CONTENT="the" HPOS="1642" VPOS="1302" WIDTH="54" HEIGHT="75" STYLEREFS="font0"/><SP WIDTH="18" VPOS="1302" HPOS="1696"/><String ID="p542_w833" CONTENT="fouthern" HPOS="1714" VPOS="1302" WIDTH="149" HEIGHT="75" STYLEREFS="font0"/><SP WIDTH="18" VPOS="1302" HPOS="1863"/><String ID="p542_w834" CONTENT="places" HPOS="1881" VPOS="1302" WIDTH="104" HEIGHT="75" STYLEREFS="font0"/><SP WIDTH="17" VPOS="1302" HPOS="1985"/><String ID="p542_w835" CONTENT="through" HPOS="2002" VPOS="1302" WIDTH="141" HEIGHT="75" STYLEREFS="font0"/><SP WIDTH="25" VPOS="1302" HPOS="2143"/><String ID="p542_w836" CONTENT="more" HPOS="2168" VPOS="1302" WIDTH="88" HEIGHT="75" STYLEREFS="font0"/><SP WIDTH="29" VPOS="1302" HPOS="2256"/><String ID="p542_w837" CONTENT="and" HPOS="2285" VPOS="1302" WIDTH="62" HEIGHT="75" STYLEREFS="font0"/></TextLine><TextLine WIDTH="1033" HEIGHT="75" ID="p542_t86" HPOS="1313" VPOS="1348"><String ID="p542_w838" CONTENT="more" HPOS="1313" VPOS="1348" WIDTH="89" HEIGHT="75" STYLEREFS="font0"/><SP WIDTH="17" VPOS="1348" HPOS="1402"/><String ID="p542_w839" CONTENT="of" HPOS="1419" VPOS="1348" WIDTH="39" HEIGHT="75" STYLEREFS="font0"/><SP WIDTH="12" VPOS="1348" HPOS="1458"/><String ID="p542_w840" CONTENT="it;" HPOS="1470" VPOS="1348" WIDTH="47" HEIGHT="75" STYLEREFS="font0"/><SP WIDTH="28" VPOS="1348" HPOS="1517"/><String ID="p542_w841" CONTENT="(hewing" HPOS="1545" VPOS="1348" WIDTH="137" HEIGHT="75" STYLEREFS="font0"/><SP WIDTH="25" VPOS="1348" HPOS="1682"/><String ID="p542_w842" CONTENT="how" HPOS="1707" VPOS="1348" WIDTH="74" HEIGHT="75" STYLEREFS="font0"/><SP WIDTH="26" VPOS="1348" HPOS="1781"/><String ID="p542_w843" CONTENT="the" HPOS="1807" VPOS="1348" WIDTH="55" HEIGHT="75" STYLEREFS="font0"/><SP WIDTH="17" VPOS="1348" HPOS="1862"/><String ID="p542_w844" CONTENT="northern" HPOS="1879" VPOS="1348" WIDTH="153" HEIGHT="75" STYLEREFS="font0"/><SP WIDTH="17" VPOS="1348" HPOS="2032"/><String ID="p542_w845" CONTENT="days" HPOS="2049" VPOS="1348" WIDTH="79" HEIGHT="75" STYLEREFS="font0"/><SP WIDTH="24" VPOS="1348" HPOS="2128"/><String ID="p542_w846" CONTENT="decreafe" HPOS="2152" VPOS="1348" WIDTH="145" HEIGHT="75" STYLEREFS="font0"/><SP WIDTH="17" VPOS="1348" HPOS="2297"/><String ID="p542_w847" CONTENT="in" HPOS="2314" VPOS="1348" WIDTH="32" HEIGHT="75" STYLEREFS="font0"/></TextLine><TextLine WIDTH="1036" HEIGHT="75" ID="p542_t87" HPOS="1314" VPOS="1395"><String ID="p542_w848" CONTENT="length," HPOS="1314" VPOS="1395" WIDTH="123" HEIGHT="75" STYLEREFS="font0"/><SP WIDTH="27" VPOS="1395" HPOS="1437"/><String ID="p542_w849" CONTENT="and" HPOS="1464" VPOS="1395" WIDTH="61" HEIGHT="75" STYLEREFS="font0"/><SP WIDTH="18" VPOS="1395" HPOS="1525"/><String ID="p542_w850" CONTENT="the" HPOS="1543" VPOS="1395" WIDTH="55" HEIGHT="75" STYLEREFS="font0"/><SP WIDTH="24" VPOS="1395" HPOS="1598"/><String ID="p542_w851" CONTENT="fouthern" HPOS="1622" VPOS="1395" WIDTH="152" HEIGHT="75" STYLEREFS="font0"/><SP WIDTH="17" VPOS="1395" HPOS="1774"/><String ID="p542_w852" CONTENT="days" HPOS="1791" VPOS="1395" WIDTH="78" HEIGHT="75" STYLEREFS="font0"/><SP WIDTH="17" VPOS="1395" HPOS="1869"/><String ID="p542_w853" CONTENT="increafe," HPOS="1886" VPOS="1395" WIDTH="150" HEIGHT="75" STYLEREFS="font0"/><SP WIDTH="26" VPOS="1395" HPOS="2036"/><String ID="p542_w854" CONTENT="whilft" HPOS="2062" VPOS="1395" WIDTH="104" HEIGHT="75" STYLEREFS="font0"/><SP WIDTH="16" VPOS="1395" HPOS="2166"/><String ID="p542_w855" CONTENT="the" HPOS="2182" VPOS="1395" WIDTH="55" HEIGHT="75" STYLEREFS="font0"/><SP WIDTH="16" VPOS="1395" HPOS="2237"/><String ID="p542_w856" CONTENT="globe" HPOS="2253" VPOS="1395" WIDTH="97" HEIGHT="75" STYLEREFS="font0"/></TextLine><TextLine WIDTH="1034" HEIGHT="75" ID="p542_t88" HPOS="1314" VPOS="1442"><String ID="p542_w857" CONTENT="proceeds" HPOS="1314" VPOS="1442" WIDTH="151" HEIGHT="75" STYLEREFS="font0"/><SP WIDTH="17" VPOS="1442" HPOS="1465"/><String ID="p542_w858" CONTENT="from" HPOS="1482" VPOS="1442" WIDTH="84" HEIGHT="75" STYLEREFS="font0"/><SP WIDTH="15" VPOS="1442" HPOS="1566"/><String ID="p542_w859" CONTENT="H" HPOS="1581" VPOS="1442" WIDTH="38" HEIGHT="75" STYLEREFS="font0"/><SP WIDTH="15" VPOS="1442" HPOS="1619"/><String ID="p542_w860" CONTENT="to" HPOS="1634" VPOS="1442" WIDTH="34" HEIGHT="75" STYLEREFS="font0"/><SP WIDTH="15" VPOS="1442" HPOS="1668"/><String ID="p542_w861" CONTENT="E." HPOS="1683" VPOS="1442" WIDTH="44" HEIGHT="75" STYLEREFS="font0"/><SP WIDTH="41" VPOS="1442" HPOS="1727"/><String ID="p542_w862" CONTENT="When" HPOS="1768" VPOS="1442" WIDTH="112" HEIGHT="75" STYLEREFS="font0"/><SP WIDTH="16" VPOS="1442" HPOS="1880"/><String ID="p542_w863" CONTENT="the" HPOS="1896" VPOS="1442" WIDTH="55" HEIGHT="75" STYLEREFS="font0"/><SP WIDTH="17" VPOS="1442" HPOS="1951"/><String ID="p542_w864" CONTENT="globe" HPOS="1968" VPOS="1442" WIDTH="94" HEIGHT="75" STYLEREFS="font0"/><SP WIDTH="17" VPOS="1442" HPOS="2062"/><String ID="p542_w865" CONTENT="is" HPOS="2079" VPOS="1442" WIDTH="27" HEIGHT="75" STYLEREFS="font0"/><SP WIDTH="17" VPOS="1442" HPOS="2106"/><String ID="p542_w866" CONTENT="at" HPOS="2123" VPOS="1442" WIDTH="33" HEIGHT="75" STYLEREFS="font0"/><SP WIDTH="15" VPOS="1442" HPOS="2156"/><String ID="p542_w867" CONTENT="E," HPOS="2171" VPOS="1442" WIDTH="44" HEIGHT="75" STYLEREFS="font0"/><SP WIDTH="18" VPOS="1442" HPOS="2215"/><String ID="p542_w868" CONTENT="it" HPOS="2233" VPOS="1442" WIDTH="26" HEIGHT="75" STYLEREFS="font0"/><SP WIDTH="16" VPOS="1442" HPOS="2259"/><String ID="p542_w869" CONTENT="is" HPOS="2275" VPOS="1442" WIDTH="26" HEIGHT="75" STYLEREFS="font0"/><SP WIDTH="14" VPOS="1442" HPOS="2301"/><String ID="p542_w870" CONTENT="at" HPOS="2315" VPOS="1442" WIDTH="33" HEIGHT="75" STYLEREFS="font0"/></TextLine><TextLine WIDTH="1033" HEIGHT="75" ID="p542_t89" HPOS="1315" VPOS="1488"><String ID="p542_w871" CONTENT="a" HPOS="1315" VPOS="1488" WIDTH="18" HEIGHT="75" STYLEREFS="font0"/><SP WIDTH="15" VPOS="1488" HPOS="1333"/><String ID="p542_w872" CONTENT="mean" HPOS="1348" VPOS="1488" WIDTH="89" HEIGHT="75" STYLEREFS="font0"/><SP WIDTH="17" VPOS="1488" HPOS="1437"/><String ID="p542_w873" CONTENT="(late" HPOS="1454" VPOS="1488" WIDTH="76" HEIGHT="75" STYLEREFS="font0"/><SP WIDTH="17" VPOS="1488" HPOS="1530"/><String ID="p542_w874" CONTENT="between" HPOS="1547" VPOS="1488" WIDTH="144" HEIGHT="75" STYLEREFS="font0"/><SP WIDTH="18" VPOS="1488" HPOS="1691"/><String ID="p542_w875" CONTENT="the" HPOS="1709" VPOS="1488" WIDTH="56" HEIGHT="75" STYLEREFS="font0"/><SP WIDTH="16" VPOS="1488" HPOS="1765"/><String ID="p542_w876" CONTENT="lowed" HPOS="1781" VPOS="1488" WIDTH="109" HEIGHT="75" STYLEREFS="font0"/><SP WIDTH="25" VPOS="1488" HPOS="1890"/><String ID="p542_w877" CONTENT="and" HPOS="1915" VPOS="1488" WIDTH="62" HEIGHT="75" STYLEREFS="font0"/><SP WIDTH="27" VPOS="1488" HPOS="1977"/><String ID="p542_w878" CONTENT="higheft" HPOS="2004" VPOS="1488" WIDTH="123" HEIGHT="75" STYLEREFS="font0"/><SP WIDTH="24" VPOS="1488" HPOS="2127"/><String ID="p542_w879" CONTENT="part" HPOS="2151" VPOS="1488" WIDTH="71" HEIGHT="75" STYLEREFS="font0"/><SP WIDTH="24" VPOS="1488" HPOS="2222"/><String ID="p542_w880" CONTENT="of" HPOS="2246" VPOS="1488" WIDTH="40" HEIGHT="75" STYLEREFS="font0"/><SP WIDTH="19" VPOS="1488" HPOS="2286"/><String ID="p542_w881" CONTENT="its" HPOS="2305" VPOS="1488" WIDTH="43" HEIGHT="75" STYLEREFS="font0"/></TextLine><TextLine WIDTH="1033" HEIGHT="75" ID="p542_t90" HPOS="1315" VPOS="1534"><String ID="p542_w882" CONTENT="orbit;" HPOS="1315" VPOS="1534" WIDTH="107" HEIGHT="75" STYLEREFS="font0"/><SP WIDTH="26" VPOS="1534" HPOS="1422"/><String ID="p542_w883" CONTENT="the" HPOS="1448" VPOS="1534" WIDTH="56" HEIGHT="75" STYLEREFS="font0"/><SP WIDTH="13" VPOS="1534" HPOS="1504"/><String ID="p542_w884" CONTENT="candle" HPOS="1517" VPOS="1534" WIDTH="111" HEIGHT="75" STYLEREFS="font0"/><SP WIDTH="16" VPOS="1534" HPOS="1628"/><String ID="p542_w885" CONTENT="is" HPOS="1644" VPOS="1534" WIDTH="26" HEIGHT="75" STYLEREFS="font0"/><SP WIDTH="17" VPOS="1534" HPOS="1670"/><String ID="p542_w886" CONTENT="diredlly" HPOS="1687" VPOS="1534" WIDTH="135" HEIGHT="75" STYLEREFS="font0"/><SP WIDTH="16" VPOS="1534" HPOS="1822"/><String ID="p542_w887" CONTENT="over" HPOS="1838" VPOS="1534" WIDTH="78" HEIGHT="75" STYLEREFS="font0"/><SP WIDTH="16" VPOS="1534" HPOS="1916"/><String ID="p542_w888" CONTENT="the" HPOS="1932" VPOS="1534" WIDTH="57" HEIGHT="75" STYLEREFS="font0"/><SP WIDTH="16" VPOS="1534" HPOS="1989"/><String ID="p542_w889" CONTENT="equator," HPOS="2005" VPOS="1534" WIDTH="148" HEIGHT="75" STYLEREFS="font0"/><SP WIDTH="25" VPOS="1534" HPOS="2153"/><String ID="p542_w890" CONTENT="the" HPOS="2178" VPOS="1534" WIDTH="55" HEIGHT="75" STYLEREFS="font0"/><SP WIDTH="13" VPOS="1534" HPOS="2233"/><String ID="p542_w891" CONTENT="boun-" HPOS="2246" VPOS="1534" WIDTH="102" HEIGHT="75" STYLEREFS="font0"/></TextLine><TextLine WIDTH="1054" HEIGHT="49" ID="p542_t91" HPOS="1294" VPOS="1581"><String ID="p542_w892" CONTENT="#" HPOS="1294" VPOS="1613" WIDTH="14" HEIGHT="49" STYLEREFS="font1"/><String ID="p542_w893" CONTENT="dary" HPOS="1308" VPOS="1581" WIDTH="86" HEIGHT="75" STYLEREFS="font0"/><SP WIDTH="16" VPOS="1581" HPOS="1394"/><String ID="p542_w894" CONTENT="of" HPOS="1410" VPOS="1581" WIDTH="40" HEIGHT="75" STYLEREFS="font0"/><SP WIDTH="10" VPOS="1581" HPOS="1450"/><String ID="p542_w895" CONTENT="light" HPOS="1460" VPOS="1581" WIDTH="83" HEIGHT="75" STYLEREFS="font0"/><SP WIDTH="17" VPOS="1581" HPOS="1543"/><String ID="p542_w896" CONTENT="and" HPOS="1560" VPOS="1581" WIDTH="62" HEIGHT="75" STYLEREFS="font0"/><SP WIDTH="20" VPOS="1581" HPOS="1622"/><String ID="p542_w897" CONTENT="darknefs" HPOS="1642" VPOS="1581" WIDTH="149" HEIGHT="75" STYLEREFS="font0"/><SP WIDTH="13" VPOS="1581" HPOS="1791"/><String ID="p542_w898" CONTENT="juft" HPOS="1804" VPOS="1581" WIDTH="64" HEIGHT="75" STYLEREFS="font0"/><SP WIDTH="18" VPOS="1581" HPOS="1868"/><String ID="p542_w899" CONTENT="reaches" HPOS="1886" VPOS="1581" WIDTH="129" HEIGHT="75" STYLEREFS="font0"/><SP WIDTH="16" VPOS="1581" HPOS="2015"/><String ID="p542_w900" CONTENT="to" HPOS="2031" VPOS="1581" WIDTH="35" HEIGHT="75" STYLEREFS="font0"/><SP WIDTH="17" VPOS="1581" HPOS="2066"/><String ID="p542_w901" CONTENT="both" HPOS="2083" VPOS="1581" WIDTH="78" HEIGHT="75" STYLEREFS="font0"/><SP WIDTH="19" VPOS="1581" HPOS="2161"/><String ID="p542_w902" CONTENT="the" HPOS="2180" VPOS="1581" WIDTH="54" HEIGHT="75" STYLEREFS="font0"/><SP WIDTH="13" VPOS="1581" HPOS="2234"/><String ID="p542_w903" CONTENT="poles," HPOS="2247" VPOS="1581" WIDTH="101" HEIGHT="75" STYLEREFS="font0"/></TextLine><TextLine WIDTH="1032" HEIGHT="75" ID="p542_t92" HPOS="1316" VPOS="1627"><String ID="p542_w904" CONTENT="and" HPOS="1316" VPOS="1627" WIDTH="59" HEIGHT="75" STYLEREFS="font0"/><SP WIDTH="19" VPOS="1627" HPOS="1375"/><String ID="p542_w905" CONTENT="all" HPOS="1394" VPOS="1627" WIDTH="42" HEIGHT="75" STYLEREFS="font0"/><SP WIDTH="18" VPOS="1627" HPOS="1436"/><String ID="p542_w906" CONTENT="places" HPOS="1454" VPOS="1627" WIDTH="104" HEIGHT="75" STYLEREFS="font0"/><SP WIDTH="28" VPOS="1627" HPOS="1558"/><String ID="p542_w907" CONTENT="on" HPOS="1586" VPOS="1627" WIDTH="41" HEIGHT="75" STYLEREFS="font0"/><SP WIDTH="17" VPOS="1627" HPOS="1627"/><String ID="p542_w908" CONTENT="the" HPOS="1644" VPOS="1627" WIDTH="56" HEIGHT="75" STYLEREFS="font0"/><SP WIDTH="17" VPOS="1627" HPOS="1700"/><String ID="p542_w909" CONTENT="globe" HPOS="1717" VPOS="1627" WIDTH="96" HEIGHT="75" STYLEREFS="font0"/><SP WIDTH="18" VPOS="1627" HPOS="1813"/><String ID="p542_w910" CONTENT="go" HPOS="1831" VPOS="1627" WIDTH="41" HEIGHT="75" STYLEREFS="font0"/><SP WIDTH="17" VPOS="1627" HPOS="1872"/><String ID="p542_w911" CONTENT="equally" HPOS="1889" VPOS="1627" WIDTH="129" HEIGHT="75" STYLEREFS="font0"/><SP WIDTH="17" VPOS="1627" HPOS="2018"/><String ID="p542_w912" CONTENT="through" HPOS="2035" VPOS="1627" WIDTH="141" HEIGHT="75" STYLEREFS="font0"/><SP WIDTH="18" VPOS="1627" HPOS="2176"/><String ID="p542_w913" CONTENT="the" HPOS="2194" VPOS="1627" WIDTH="54" HEIGHT="75" STYLEREFS="font0"/><SP WIDTH="17" VPOS="1627" HPOS="2248"/><String ID="p542_w914" CONTENT="light" HPOS="2265" VPOS="1627" WIDTH="83" HEIGHT="75" STYLEREFS="font0"/></TextLine><TextLine WIDTH="1032" HEIGHT="75" ID="p542_t93" HPOS="1316" VPOS="1674"><String ID="p542_w915" CONTENT="and" HPOS="1316" VPOS="1674" WIDTH="61" HEIGHT="75" STYLEREFS="font0"/><SP WIDTH="17" VPOS="1674" HPOS="1377"/><String ID="p542_w916" CONTENT="dark" HPOS="1394" VPOS="1674" WIDTH="80" HEIGHT="75" STYLEREFS="font0"/><SP WIDTH="16" VPOS="1674" HPOS="1474"/><String ID="p542_w917" CONTENT="hemifpheres." HPOS="1490" VPOS="1674" WIDTH="225" HEIGHT="75" STYLEREFS="font0"/><SP WIDTH="27" VPOS="1674" HPOS="1715"/><String ID="p542_w918" CONTENT="(hewing" HPOS="1742" VPOS="1674" WIDTH="137" HEIGHT="75" STYLEREFS="font0"/><SP WIDTH="23" VPOS="1674" HPOS="1879"/><String ID="p542_w919" CONTENT="that" HPOS="1902" VPOS="1674" WIDTH="71" HEIGHT="75" STYLEREFS="font0"/><SP WIDTH="22" VPOS="1674" HPOS="1973"/><String ID="p542_w920" CONTENT="the" HPOS="1995" VPOS="1674" WIDTH="55" HEIGHT="75" STYLEREFS="font0"/><SP WIDTH="16" VPOS="1674" HPOS="2050"/><String ID="p542_w921" CONTENT="days" HPOS="2066" VPOS="1674" WIDTH="79" HEIGHT="75" STYLEREFS="font0"/><SP WIDTH="18" VPOS="1674" HPOS="2145"/><String ID="p542_w922" CONTENT="and" HPOS="2163" VPOS="1674" WIDTH="61" HEIGHT="75" STYLEREFS="font0"/><SP WIDTH="17" VPOS="1674" HPOS="2224"/><String ID="p542_w923" CONTENT="nights" HPOS="2241" VPOS="1674" WIDTH="107" HEIGHT="75" STYLEREFS="font0"/></TextLine><TextLine WIDTH="1034" HEIGHT="75" ID="p542_t94" HPOS="1315" VPOS="1721"><String ID="p542_w924" CONTENT="are" HPOS="1315" VPOS="1721" WIDTH="52" HEIGHT="75" STYLEREFS="font0"/><SP WIDTH="17" VPOS="1721" HPOS="1367"/><String ID="p542_w925" CONTENT="then" HPOS="1384" VPOS="1721" WIDTH="76" HEIGHT="75" STYLEREFS="font0"/><SP WIDTH="17" VPOS="1721" HPOS="1460"/><String ID="p542_w926" CONTENT="equal" HPOS="1477" VPOS="1721" WIDTH="94" HEIGHT="75" STYLEREFS="font0"/><SP WIDTH="19" VPOS="1721" HPOS="1571"/><String ID="p542_w927" CONTENT="at" HPOS="1590" VPOS="1721" WIDTH="32" HEIGHT="75" STYLEREFS="font0"/><SP WIDTH="19" VPOS="1721" HPOS="1622"/><String ID="p542_w928" CONTENT="all" HPOS="1641" VPOS="1721" WIDTH="42" HEIGHT="75" STYLEREFS="font0"/><SP WIDTH="28" VPOS="1721" HPOS="1683"/><String ID="p542_w929" CONTENT="places" HPOS="1711" VPOS="1721" WIDTH="104" HEIGHT="75" STYLEREFS="font0"/><SP WIDTH="18" VPOS="1721" HPOS="1815"/><String ID="p542_w930" CONTENT="of" HPOS="1833" VPOS="1721" WIDTH="39" HEIGHT="75" STYLEREFS="font0"/><SP WIDTH="20" VPOS="1721" HPOS="1872"/><String ID="p542_w931" CONTENT="the" HPOS="1892" VPOS="1721" WIDTH="56" HEIGHT="75" STYLEREFS="font0"/><SP WIDTH="17" VPOS="1721" HPOS="1948"/><String ID="p542_w932" CONTENT="earth," HPOS="1965" VPOS="1721" WIDTH="104" HEIGHT="75" STYLEREFS="font0"/><SP WIDTH="26" VPOS="1721" HPOS="2069"/><String ID="p542_w933" CONTENT="the" HPOS="2095" VPOS="1721" WIDTH="56" HEIGHT="75" STYLEREFS="font0"/><SP WIDTH="17" VPOS="1721" HPOS="2151"/><String ID="p542_w934" CONTENT="poles" HPOS="2168" VPOS="1721" WIDTH="87" HEIGHT="75" STYLEREFS="font0"/><SP WIDTH="18" VPOS="1721" HPOS="2255"/><String ID="p542_w935" CONTENT="only" HPOS="2273" VPOS="1721" WIDTH="76" HEIGHT="75" STYLEREFS="font0"/></TextLine><TextLine WIDTH="1034" HEIGHT="75" ID="p542_t95" HPOS="1315" VPOS="1768"><String ID="p542_w936" CONTENT="excepted;" HPOS="1315" VPOS="1768" WIDTH="178" HEIGHT="75" STYLEREFS="font0"/><SP WIDTH="26" VPOS="1768" HPOS="1493"/><String ID="p542_w937" CONTENT="fpr" HPOS="1519" VPOS="1768" WIDTH="53" HEIGHT="75" STYLEREFS="font0"/><SP WIDTH="16" VPOS="1768" HPOS="1572"/><String ID="p542_w938" CONTENT="the" HPOS="1588" VPOS="1768" WIDTH="55" HEIGHT="75" STYLEREFS="font0"/><SP WIDTH="16" VPOS="1768" HPOS="1643"/><String ID="p542_w939" CONTENT="fun" HPOS="1659" VPOS="1768" WIDTH="55" HEIGHT="75" STYLEREFS="font0"/><SP WIDTH="17" VPOS="1768" HPOS="1714"/><String ID="p542_w940" CONTENT="is" HPOS="1731" VPOS="1768" WIDTH="27" HEIGHT="75" STYLEREFS="font0"/><SP WIDTH="24" VPOS="1768" HPOS="1758"/><String ID="p542_w941" CONTENT="then" HPOS="1782" VPOS="1768" WIDTH="76" HEIGHT="75" STYLEREFS="font0"/><SP WIDTH="16" VPOS="1768" HPOS="1858"/><String ID="p542_w942" CONTENT="fetting" HPOS="1874" VPOS="1768" WIDTH="117" HEIGHT="75" STYLEREFS="font0"/><SP WIDTH="23" VPOS="1768" HPOS="1991"/><String ID="p542_w943" CONTENT="to" HPOS="2014" VPOS="1768" WIDTH="36" HEIGHT="75" STYLEREFS="font0"/><SP WIDTH="28" VPOS="1768" HPOS="2050"/><String ID="p542_w944" CONTENT="the" HPOS="2078" VPOS="1768" WIDTH="54" HEIGHT="75" STYLEREFS="font0"/><SP WIDTH="18" VPOS="1768" HPOS="2132"/><String ID="p542_w945" CONTENT="north" HPOS="2150" VPOS="1768" WIDTH="95" HEIGHT="75" STYLEREFS="font0"/><SP WIDTH="18" VPOS="1768" HPOS="2245"/><String ID="p542_w946" CONTENT="pole," HPOS="2263" VPOS="1768" WIDTH="86" HEIGHT="75" STYLEREFS="font0"/></TextLine><TextLine WIDTH="507" HEIGHT="75" ID="p542_t96" HPOS="1316" VPOS="1814"><String ID="p542_w947" CONTENT="and" HPOS="1316" VPOS="1814" WIDTH="60" HEIGHT="75" STYLEREFS="font0"/><SP WIDTH="19" VPOS="1814" HPOS="1376"/><String ID="p542_w948" CONTENT="rifing" HPOS="1395" VPOS="1814" WIDTH="92" HEIGHT="75" STYLEREFS="font0"/><SP WIDTH="16" VPOS="1814" HPOS="1487"/><String ID="p542_w949" CONTENT="to" HPOS="1503" VPOS="1814" WIDTH="35" HEIGHT="75" STYLEREFS="font0"/><SP WIDTH="18" VPOS="1814" HPOS="1538"/><String ID="p542_w950" CONTENT="the" HPOS="1556" VPOS="1814" WIDTH="55" HEIGHT="75" STYLEREFS="font0"/><SP WIDTH="16" VPOS="1814" HPOS="1611"/><String ID="p542_w951" CONTENT="fouth" HPOS="1627" VPOS="1814" WIDTH="93" HEIGHT="75" STYLEREFS="font0"/><SP WIDTH="18" VPOS="1814" HPOS="1720"/><String ID="p542_w952" CONTENT="pole." HPOS="1738" VPOS="1814" WIDTH="85" HEIGHT="75" STYLEREFS="font0"/></TextLine><TextLine WIDTH="987" HEIGHT="75" ID="p542_t97" HPOS="1362" VPOS="1860"><String ID="p542_w953" CONTENT="Continue" HPOS="1362" VPOS="1860" WIDTH="160" HEIGHT="75" STYLEREFS="font0"/><SP WIDTH="12" VPOS="1860" HPOS="1522"/><String ID="p542_w954" CONTENT="moving" HPOS="1534" VPOS="1860" WIDTH="129" HEIGHT="75" STYLEREFS="font0"/><SP WIDTH="12" VPOS="1860" HPOS="1663"/><String ID="p542_w955" CONTENT="the" HPOS="1675" VPOS="1860" WIDTH="55" HEIGHT="75" STYLEREFS="font0"/><SP WIDTH="13" VPOS="1860" HPOS="1730"/><String ID="p542_w956" CONTENT="globe" HPOS="1743" VPOS="1860" WIDTH="94" HEIGHT="75" STYLEREFS="font0"/><SP WIDTH="13" VPOS="1860" HPOS="1837"/><String ID="p542_w957" CONTENT="forward," HPOS="1850" VPOS="1860" WIDTH="149" HEIGHT="75" STYLEREFS="font0"/><SP WIDTH="15" VPOS="1860" HPOS="1999"/><String ID="p542_w958" CONTENT="arid" HPOS="2014" VPOS="1860" WIDTH="62" HEIGHT="75" STYLEREFS="font0"/><SP WIDTH="13" VPOS="1860" HPOS="2076"/><String ID="p542_w959" CONTENT="as" HPOS="2089" VPOS="1860" WIDTH="33" HEIGHT="75" STYLEREFS="font0"/><SP WIDTH="13" VPOS="1860" HPOS="2122"/><String ID="p542_w960" CONTENT="it" HPOS="2135" VPOS="1860" WIDTH="25" HEIGHT="75" STYLEREFS="font0"/><SP WIDTH="13" VPOS="1860" HPOS="2160"/><String ID="p542_w961" CONTENT="goes" HPOS="2173" VPOS="1860" WIDTH="75" HEIGHT="75" STYLEREFS="font0"/><SP WIDTH="13" VPOS="1860" HPOS="2248"/><String ID="p542_w962" CONTENT="thro’" HPOS="2261" VPOS="1860" WIDTH="88" HEIGHT="75" STYLEREFS="font0"/></TextLine><TextLine WIDTH="1035" HEIGHT="75" ID="p542_t98" HPOS="1314" VPOS="1907"><String ID="p542_w963" CONTENT="the" HPOS="1314" VPOS="1907" WIDTH="55" HEIGHT="75" STYLEREFS="font0"/><SP WIDTH="17" VPOS="1907" HPOS="1369"/><String ID="p542_w964" CONTENT="quarter" HPOS="1386" VPOS="1907" WIDTH="131" HEIGHT="75" STYLEREFS="font0"/><SP WIDTH="17" VPOS="1907" HPOS="1517"/><String ID="p542_w965" CONTENT="rl," HPOS="1534" VPOS="1907" WIDTH="44" HEIGHT="75" STYLEREFS="font0"/><SP WIDTH="26" VPOS="1907" HPOS="1578"/><String ID="p542_w966" CONTENT="the" HPOS="1604" VPOS="1907" WIDTH="56" HEIGHT="75" STYLEREFS="font0"/><SP WIDTH="23" VPOS="1907" HPOS="1660"/><String ID="p542_w967" CONTENT="north" HPOS="1683" VPOS="1907" WIDTH="95" HEIGHT="75" STYLEREFS="font0"/><SP WIDTH="26" VPOS="1907" HPOS="1778"/><String ID="p542_w968" CONTENT="pole" HPOS="1804" VPOS="1907" WIDTH="72" HEIGHT="75" STYLEREFS="font0"/><SP WIDTH="25" VPOS="1907" HPOS="1876"/><String ID="p542_w969" CONTENT="recedes" HPOS="1901" VPOS="1907" WIDTH="129" HEIGHT="75" STYLEREFS="font0"/><SP WIDTH="25" VPOS="1907" HPOS="2030"/><String ID="p542_w970" CONTENT="dill" HPOS="2055" VPOS="1907" WIDTH="61" HEIGHT="75" STYLEREFS="font0"/><SP WIDTH="26" VPOS="1907" HPOS="2116"/><String ID="p542_w971" CONTENT="farther" HPOS="2142" VPOS="1907" WIDTH="122" HEIGHT="75" STYLEREFS="font0"/><SP WIDTH="15" VPOS="1907" HPOS="2264"/><String ID="p542_w972" CONTENT="into" HPOS="2279" VPOS="1907" WIDTH="70" HEIGHT="75" STYLEREFS="font0"/></TextLine><TextLine WIDTH="1035" HEIGHT="75" ID="p542_t99" HPOS="1315" VPOS="1953"><String ID="p542_w973" CONTENT="the" HPOS="1315" VPOS="1953" WIDTH="55" HEIGHT="75" STYLEREFS="font0"/><SP WIDTH="15" VPOS="1953" HPOS="1370"/><String ID="p542_w974" CONTENT="dark" HPOS="1385" VPOS="1953" WIDTH="81" HEIGHT="75" STYLEREFS="font0"/><SP WIDTH="15" VPOS="1953" HPOS="1466"/><String ID="p542_w975" CONTENT="hemifphere," HPOS="1481" VPOS="1953" WIDTH="211" HEIGHT="75" STYLEREFS="font0"/><SP WIDTH="25" VPOS="1953" HPOS="1692"/><String ID="p542_w976" CONTENT="and" HPOS="1717" VPOS="1953" WIDTH="63" HEIGHT="75" STYLEREFS="font0"/><SP WIDTH="16" VPOS="1953" HPOS="1780"/><String ID="p542_w977" CONTENT="the" HPOS="1796" VPOS="1953" WIDTH="55" HEIGHT="75" STYLEREFS="font0"/><SP WIDTH="17" VPOS="1953" HPOS="1851"/><String ID="p542_w978" CONTENT="fouth" HPOS="1868" VPOS="1953" WIDTH="92" HEIGHT="75" STYLEREFS="font0"/><SP WIDTH="28" VPOS="1953" HPOS="1960"/><String ID="p542_w979" CONTENT="pole" HPOS="1988" VPOS="1953" WIDTH="73" HEIGHT="75" STYLEREFS="font0"/><SP WIDTH="28" VPOS="1953" HPOS="2061"/><String ID="p542_w980" CONTENT="advances" HPOS="2089" VPOS="1953" WIDTH="153" HEIGHT="75" STYLEREFS="font0"/><SP WIDTH="18" VPOS="1953" HPOS="2242"/><String ID="p542_w981" CONTENT="more" HPOS="2260" VPOS="1953" WIDTH="90" HEIGHT="75" STYLEREFS="font0"/></TextLine><TextLine WIDTH="1036" HEIGHT="75" ID="p542_t100" HPOS="1315" VPOS="2000"><String ID="p542_w982" CONTENT="into" HPOS="1315" VPOS="2000" WIDTH="68" HEIGHT="75" STYLEREFS="font0"/><SP WIDTH="17" VPOS="2000" HPOS="1383"/><String ID="p542_w983" CONTENT="the" HPOS="1400" VPOS="2000" WIDTH="55" HEIGHT="75" STYLEREFS="font0"/><SP WIDTH="23" VPOS="2000" HPOS="1455"/><String ID="p542_w984" CONTENT="light," HPOS="1478" VPOS="2000" WIDTH="96" HEIGHT="75" STYLEREFS="font0"/><SP WIDTH="26" VPOS="2000" HPOS="1574"/><String ID="p542_w985" CONTENT="as" HPOS="1600" VPOS="2000" WIDTH="34" HEIGHT="75" STYLEREFS="font0"/><SP WIDTH="25" VPOS="2000" HPOS="1634"/><String ID="p542_w986" CONTENT="the" HPOS="1659" VPOS="2000" WIDTH="56" HEIGHT="75" STYLEREFS="font0"/><SP WIDTH="24" VPOS="2000" HPOS="1715"/><String ID="p542_w987" CONTENT="globe" HPOS="1739" VPOS="2000" WIDTH="95" HEIGHT="75" STYLEREFS="font0"/><SP WIDTH="18" VPOS="2000" HPOS="1834"/><String ID="p542_w988" CONTENT="comes" HPOS="1852" VPOS="2000" WIDTH="107" HEIGHT="75" STYLEREFS="font0"/><SP WIDTH="18" VPOS="2000" HPOS="1959"/><String ID="p542_w989" CONTENT="nearer" HPOS="1977" VPOS="2000" WIDTH="111" HEIGHT="75" STYLEREFS="font0"/><SP WIDTH="25" VPOS="2000" HPOS="2088"/><String ID="p542_w990" CONTENT="to" HPOS="2113" VPOS="2000" WIDTH="35" HEIGHT="75" STYLEREFS="font0"/><SP WIDTH="20" VPOS="2000" HPOS="2148"/><String ID="p542_w991" CONTENT="2B" HPOS="2168" VPOS="2000" WIDTH="48" HEIGHT="75" STYLEREFS="font0"/><SP WIDTH="19" VPOS="2000" HPOS="2216"/><String ID="p542_w992" CONTENT="•" HPOS="2235" VPOS="2000" WIDTH="8" HEIGHT="75" STYLEREFS="font0"/><SP WIDTH="28" VPOS="2000" HPOS="2243"/><String ID="p542_w993" CONTENT="And" HPOS="2271" VPOS="2000" WIDTH="80" HEIGHT="75" STYLEREFS="font0"/></TextLine><TextLine WIDTH="1035" HEIGHT="75" ID="p542_t101" HPOS="1316" VPOS="2046"><String ID="p542_w994" CONTENT="when" HPOS="1316" VPOS="2046" WIDTH="91" HEIGHT="75" STYLEREFS="font0"/><SP WIDTH="12" VPOS="2046" HPOS="1407"/><String ID="p542_w995" CONTENT="it" HPOS="1419" VPOS="2046" WIDTH="27" HEIGHT="75" STYLEREFS="font0"/><SP WIDTH="16" VPOS="2046" HPOS="1446"/><String ID="p542_w996" CONTENT="comes" HPOS="1462" VPOS="2046" WIDTH="107" HEIGHT="75" STYLEREFS="font0"/><SP WIDTH="17" VPOS="2046" HPOS="1569"/><String ID="p542_w997" CONTENT="there" HPOS="1586" VPOS="2046" WIDTH="90" HEIGHT="75" STYLEREFS="font0"/><SP WIDTH="18" VPOS="2046" HPOS="1676"/><String ID="p542_w998" CONTENT="at" HPOS="1694" VPOS="2046" WIDTH="31" HEIGHT="75" STYLEREFS="font0"/><SP WIDTH="22" VPOS="2046" HPOS="1725"/><String ID="p542_w999" CONTENT="F," HPOS="1747" VPOS="2046" WIDTH="38" HEIGHT="75" STYLEREFS="font0"/><SP WIDTH="25" VPOS="2046" HPOS="1785"/><String ID="p542_w1000" CONTENT="the" HPOS="1810" VPOS="2046" WIDTH="55" HEIGHT="75" STYLEREFS="font0"/><SP WIDTH="18" VPOS="2046" HPOS="1865"/><String ID="p542_w1001" CONTENT="candle" HPOS="1883" VPOS="2046" WIDTH="112" HEIGHT="75" STYLEREFS="font0"/><SP WIDTH="16" VPOS="2046" HPOS="1995"/><String ID="p542_w1002" CONTENT="is" HPOS="2011" VPOS="2046" WIDTH="27" HEIGHT="75" STYLEREFS="font0"/><SP WIDTH="17" VPOS="2046" HPOS="2038"/><String ID="p542_w1003" CONTENT="direftly" HPOS="2055" VPOS="2046" WIDTH="135" HEIGHT="75" STYLEREFS="font0"/><SP WIDTH="16" VPOS="2046" HPOS="2190"/><String ID="p542_w1004" CONTENT="over" HPOS="2206" VPOS="2046" WIDTH="77" HEIGHT="75" STYLEREFS="font0"/><SP WIDTH="11" VPOS="2046" HPOS="2283"/><String ID="p542_w1005" CONTENT="the" HPOS="2294" VPOS="2046" WIDTH="57" HEIGHT="75" STYLEREFS="font0"/></TextLine><TextLine WIDTH="1035" HEIGHT="75" ID="p542_t102" HPOS="1316" VPOS="2093"><String ID="p542_w1006" CONTENT="tropic" HPOS="1316" VPOS="2093" WIDTH="104" HEIGHT="75" STYLEREFS="font0"/><SP WIDTH="28" VPOS="2093" HPOS="1420"/><String ID="p542_w1007" CONTENT="of" HPOS="1448" VPOS="2093" WIDTH="40" HEIGHT="75" STYLEREFS="font0"/><SP WIDTH="21" VPOS="2093" HPOS="1488"/><String ID="p542_w1008" CONTENT="Capricorn," HPOS="1509" VPOS="2093" WIDTH="190" HEIGHT="75" STYLEREFS="font0"/><SP WIDTH="26" VPOS="2093" HPOS="1699"/><String ID="p542_w1009" CONTENT="the" HPOS="1725" VPOS="2093" WIDTH="56" HEIGHT="75" STYLEREFS="font0"/><SP WIDTH="17" VPOS="2093" HPOS="1781"/><String ID="p542_w1010" CONTENT="days" HPOS="1798" VPOS="2093" WIDTH="79" HEIGHT="75" STYLEREFS="font0"/><SP WIDTH="22" VPOS="2093" HPOS="1877"/><String ID="p542_w1011" CONTENT="are'" HPOS="1899" VPOS="2093" WIDTH="66" HEIGHT="75" STYLEREFS="font0"/><SP WIDTH="11" VPOS="2093" HPOS="1965"/><String ID="p542_w1012" CONTENT="at" HPOS="1976" VPOS="2093" WIDTH="33" HEIGHT="75" STYLEREFS="font0"/><SP WIDTH="24" VPOS="2093" HPOS="2009"/><String ID="p542_w1013" CONTENT="the" HPOS="2033" VPOS="2093" WIDTH="55" HEIGHT="75" STYLEREFS="font0"/><SP WIDTH="30" VPOS="2093" HPOS="2088"/><String ID="p542_w1014" CONTENT="(horteft," HPOS="2118" VPOS="2093" WIDTH="143" HEIGHT="75" STYLEREFS="font0"/><SP WIDTH="26" VPOS="2093" HPOS="2261"/><String ID="p542_w1015" CONTENT="and" HPOS="2287" VPOS="2093" WIDTH="64" HEIGHT="75" STYLEREFS="font0"/></TextLine><TextLine WIDTH="1034" HEIGHT="75" ID="p542_t103" HPOS="1317" VPOS="2140"><String ID="p542_w1016" CONTENT="nights" HPOS="1317" VPOS="2140" WIDTH="106" HEIGHT="75" STYLEREFS="font0"/><SP WIDTH="17" VPOS="2140" HPOS="1423"/><String ID="p542_w1017" CONTENT="at" HPOS="1440" VPOS="2140" WIDTH="33" HEIGHT="75" STYLEREFS="font0"/><SP WIDTH="19" VPOS="2140" HPOS="1473"/><String ID="p542_w1018" CONTENT="the" HPOS="1492" VPOS="2140" WIDTH="55" HEIGHT="75" STYLEREFS="font0"/><SP WIDTH="17" VPOS="2140" HPOS="1547"/><String ID="p542_w1019" CONTENT="longed," HPOS="1564" VPOS="2140" WIDTH="133" HEIGHT="75" STYLEREFS="font0"/><SP WIDTH="18" VPOS="2140" HPOS="1697"/><String ID="p542_w1020" CONTENT="in" HPOS="1715" VPOS="2140" WIDTH="31" HEIGHT="75" STYLEREFS="font0"/><SP WIDTH="17" VPOS="2140" HPOS="1746"/><String ID="p542_w1021" CONTENT="the" HPOS="1763" VPOS="2140" WIDTH="56" HEIGHT="75" STYLEREFS="font0"/><SP WIDTH="17" VPOS="2140" HPOS="1819"/><String ID="p542_w1022" CONTENT="northern" HPOS="1836" VPOS="2140" WIDTH="153" HEIGHT="75" STYLEREFS="font0"/><SP WIDTH="17" VPOS="2140" HPOS="1989"/><String ID="p542_w1023" CONTENT="hemifphere," HPOS="2006" VPOS="2140" WIDTH="210" HEIGHT="75" STYLEREFS="font0"/><SP WIDTH="18" VPOS="2140" HPOS="2216"/><String ID="p542_w1024" CONTENT="all" HPOS="2234" VPOS="2140" WIDTH="41" HEIGHT="75" STYLEREFS="font0"/><SP WIDTH="19" VPOS="2140" HPOS="2275"/><String ID="p542_w1025" CONTENT="the" HPOS="2294" VPOS="2140" WIDTH="57" HEIGHT="75" STYLEREFS="font0"/></TextLine><TextLine WIDTH="1035" HEIGHT="75" ID="p542_t104" HPOS="1316" VPOS="2187"><String ID="p542_w1026" CONTENT="way" HPOS="1316" VPOS="2187" WIDTH="71" HEIGHT="75" STYLEREFS="font0"/><SP WIDTH="23" VPOS="2187" HPOS="1387"/><String ID="p542_w1027" CONTENT="from" HPOS="1410" VPOS="2187" WIDTH="85" HEIGHT="75" STYLEREFS="font0"/><SP WIDTH="17" VPOS="2187" HPOS="1495"/><String ID="p542_w1028" CONTENT="the" HPOS="1512" VPOS="2187" WIDTH="55" HEIGHT="75" STYLEREFS="font0"/><SP WIDTH="25" VPOS="2187" HPOS="1567"/><String ID="p542_w1029" CONTENT="equator" HPOS="1592" VPOS="2187" WIDTH="135" HEIGHT="75" STYLEREFS="font0"/><SP WIDTH="27" VPOS="2187" HPOS="1727"/><String ID="p542_w1030" CONTENT="to" HPOS="1754" VPOS="2187" WIDTH="35" HEIGHT="75" STYLEREFS="font0"/><SP WIDTH="21" VPOS="2187" HPOS="1789"/><String ID="p542_w1031" CONTENT="the" HPOS="1810" VPOS="2187" WIDTH="56" HEIGHT="75" STYLEREFS="font0"/><SP WIDTH="22" VPOS="2187" HPOS="1866"/><String ID="p542_w1032" CONTENT="arctic" HPOS="1888" VPOS="2187" WIDTH="95" HEIGHT="75" STYLEREFS="font0"/><SP WIDTH="25" VPOS="2187" HPOS="1983"/><String ID="p542_w1033" CONTENT="circle;" HPOS="2008" VPOS="2187" WIDTH="116" HEIGHT="75" STYLEREFS="font0"/><SP WIDTH="27" VPOS="2187" HPOS="2124"/><String ID="p542_w1034" CONTENT="and" HPOS="2151" VPOS="2187" WIDTH="62" HEIGHT="75" STYLEREFS="font0"/><SP WIDTH="17" VPOS="2187" HPOS="2213"/><String ID="p542_w1035" CONTENT="the" HPOS="2230" VPOS="2187" WIDTH="54" HEIGHT="75" STYLEREFS="font0"/><SP WIDTH="17" VPOS="2187" HPOS="2284"/><String ID="p542_w1036" CONTENT="re-" HPOS="2301" VPOS="2187" WIDTH="50" HEIGHT="75" STYLEREFS="font0"/></TextLine><TextLine WIDTH="1037" HEIGHT="75" ID="p542_t105" HPOS="1316" VPOS="2233"><String ID="p542_w1037" CONTENT="verfe" HPOS="1316" VPOS="2233" WIDTH="87" HEIGHT="75" STYLEREFS="font0"/><SP WIDTH="17" VPOS="2233" HPOS="1403"/><String ID="p542_w1038" CONTENT="in" HPOS="1420" VPOS="2233" WIDTH="30" HEIGHT="75" STYLEREFS="font0"/><SP WIDTH="18" VPOS="2233" HPOS="1450"/><String ID="p542_w1039" CONTENT="the" HPOS="1468" VPOS="2233" WIDTH="56" HEIGHT="75" STYLEREFS="font0"/><SP WIDTH="17" VPOS="2233" HPOS="1524"/><String ID="p542_w1040" CONTENT="fouthern" HPOS="1541" VPOS="2233" WIDTH="150" HEIGHT="75" STYLEREFS="font0"/><SP WIDTH="16" VPOS="2233" HPOS="1691"/><String ID="p542_w1041" CONTENT="hemifphere" HPOS="1707" VPOS="2233" WIDTH="199" HEIGHT="75" STYLEREFS="font0"/><SP WIDTH="16" VPOS="2233" HPOS="1906"/><String ID="p542_w1042" CONTENT="from" HPOS="1922" VPOS="2233" WIDTH="85" HEIGHT="75" STYLEREFS="font0"/><SP WIDTH="16" VPOS="2233" HPOS="2007"/><String ID="p542_w1043" CONTENT="the" HPOS="2023" VPOS="2233" WIDTH="56" HEIGHT="75" STYLEREFS="font0"/><SP WIDTH="16" VPOS="2233" HPOS="2079"/><String ID="p542_w1044" CONTENT="equator" HPOS="2095" VPOS="2233" WIDTH="135" HEIGHT="75" STYLEREFS="font0"/><SP WIDTH="16" VPOS="2233" HPOS="2230"/><String ID="p542_w1045" CONTENT="to" HPOS="2246" VPOS="2233" WIDTH="34" HEIGHT="75" STYLEREFS="font0"/><SP WIDTH="16" VPOS="2233" HPOS="2280"/><String ID="p542_w1046" CONTENT="the" HPOS="2296" VPOS="2233" WIDTH="57" HEIGHT="75" STYLEREFS="font0"/></TextLine><TextLine WIDTH="1033" HEIGHT="75" ID="p542_t106" HPOS="1319" VPOS="2279"><String ID="p542_w1047" CONTENT="antardlic" HPOS="1319" VPOS="2279" WIDTH="149" HEIGHT="75" STYLEREFS="font0"/><SP WIDTH="24" VPOS="2279" HPOS="1468"/><String ID="p542_w1048" CONTENT="circle;" HPOS="1492" VPOS="2279" WIDTH="116" HEIGHT="75" STYLEREFS="font0"/><SP WIDTH="27" VPOS="2279" HPOS="1608"/><String ID="p542_w1049" CONTENT="within" HPOS="1635" VPOS="2279" WIDTH="111" HEIGHT="75" STYLEREFS="font0"/><SP WIDTH="30" VPOS="2279" HPOS="1746"/><String ID="p542_w1050" CONTENT="which" HPOS="1776" VPOS="2279" WIDTH="106" HEIGHT="75" STYLEREFS="font0"/><SP WIDTH="28" VPOS="2279" HPOS="1882"/><String ID="p542_w1051" CONTENT="circles" HPOS="1910" VPOS="2279" WIDTH="111" HEIGHT="75" STYLEREFS="font0"/><SP WIDTH="26" VPOS="2279" HPOS="2021"/><String ID="p542_w1052" CONTENT="it" HPOS="2047" VPOS="2279" WIDTH="25" HEIGHT="75" STYLEREFS="font0"/><SP WIDTH="25" VPOS="2279" HPOS="2072"/><String ID="p542_w1053" CONTENT="is" HPOS="2097" VPOS="2279" WIDTH="27" HEIGHT="75" STYLEREFS="font0"/><SP WIDTH="25" VPOS="2279" HPOS="2124"/><String ID="p542_w1054" CONTENT="dark" HPOS="2149" VPOS="2279" WIDTH="80" HEIGHT="75" STYLEREFS="font0"/><SP WIDTH="16" VPOS="2279" HPOS="2229"/><String ID="p542_w1055" CONTENT="to" HPOS="2245" VPOS="2279" WIDTH="35" HEIGHT="75" STYLEREFS="font0"/><SP WIDTH="16" VPOS="2279" HPOS="2280"/><String ID="p542_w1056" CONTENT="the" HPOS="2296" VPOS="2279" WIDTH="56" HEIGHT="75" STYLEREFS="font0"/></TextLine><TextLine WIDTH="758" HEIGHT="75" ID="p542_t107" HPOS="1318" VPOS="2326"><String ID="p542_w1057" CONTENT="north" HPOS="1318" VPOS="2326" WIDTH="95" HEIGHT="75" STYLEREFS="font0"/><SP WIDTH="18" VPOS="2326" HPOS="1413"/><String ID="p542_w1058" CONTENT="frigid" HPOS="1431" VPOS="2326" WIDTH="98" HEIGHT="75" STYLEREFS="font0"/><SP WIDTH="17" VPOS="2326" HPOS="1529"/><String ID="p542_w1059" CONTENT="zone," HPOS="1546" VPOS="2326" WIDTH="94" HEIGHT="75" STYLEREFS="font0"/><SP WIDTH="26" VPOS="2326" HPOS="1640"/><String ID="p542_w1060" CONTENT="and" HPOS="1666" VPOS="2326" WIDTH="62" HEIGHT="75" STYLEREFS="font0"/><SP WIDTH="16" VPOS="2326" HPOS="1728"/><String ID="p542_w1061" CONTENT="light" HPOS="1744" VPOS="2326" WIDTH="82" HEIGHT="75" STYLEREFS="font0"/><SP WIDTH="21" VPOS="2326" HPOS="1826"/><String ID="p542_w1062" CONTENT="to" HPOS="1847" VPOS="2326" WIDTH="34" HEIGHT="75" STYLEREFS="font0"/><SP WIDTH="18" VPOS="2326" HPOS="1881"/><String ID="p542_w1063" CONTENT="the" HPOS="1899" VPOS="2326" WIDTH="54" HEIGHT="75" STYLEREFS="font0"/><SP WIDTH="17" VPOS="2326" HPOS="1953"/><String ID="p542_w1064" CONTENT="fouth." HPOS="1970" VPOS="2326" WIDTH="106" HEIGHT="75" STYLEREFS="font0"/></TextLine><TextLine WIDTH="984" HEIGHT="75" ID="p542_t108" HPOS="1367" VPOS="2372"><String ID="p542_w1065" CONTENT="Continue" HPOS="1367" VPOS="2372" WIDTH="160" HEIGHT="75" STYLEREFS="font0"/><SP WIDTH="36" VPOS="2372" HPOS="1527"/><String ID="p542_w1066" CONTENT="both" HPOS="1563" VPOS="2372" WIDTH="80" HEIGHT="75" STYLEREFS="font0"/><SP WIDTH="37" VPOS="2372" HPOS="1643"/><String ID="p542_w1067" CONTENT="motions," HPOS="1680" VPOS="2372" WIDTH="152" HEIGHT="75" STYLEREFS="font0"/><SP WIDTH="38" VPOS="2372" HPOS="1832"/><String ID="p542_w1068" CONTENT="and" HPOS="1870" VPOS="2372" WIDTH="61" HEIGHT="75" STYLEREFS="font0"/><SP WIDTH="36" VPOS="2372" HPOS="1931"/><String ID="p542_w1069" CONTENT="as" HPOS="1967" VPOS="2372" WIDTH="33" HEIGHT="75" STYLEREFS="font0"/><SP WIDTH="37" VPOS="2372" HPOS="2000"/><String ID="p542_w1070" CONTENT="the" HPOS="2037" VPOS="2372" WIDTH="56" HEIGHT="75" STYLEREFS="font0"/><SP WIDTH="28" VPOS="2372" HPOS="2093"/><String ID="p542_w1071" CONTENT="globe" HPOS="2121" VPOS="2372" WIDTH="94" HEIGHT="75" STYLEREFS="font0"/><SP WIDTH="28" VPOS="2372" HPOS="2215"/><String ID="p542_w1072" CONTENT="moves" HPOS="2243" VPOS="2372" WIDTH="108" HEIGHT="75" STYLEREFS="font0"/></TextLine><TextLine WIDTH="1031" HEIGHT="75" ID="p542_t109" HPOS="1321" VPOS="2418"><String ID="p542_w1073" CONTENT="through" HPOS="1321" VPOS="2418" WIDTH="139" HEIGHT="75" STYLEREFS="font0"/><SP WIDTH="18" VPOS="2418" HPOS="1460"/><String ID="p542_w1074" CONTENT="the" HPOS="1478" VPOS="2418" WIDTH="54" HEIGHT="75" STYLEREFS="font0"/><SP WIDTH="17" VPOS="2418" HPOS="1532"/><String ID="p542_w1075" CONTENT="quarter" HPOS="1549" VPOS="2418" WIDTH="132" HEIGHT="75" STYLEREFS="font0"/><SP WIDTH="18" VPOS="2418" HPOS="1681"/><String ID="p542_w1076" CONTENT="B," HPOS="1699" VPOS="2418" WIDTH="42" HEIGHT="75" STYLEREFS="font0"/><SP WIDTH="26" VPOS="2418" HPOS="1741"/><String ID="p542_w1077" CONTENT="the" HPOS="1767" VPOS="2418" WIDTH="55" HEIGHT="75" STYLEREFS="font0"/><SP WIDTH="17" VPOS="2418" HPOS="1822"/><String ID="p542_w1078" CONTENT="north" HPOS="1839" VPOS="2418" WIDTH="96" HEIGHT="75" STYLEREFS="font0"/><SP WIDTH="17" VPOS="2418" HPOS="1935"/><String ID="p542_w1079" CONTENT="pole" HPOS="1952" VPOS="2418" WIDTH="72" HEIGHT="75" STYLEREFS="font0"/><SP WIDTH="17" VPOS="2418" HPOS="2024"/><String ID="p542_w1080" CONTENT="advances" HPOS="2041" VPOS="2418" WIDTH="154" HEIGHT="75" STYLEREFS="font0"/><SP WIDTH="16" VPOS="2418" HPOS="2195"/><String ID="p542_w1081" CONTENT="towards" HPOS="2211" VPOS="2418" WIDTH="141" HEIGHT="75" STYLEREFS="font0"/></TextLine><TextLine WIDTH="1029" HEIGHT="75" ID="p542_t110" HPOS="1321" VPOS="2466"><String ID="p542_w1082" CONTENT="the" HPOS="1321" VPOS="2466" WIDTH="55" HEIGHT="75" STYLEREFS="font0"/><SP WIDTH="17" VPOS="2466" HPOS="1376"/><String ID="p542_w1083" CONTENT="light," HPOS="1393" VPOS="2466" WIDTH="94" HEIGHT="75" STYLEREFS="font0"/><SP WIDTH="26" VPOS="2466" HPOS="1487"/><String ID="p542_w1084" CONTENT="and" HPOS="1513" VPOS="2466" WIDTH="62" HEIGHT="75" STYLEREFS="font0"/><SP WIDTH="17" VPOS="2466" HPOS="1575"/><String ID="p542_w1085" CONTENT="the" HPOS="1592" VPOS="2466" WIDTH="54" HEIGHT="75" STYLEREFS="font0"/><SP WIDTH="17" VPOS="2466" HPOS="1646"/><String ID="p542_w1086" CONTENT="fouth" HPOS="1663" VPOS="2466" WIDTH="93" HEIGHT="75" STYLEREFS="font0"/><SP WIDTH="18" VPOS="2466" HPOS="1756"/><String ID="p542_w1087" CONTENT="pole" HPOS="1774" VPOS="2466" WIDTH="73" HEIGHT="75" STYLEREFS="font0"/><SP WIDTH="17" VPOS="2466" HPOS="1847"/><String ID="p542_w1088" CONTENT="recedes" HPOS="1864" VPOS="2466" WIDTH="129" HEIGHT="75" STYLEREFS="font0"/><SP WIDTH="17" VPOS="2466" HPOS="1993"/><String ID="p542_w1089" CONTENT="towards" HPOS="2010" VPOS="2466" WIDTH="140" HEIGHT="75" STYLEREFS="font0"/><SP WIDTH="17" VPOS="2466" HPOS="2150"/><String ID="p542_w1090" CONTENT="the" HPOS="2167" VPOS="2466" WIDTH="55" HEIGHT="75" STYLEREFS="font0"/><SP WIDTH="22" VPOS="2466" HPOS="2222"/><String ID="p542_w1091" CONTENT="dark" HPOS="2244" VPOS="2466" WIDTH="80" HEIGHT="75" STYLEREFS="font0"/><SP WIDTH="16" VPOS="2466" HPOS="2324"/><String ID="p542_w1092" CONTENT=";" HPOS="2340" VPOS="2466" WIDTH="10" HEIGHT="75" STYLEREFS="font0"/></TextLine><TextLine WIDTH="1032" HEIGHT="75" ID="p542_t111" HPOS="1321" VPOS="2513"><String ID="p542_w1093" CONTENT="the" HPOS="1321" VPOS="2513" WIDTH="55" HEIGHT="75" STYLEREFS="font0"/><SP WIDTH="29" VPOS="2513" HPOS="1376"/><String ID="p542_w1094" CONTENT="days" HPOS="1405" VPOS="2513" WIDTH="78" HEIGHT="75" STYLEREFS="font0"/><SP WIDTH="33" VPOS="2513" HPOS="1483"/><String ID="p542_w1095" CONTENT="lengthen" HPOS="1516" VPOS="2513" WIDTH="150" HEIGHT="75" STYLEREFS="font0"/><SP WIDTH="33" VPOS="2513" HPOS="1666"/><String ID="p542_w1096" CONTENT="in" HPOS="1699" VPOS="2513" WIDTH="32" HEIGHT="75" STYLEREFS="font0"/><SP WIDTH="33" VPOS="2513" HPOS="1731"/><String ID="p542_w1097" CONTENT="the" HPOS="1764" VPOS="2513" WIDTH="55" HEIGHT="75" STYLEREFS="font0"/><SP WIDTH="34" VPOS="2513" HPOS="1819"/><String ID="p542_w1098" CONTENT="northern" HPOS="1853" VPOS="2513" WIDTH="153" HEIGHT="75" STYLEREFS="font0"/><SP WIDTH="33" VPOS="2513" HPOS="2006"/><String ID="p542_w1099" CONTENT="hemifphere," HPOS="2039" VPOS="2513" WIDTH="210" HEIGHT="75" STYLEREFS="font0"/><SP WIDTH="42" VPOS="2513" HPOS="2249"/><String ID="p542_w1100" CONTENT="and" HPOS="2291" VPOS="2513" WIDTH="62" HEIGHT="75" STYLEREFS="font0"/></TextLine><TextLine WIDTH="1032" HEIGHT="75" ID="p542_t112" HPOS="1320" VPOS="2557"><String ID="p542_w1101" CONTENT="ftiorten.in" HPOS="1320" VPOS="2557" WIDTH="173" HEIGHT="75" STYLEREFS="font0"/><SP WIDTH="24" VPOS="2557" HPOS="1493"/><String ID="p542_w1102" CONTENT="the" HPOS="1517" VPOS="2557" WIDTH="55" HEIGHT="75" STYLEREFS="font0"/><SP WIDTH="23" VPOS="2557" HPOS="1572"/><String ID="p542_w1103" CONTENT="fouthern" HPOS="1595" VPOS="2557" WIDTH="150" HEIGHT="75" STYLEREFS="font0"/><SP WIDTH="11" VPOS="2557" HPOS="1745"/><String ID="p542_w1104" CONTENT=";" HPOS="1756" VPOS="2557" WIDTH="10" HEIGHT="75" STYLEREFS="font0"/><SP WIDTH="28" VPOS="2557" HPOS="1766"/><String ID="p542_w1105" CONTENT="and" HPOS="1794" VPOS="2557" WIDTH="63" HEIGHT="75" STYLEREFS="font0"/><SP WIDTH="24" VPOS="2557" HPOS="1857"/><String ID="p542_w1106" CONTENT="when" HPOS="1881" VPOS="2557" WIDTH="95" HEIGHT="75" STYLEREFS="font0"/><SP WIDTH="28" VPOS="2557" HPOS="1976"/><String ID="p542_w1107" CONTENT="the" HPOS="2004" VPOS="2557" WIDTH="55" HEIGHT="75" STYLEREFS="font0"/><SP WIDTH="23" VPOS="2557" HPOS="2059"/><String ID="p542_w1108" CONTENT="globe" HPOS="2082" VPOS="2557" WIDTH="95" HEIGHT="75" STYLEREFS="font0"/><SP WIDTH="18" VPOS="2557" HPOS="2177"/><String ID="p542_w1109" CONTENT="comes" HPOS="2195" VPOS="2557" WIDTH="104" HEIGHT="75" STYLEREFS="font0"/><SP WIDTH="18" VPOS="2557" HPOS="2299"/><String ID="p542_w1110" CONTENT="to" HPOS="2317" VPOS="2557" WIDTH="35" HEIGHT="75" STYLEREFS="font0"/></TextLine><TextLine WIDTH="1031" HEIGHT="75" ID="p542_t113" HPOS="1321" VPOS="2605"><String ID="p542_w1111" CONTENT="G," HPOS="1321" VPOS="2605" WIDTH="44" HEIGHT="75" STYLEREFS="font0"/><SP WIDTH="24" VPOS="2605" HPOS="1365"/><String ID="p542_w1112" CONTENT="the" HPOS="1389" VPOS="2605" WIDTH="56" HEIGHT="75" STYLEREFS="font0"/><SP WIDTH="20" VPOS="2605" HPOS="1445"/><String ID="p542_w1113" CONTENT="candle" HPOS="1465" VPOS="2605" WIDTH="111" HEIGHT="75" STYLEREFS="font0"/><SP WIDTH="16" VPOS="2605" HPOS="1576"/><String ID="p542_w1114" CONTENT="will" HPOS="1592" VPOS="2605" WIDTH="66" HEIGHT="75" STYLEREFS="font0"/><SP WIDTH="17" VPOS="2605" HPOS="1658"/><String ID="p542_w1115" CONTENT="be" HPOS="1675" VPOS="2605" WIDTH="39" HEIGHT="75" STYLEREFS="font0"/><SP WIDTH="18" VPOS="2605" HPOS="1714"/><String ID="p542_w1116" CONTENT="again" HPOS="1732" VPOS="2605" WIDTH="89" HEIGHT="75" STYLEREFS="font0"/><SP WIDTH="25" VPOS="2605" HPOS="1821"/><String ID="p542_w1117" CONTENT="over" HPOS="1846" VPOS="2605" WIDTH="76" HEIGHT="75" STYLEREFS="font0"/><SP WIDTH="28" VPOS="2605" HPOS="1922"/><String ID="p542_w1118" CONTENT="the" HPOS="1950" VPOS="2605" WIDTH="55" HEIGHT="75" STYLEREFS="font0"/><SP WIDTH="22" VPOS="2605" HPOS="2005"/><String ID="p542_w1119" CONTENT="equator" HPOS="2027" VPOS="2605" WIDTH="136" HEIGHT="75" STYLEREFS="font0"/><SP WIDTH="29" VPOS="2605" HPOS="2163"/><String ID="p542_w1120" CONTENT="(as" HPOS="2192" VPOS="2605" WIDTH="49" HEIGHT="75" STYLEREFS="font0"/><SP WIDTH="18" VPOS="2605" HPOS="2241"/><String ID="p542_w1121" CONTENT="when" HPOS="2259" VPOS="2605" WIDTH="93" HEIGHT="75" STYLEREFS="font0"/></TextLine><TextLine WIDTH="1032" HEIGHT="75" ID="p542_t114" HPOS="1321" VPOS="2651"><String ID="p542_w1122" CONTENT="the" HPOS="1321" VPOS="2651" WIDTH="55" HEIGHT="75" STYLEREFS="font0"/><SP WIDTH="17" VPOS="2651" HPOS="1376"/><String ID="p542_w1123" CONTENT="globe" HPOS="1393" VPOS="2651" WIDTH="95" HEIGHT="75" STYLEREFS="font0"/><SP WIDTH="16" VPOS="2651" HPOS="1488"/><String ID="p542_w1124" CONTENT="was" HPOS="1504" VPOS="2651" WIDTH="66" HEIGHT="75" STYLEREFS="font0"/><SP WIDTH="16" VPOS="2651" HPOS="1570"/><String ID="p542_w1125" CONTENT="at" HPOS="1586" VPOS="2651" WIDTH="35" HEIGHT="75" STYLEREFS="font0"/><SP WIDTH="14" VPOS="2651" HPOS="1621"/><String ID="p542_w1126" CONTENT="E)" HPOS="1635" VPOS="2651" WIDTH="47" HEIGHT="75" STYLEREFS="font0"/><SP WIDTH="19" VPOS="2651" HPOS="1682"/><String ID="p542_w1127" CONTENT="ana" HPOS="1701" VPOS="2651" WIDTH="63" HEIGHT="75" STYLEREFS="font0"/><SP WIDTH="16" VPOS="2651" HPOS="1764"/><String ID="p542_w1128" CONTENT="the" HPOS="1780" VPOS="2651" WIDTH="55" HEIGHT="75" STYLEREFS="font0"/><SP WIDTH="17" VPOS="2651" HPOS="1835"/><String ID="p542_w1129" CONTENT="days" HPOS="1852" VPOS="2651" WIDTH="78" HEIGHT="75" STYLEREFS="font0"/><SP WIDTH="14" VPOS="2651" HPOS="1930"/><String ID="p542_w1130" CONTENT="and" HPOS="1944" VPOS="2651" WIDTH="61" HEIGHT="75" STYLEREFS="font0"/><SP WIDTH="10" VPOS="2651" HPOS="2005"/><String ID="p542_w1131" CONTENT="nights" HPOS="2015" VPOS="2651" WIDTH="106" HEIGHT="75" STYLEREFS="font0"/><SP WIDTH="9" VPOS="2651" HPOS="2121"/><String ID="p542_w1132" CONTENT="will" HPOS="2130" VPOS="2651" WIDTH="68" HEIGHT="75" STYLEREFS="font0"/><SP WIDTH="12" VPOS="2651" HPOS="2198"/><String ID="p542_w1133" CONTENT="again" HPOS="2210" VPOS="2651" WIDTH="89" HEIGHT="75" STYLEREFS="font0"/><SP WIDTH="15" VPOS="2651" HPOS="2299"/><String ID="p542_w1134" CONTENT="be" HPOS="2314" VPOS="2651" WIDTH="39" HEIGHT="75" STYLEREFS="font0"/></TextLine><TextLine WIDTH="1030" HEIGHT="75" ID="p542_t115" HPOS="1322" VPOS="2697"><String ID="p542_w1135" CONTENT="equal" HPOS="1322" VPOS="2697" WIDTH="94" HEIGHT="75" STYLEREFS="font0"/><SP WIDTH="18" VPOS="2697" HPOS="1416"/><String ID="p542_w1136" CONTENT="as" HPOS="1434" VPOS="2697" WIDTH="32" HEIGHT="75" STYLEREFS="font0"/><SP WIDTH="18" VPOS="2697" HPOS="1466"/><String ID="p542_w1137" CONTENT="formerly;" HPOS="1484" VPOS="2697" WIDTH="177" HEIGHT="75" STYLEREFS="font0"/><SP WIDTH="26" VPOS="2697" HPOS="1661"/><String ID="p542_w1138" CONTENT="and" HPOS="1687" VPOS="2697" WIDTH="63" HEIGHT="75" STYLEREFS="font0"/><SP WIDTH="23" VPOS="2697" HPOS="1750"/><String ID="p542_w1139" CONTENT="the" HPOS="1773" VPOS="2697" WIDTH="55" HEIGHT="75" STYLEREFS="font0"/><SP WIDTH="24" VPOS="2697" HPOS="1828"/><String ID="p542_w1140" CONTENT="north" HPOS="1852" VPOS="2697" WIDTH="95" HEIGHT="75" STYLEREFS="font0"/><SP WIDTH="27" VPOS="2697" HPOS="1947"/><String ID="p542_w1141" CONTENT="pole" HPOS="1974" VPOS="2697" WIDTH="70" HEIGHT="75" STYLEREFS="font0"/><SP WIDTH="26" VPOS="2697" HPOS="2044"/><String ID="p542_w1142" CONTENT="will" HPOS="2070" VPOS="2697" WIDTH="64" HEIGHT="75" STYLEREFS="font0"/><SP WIDTH="24" VPOS="2697" HPOS="2134"/><String ID="p542_w1143" CONTENT="be" HPOS="2158" VPOS="2697" WIDTH="39" HEIGHT="75" STYLEREFS="font0"/><SP WIDTH="21" VPOS="2697" HPOS="2197"/><String ID="p542_w1144" CONTENT="juTFco-" HPOS="2218" VPOS="2697" WIDTH="134" HEIGHT="75" STYLEREFS="font0"/></TextLine><TextLine WIDTH="923" HEIGHT="75" ID="p542_t116" HPOS="1322" VPOS="2744"><String ID="p542_w1145" CONTENT="ming" HPOS="1322" VPOS="2744" WIDTH="87" HEIGHT="75" STYLEREFS="font0"/><SP WIDTH="15" VPOS="2744" HPOS="1409"/><String ID="p542_w1146" CONTENT="into" HPOS="1424" VPOS="2744" WIDTH="69" HEIGHT="75" STYLEREFS="font0"/><SP WIDTH="16" VPOS="2744" HPOS="1493"/><String ID="p542_w1147" CONTENT="the" HPOS="1509" VPOS="2744" WIDTH="55" HEIGHT="75" STYLEREFS="font0"/><SP WIDTH="16" VPOS="2744" HPOS="1564"/><String ID="p542_w1148" CONTENT="light," HPOS="1580" VPOS="2744" WIDTH="97" HEIGHT="75" STYLEREFS="font0"/><SP WIDTH="25" VPOS="2744" HPOS="1677"/><String ID="p542_w1149" CONTENT="the" HPOS="1702" VPOS="2744" WIDTH="55" HEIGHT="75" STYLEREFS="font0"/><SP WIDTH="16" VPOS="2744" HPOS="1757"/><String ID="p542_w1150" CONTENT="fouth" HPOS="1773" VPOS="2744" WIDTH="93" HEIGHT="75" STYLEREFS="font0"/><SP WIDTH="16" VPOS="2744" HPOS="1866"/><String ID="p542_w1151" CONTENT="pole" HPOS="1882" VPOS="2744" WIDTH="74" HEIGHT="75" STYLEREFS="font0"/><SP WIDTH="17" VPOS="2744" HPOS="1956"/><String ID="p542_w1152" CONTENT="going" HPOS="1973" VPOS="2744" WIDTH="95" HEIGHT="75" STYLEREFS="font0"/><SP WIDTH="17" VPOS="2744" HPOS="2068"/><String ID="p542_w1153" CONTENT="out" HPOS="2085" VPOS="2744" WIDTH="55" HEIGHT="75" STYLEREFS="font0"/><SP WIDTH="17" VPOS="2744" HPOS="2140"/><String ID="p542_w1154" CONTENT="of" HPOS="2157" VPOS="2744" WIDTH="40" HEIGHT="75" STYLEREFS="font0"/><SP WIDTH="11" VPOS="2744" HPOS="2197"/><String ID="p542_w1155" CONTENT="it." HPOS="2208" VPOS="2744" WIDTH="37" HEIGHT="75" STYLEREFS="font0"/></TextLine><TextLine WIDTH="985" HEIGHT="75" ID="p542_t117" HPOS="1368" VPOS="2792"><String ID="p542_w1156" CONTENT="Thus" HPOS="1368" VPOS="2792" WIDTH="96" HEIGHT="75" STYLEREFS="font0"/><SP WIDTH="18" VPOS="2792" HPOS="1464"/><String ID="p542_w1157" CONTENT="we" HPOS="1482" VPOS="2792" WIDTH="48" HEIGHT="75" STYLEREFS="font0"/><SP WIDTH="20" VPOS="2792" HPOS="1530"/><String ID="p542_w1158" CONTENT="fee" HPOS="1550" VPOS="2792" WIDTH="50" HEIGHT="75" STYLEREFS="font0"/><SP WIDTH="17" VPOS="2792" HPOS="1600"/><String ID="p542_w1159" CONTENT="the" HPOS="1617" VPOS="2792" WIDTH="55" HEIGHT="75" STYLEREFS="font0"/><SP WIDTH="20" VPOS="2792" HPOS="1672"/><String ID="p542_w1160" CONTENT="reafon" HPOS="1692" VPOS="2792" WIDTH="108" HEIGHT="75" STYLEREFS="font0"/><SP WIDTH="24" VPOS="2792" HPOS="1800"/><String ID="p542_w1161" CONTENT="why" HPOS="1824" VPOS="2792" WIDTH="75" HEIGHT="75" STYLEREFS="font0"/><SP WIDTH="27" VPOS="2792" HPOS="1899"/><String ID="p542_w1162" CONTENT="the" HPOS="1926" VPOS="2792" WIDTH="55" HEIGHT="75" STYLEREFS="font0"/><SP WIDTH="24" VPOS="2792" HPOS="1981"/><String ID="p542_w1163" CONTENT="days" HPOS="2005" VPOS="2792" WIDTH="78" HEIGHT="75" STYLEREFS="font0"/><SP WIDTH="28" VPOS="2792" HPOS="2083"/><String ID="p542_w1164" CONTENT="lengthen" HPOS="2111" VPOS="2792" WIDTH="151" HEIGHT="75" STYLEREFS="font0"/><SP WIDTH="29" VPOS="2792" HPOS="2262"/><String ID="p542_w1165" CONTENT="and" HPOS="2291" VPOS="2792" WIDTH="62" HEIGHT="75" STYLEREFS="font0"/></TextLine><TextLine WIDTH="1032" HEIGHT="75" ID="p542_t118" HPOS="1322" VPOS="2837"><String ID="p542_w1166" CONTENT="(horten" HPOS="1322" VPOS="2837" WIDTH="126" HEIGHT="75" STYLEREFS="font0"/><SP WIDTH="28" VPOS="2837" HPOS="1448"/><String ID="p542_w1167" CONTENT="from" HPOS="1476" VPOS="2837" WIDTH="84" HEIGHT="75" STYLEREFS="font0"/><SP WIDTH="29" VPOS="2837" HPOS="1560"/><String ID="p542_w1168" CONTENT="the" HPOS="1589" VPOS="2837" WIDTH="56" HEIGHT="75" STYLEREFS="font0"/><SP WIDTH="27" VPOS="2837" HPOS="1645"/><String ID="p542_w1169" CONTENT="equator" HPOS="1672" VPOS="2837" WIDTH="135" HEIGHT="75" STYLEREFS="font0"/><SP WIDTH="27" VPOS="2837" HPOS="1807"/><String ID="p542_w1170" CONTENT="to" HPOS="1834" VPOS="2837" WIDTH="35" HEIGHT="75" STYLEREFS="font0"/><SP WIDTH="33" VPOS="2837" HPOS="1869"/><String ID="p542_w1171" CONTENT="the" HPOS="1902" VPOS="2837" WIDTH="56" HEIGHT="75" STYLEREFS="font0"/><SP WIDTH="34" VPOS="2837" HPOS="1958"/><String ID="p542_w1172" CONTENT="polar" HPOS="1992" VPOS="2837" WIDTH="90" HEIGHT="75" STYLEREFS="font0"/><SP WIDTH="32" VPOS="2837" HPOS="2082"/><String ID="p542_w1173" CONTENT="circles" HPOS="2114" VPOS="2837" WIDTH="111" HEIGHT="75" STYLEREFS="font0"/><SP WIDTH="32" VPOS="2837" HPOS="2225"/><String ID="p542_w1174" CONTENT="every" HPOS="2257" VPOS="2837" WIDTH="97" HEIGHT="75" STYLEREFS="font0"/></TextLine><TextLine WIDTH="1030" HEIGHT="75" ID="p542_t119" HPOS="1323" VPOS="2884"><String ID="p542_w1175" CONTENT="year;," HPOS="1323" VPOS="2884" WIDTH="105" HEIGHT="75" STYLEREFS="font0"/><SP WIDTH="18" VPOS="2884" HPOS="1428"/><String ID="p542_w1176" CONTENT="why" HPOS="1446" VPOS="2884" WIDTH="75" HEIGHT="75" STYLEREFS="font0"/><SP WIDTH="17" VPOS="2884" HPOS="1521"/><String ID="p542_w1177" CONTENT="there" HPOS="1538" VPOS="2884" WIDTH="91" HEIGHT="75" STYLEREFS="font0"/><SP WIDTH="16" VPOS="2884" HPOS="1629"/><String ID="p542_w1178" CONTENT="is" HPOS="1645" VPOS="2884" WIDTH="25" HEIGHT="75" STYLEREFS="font0"/><SP WIDTH="18" VPOS="2884" HPOS="1670"/><String ID="p542_w1179" CONTENT="no" HPOS="1688" VPOS="2884" WIDTH="42" HEIGHT="75" STYLEREFS="font0"/><SP WIDTH="16" VPOS="2884" HPOS="1730"/><String ID="p542_w1180" CONTENT="day" HPOS="1746" VPOS="2884" WIDTH="65" HEIGHT="75" STYLEREFS="font0"/><SP WIDTH="16" VPOS="2884" HPOS="1811"/><String ID="p542_w1181" CONTENT="or" HPOS="1827" VPOS="2884" WIDTH="36" HEIGHT="75" STYLEREFS="font0"/><SP WIDTH="24" VPOS="2884" HPOS="1863"/><String ID="p542_w1182" CONTENT="night" HPOS="1887" VPOS="2884" WIDTH="91" HEIGHT="75" STYLEREFS="font0"/><SP WIDTH="23" VPOS="2884" HPOS="1978"/><String ID="p542_w1183" CONTENT="for" HPOS="2001" VPOS="2884" WIDTH="50" HEIGHT="75" STYLEREFS="font0"/><SP WIDTH="23" VPOS="2884" HPOS="2051"/><String ID="p542_w1184" CONTENT="fevera;" HPOS="2074" VPOS="2884" WIDTH="115" HEIGHT="75" STYLEREFS="font0"/><SP WIDTH="19" VPOS="2884" HPOS="2189"/><String ID="p542_w1185" CONTENT="turnings" HPOS="2208" VPOS="2884" WIDTH="145" HEIGHT="75" STYLEREFS="font0"/></TextLine><TextLine WIDTH="1030" HEIGHT="75" ID="p542_t120" HPOS="1323" VPOS="2931"><String ID="p542_w1186" CONTENT="of" HPOS="1323" VPOS="2931" WIDTH="42" HEIGHT="75" STYLEREFS="font0"/><SP WIDTH="8" VPOS="2931" HPOS="1365"/><String ID="p542_w1187" CONTENT="the" HPOS="1373" VPOS="2931" WIDTH="56" HEIGHT="75" STYLEREFS="font0"/><SP WIDTH="20" VPOS="2931" HPOS="1429"/><String ID="p542_w1188" CONTENT="earth," HPOS="1449" VPOS="2931" WIDTH="102" HEIGHT="75" STYLEREFS="font0"/><SP WIDTH="27" VPOS="2931" HPOS="1551"/><String ID="p542_w1189" CONTENT="within" HPOS="1578" VPOS="2931" WIDTH="110" HEIGHT="75" STYLEREFS="font0"/><SP WIDTH="18" VPOS="2931" HPOS="1688"/><String ID="p542_w1190" CONTENT="the" HPOS="1706" VPOS="2931" WIDTH="56" HEIGHT="75" STYLEREFS="font0"/><SP WIDTH="23" VPOS="2931" HPOS="1762"/><String ID="p542_w1191" CONTENT="polar" HPOS="1785" VPOS="2931" WIDTH="90" HEIGHT="75" STYLEREFS="font0"/><SP WIDTH="18" VPOS="2931" HPOS="1875"/><String ID="p542_w1192" CONTENT="circles;" HPOS="1893" VPOS="2931" WIDTH="135" HEIGHT="75" STYLEREFS="font0"/><SP WIDTH="27" VPOS="2931" HPOS="2028"/><String ID="p542_w1193" CONTENT="why" HPOS="2055" VPOS="2931" WIDTH="75" HEIGHT="75" STYLEREFS="font0"/><SP WIDTH="16" VPOS="2931" HPOS="2130"/><String ID="p542_w1194" CONTENT="there" HPOS="2146" VPOS="2931" WIDTH="89" HEIGHT="75" STYLEREFS="font0"/><SP WIDTH="17" VPOS="2931" HPOS="2235"/><String ID="p542_w1195" CONTENT="is" HPOS="2252" VPOS="2931" WIDTH="26" HEIGHT="75" STYLEREFS="font0"/><SP WIDTH="16" VPOS="2931" HPOS="2278"/><String ID="p542_w1196" CONTENT="but" HPOS="2294" VPOS="2931" WIDTH="59" HEIGHT="75" STYLEREFS="font0"/></TextLine><TextLine WIDTH="1027" HEIGHT="75" ID="p542_t121" HPOS="1323" VPOS="2977"><String ID="p542_w1197" CONTENT="one" HPOS="1323" VPOS="2977" WIDTH="60" HEIGHT="75" STYLEREFS="font0"/><SP WIDTH="17" VPOS="2977" HPOS="1383"/><String ID="p542_w1198" CONTENT="day" HPOS="1400" VPOS="2977" WIDTH="65" HEIGHT="75" STYLEREFS="font0"/><SP WIDTH="16" VPOS="2977" HPOS="1465"/><String ID="p542_w1199" CONTENT="and" HPOS="1481" VPOS="2977" WIDTH="62" HEIGHT="75" STYLEREFS="font0"/><SP WIDTH="16" VPOS="2977" HPOS="1543"/><String ID="p542_w1200" CONTENT="one" HPOS="1559" VPOS="2977" WIDTH="61" HEIGHT="75" STYLEREFS="font0"/><SP WIDTH="19" VPOS="2977" HPOS="1620"/><String ID="p542_w1201" CONTENT="night" HPOS="1639" VPOS="2977" WIDTH="93" HEIGHT="75" STYLEREFS="font0"/><SP WIDTH="27" VPOS="2977" HPOS="1732"/><String ID="p542_w1202" CONTENT="in" HPOS="1759" VPOS="2977" WIDTH="31" HEIGHT="75" STYLEREFS="font0"/><SP WIDTH="25" VPOS="2977" HPOS="1790"/><String ID="p542_w1203" CONTENT="the" HPOS="1815" VPOS="2977" WIDTH="55" HEIGHT="75" STYLEREFS="font0"/><SP WIDTH="24" VPOS="2977" HPOS="1870"/><String ID="p542_w1204" CONTENT="whole" HPOS="1894" VPOS="2977" WIDTH="103" HEIGHT="75" STYLEREFS="font0"/><SP WIDTH="26" VPOS="2977" HPOS="1997"/><String ID="p542_w1205" CONTENT="year" HPOS="2023" VPOS="2977" WIDTH="74" HEIGHT="75" STYLEREFS="font0"/><SP WIDTH="18" VPOS="2977" HPOS="2097"/><String ID="p542_w1206" CONTENT="at" HPOS="2115" VPOS="2977" WIDTH="30" HEIGHT="75" STYLEREFS="font0"/><SP WIDTH="19" VPOS="2977" HPOS="2145"/><String ID="p542_w1207" CONTENT="the" HPOS="2164" VPOS="2977" WIDTH="54" HEIGHT="75" STYLEREFS="font0"/><SP WIDTH="17" VPOS="2977" HPOS="2218"/><String ID="p542_w1208" CONTENT="poles" HPOS="2235" VPOS="2977" WIDTH="86" HEIGHT="75" STYLEREFS="font0"/><SP WIDTH="18" VPOS="2977" HPOS="2321"/><String ID="p542_w1209" CONTENT=";" HPOS="2339" VPOS="2977" WIDTH="11" HEIGHT="75" STYLEREFS="font0"/></TextLine><TextLine WIDTH="1030" HEIGHT="75" ID="p542_t122" HPOS="1322" VPOS="3025"><String ID="p542_w1210" CONTENT="and" HPOS="1322" VPOS="3025" WIDTH="63" HEIGHT="75" STYLEREFS="font0"/><SP WIDTH="17" VPOS="3025" HPOS="1385"/><String ID="p542_w1211" CONTENT="why" HPOS="1402" VPOS="3025" WIDTH="76" HEIGHT="75" STYLEREFS="font0"/><SP WIDTH="28" VPOS="3025" HPOS="1478"/><String ID="p542_w1212" CONTENT="the" HPOS="1506" VPOS="3025" WIDTH="54" HEIGHT="75" STYLEREFS="font0"/><SP WIDTH="23" VPOS="3025" HPOS="1560"/><String ID="p542_w1213" CONTENT="days" HPOS="1583" VPOS="3025" WIDTH="79" HEIGHT="75" STYLEREFS="font0"/><SP WIDTH="28" VPOS="3025" HPOS="1662"/><String ID="p542_w1214" CONTENT="and" HPOS="1690" VPOS="3025" WIDTH="62" HEIGHT="75" STYLEREFS="font0"/><SP WIDTH="24" VPOS="3025" HPOS="1752"/><String ID="p542_w1215" CONTENT="nights" HPOS="1776" VPOS="3025" WIDTH="107" HEIGHT="75" STYLEREFS="font0"/><SP WIDTH="25" VPOS="3025" HPOS="1883"/><String ID="p542_w1216" CONTENT="are" HPOS="1908" VPOS="3025" WIDTH="54" HEIGHT="75" STYLEREFS="font0"/><SP WIDTH="28" VPOS="3025" HPOS="1962"/><String ID="p542_w1217" CONTENT="equally" HPOS="1990" VPOS="3025" WIDTH="129" HEIGHT="75" STYLEREFS="font0"/><SP WIDTH="26" VPOS="3025" HPOS="2119"/><String ID="p542_w1218" CONTENT="long" HPOS="2145" VPOS="3025" WIDTH="76" HEIGHT="75" STYLEREFS="font0"/><SP WIDTH="18" VPOS="3025" HPOS="2221"/><String ID="p542_w1219" CONTENT="all" HPOS="2239" VPOS="3025" WIDTH="41" HEIGHT="75" STYLEREFS="font0"/><SP WIDTH="18" VPOS="3025" HPOS="2280"/><String ID="p542_w1220" CONTENT="the" HPOS="2298" VPOS="3025" WIDTH="54" HEIGHT="75" STYLEREFS="font0"/></TextLine><TextLine WIDTH="84" HEIGHT="75" ID="p542_t123" HPOS="2277" VPOS="3069"><String ID="p542_w1221" CONTENT="year." HPOS="2277" VPOS="3069" WIDTH="84" HEIGHT="75" STYLEREFS="font0"/></TextLine></PrintSpace></Page></Layout></alto>