2483 3387
638 75 725 75 ARITHME
1438 75 378 75 TICS.

2198 75 79 75 421

178 145 56 75 the
250 145 88 75 right
353 145 41 75 of
406 145 55 75 the
477 145 64 75 firft
556 145 93 75 part;
676 145 64 75 and
752 145 64 75 you
826 145 82 75 have
925 145 56 75 the
993 145 117 75 divifor
1122 145 86 75 com-

175 191 100 75 plete.

222 237 64 75 IV.
336 237 159 75 Multiply
511 237 55 75 the
583 237 118 75 divifor
717 237 74 75 thus
809 237 198 75 compleated
1024 237 44 75 by
1089 237 56 75 the
1167 237 38 75 fi-

174 283 79 75 gure
269 283 57 75 put
341 283 33 75 in
390 283 55 75 the
468 283 93 75 quot,
586 283 138 75 fubtratt
747 283 55 75 the
818 283 137 75 product
974 283 83 75 from
1073 283 56 75 the
1153 283 50 75 re-

173 329 147 75 folvend,'
341 329 63 75 and
419 329 34 75 to
469 329 56 75 the
541 329 179 75 remainder
736 329 93 75 bring
845 329 93 75 down
956 329 55 75 the
1036 329 168 75 following

176 375 113 75 period
299 375 52 75 for
367 375 19 75 a
401 375 72 75 new
490 375 177 75 refolvend,
692 375 63 75 and
771 375 77 75 then
865 375 137 75 proceed
1025 375 33 75 as
1078 375 123 75 before.

222 422 89 75 Note
330 422 31 75 1.
395 422 37 75 If
457 422 55 75 the
536 422 65 75 firft
622 422 73 75 part
718 422 41 75 of
777 422 54 75 the
856 422 129 75 divifor,
1009 422 79 75 with
1112 422 92 75 unity

172 467 155 75 fuppofed
343 467 35 75 to
395 467 39 75 be
451 467 147 75 annexed
614 467 35 75 to
665 467 37 75 it,
728 467 122 75 happen
867 467 36 75 to
927 467 39 75 be
981 467 127 75 greater
1123 467 79 75 than

173 514 57 75 the
247 514 177 75 refolvend,
449 514 32 75 in
497 514 63 75 this
577 514 69 75 cafe
661 514 89 75 place
774 514 23 75 o
819 514 33 75 in
869 514 54 75 the
939 514 93 75 quot,
1057 514 63 75 and
1136 514 64 75 alfo

173 561 42 75 on
238 561 57 75 the
319 561 87 75 fight
432 561 42 75 of
491 561 56 75 the
574 561 115 75 partial
716 561 137 75 divifor;
889 561 45 75 to-
951 561 55 75 the
1034 561 168 75 refolvend

172 606 95 75 bring
288 606 95 75 down
407 606 134 75 another
563 606 132 75 period;
726 606 63 75 and
810 606 137 75 proceed
970 606 37 75 to
1032 606 107 75 divide
1164 606 34 75 as

172 654 122 75 before.

221 700 88 75 Note
327 700 34 75 a.
396 700 38 75 If
445 700 56 75 the
516 700 143 75 product,
666 700 41 75 of
717 700 55 75 the
785 700 264 75 quotient-figure
1061 700 68 75 into
1144 700 56 75 the

172 745 118 75 divifor
305 745 124 75 happen
446 745 35 75 to
497 745 39 75 be
552 745 125 75 greater
694 745 77 75 than
783 745 54 75 the
850 745 177 75 refolvend,
1045 745 156 75 youmuft

171 791 42 75 go
229 791 94 75 back,
348 791 61 75 and
426 791 70 75 give
513 791 18 75 a
547 791 90 75 lefler
652 791 101 75 figure
770 791 35 75 to
821 791 54 75 the
895 791 93 75 quot.

220 838 88 75 Note
324 838 34 75 3.
382 838 44 75 If,
451 838 84 75 after
549 838 96 75 every
661 838 111 75 period
788 838 40 75 of
838 838 55 75 the
910 838 93 75 given
1020 838 134 75 number
1170 838 28 75 is

171 883 139 75 brought
326 883 107 75 down,
456 883 93 75 there
563 883 123 75 happen
711 883 33 75 at
767 883 58 75 laft
850 883 35 75 to
905 883 44 75 be
972 883 19 75 a
1005 883 191 75 remainder,

169 930 64 75 you
250 930 73 75 may
338 930 149 75 continue
498 930 55 75 the
569 930 179 75 operation,
774 930 43 75 by
833 930 160 75 annexing
1013 930 128 75 periods
1161 930 38 75 or

168 976 84 75 pairs
268 976 42 75 of
327 976 136 75 ciphers,
489 976 51 75 till
557 976 91 75 there
665 976 39 75 be
720 976 42 75 no
787 976 192 75 remainder,
1005 976 38 75 or
1067 976 51 75 till
1142 976 56 75 the

168 1022 133 75 decimal
320 1022 71 75 part
402 1022 41 75 of
460 1022 56 75 the
533 1022 81 75 quot
630 1022 108 75 repeat
754 1022 38 75 or
809 1022 164 75 circulate,
999 1022 37 75 or
1059 1022 50 75 till
1133 1022 65 75 you

168 1069 93 75 think
277 1069 115 75 proper
409 1069 34 75 to
459 1069 84 75 limit
554 1069 38 75 it.

260 1115 151 75 Examp.
430 1115 31 75 I.
508 1115 168 75 Required
692 1115 181 75 thefquare
890 1115 74 75 root
981 1115 40 75 of
1045 1115 150 75 133225.

168 1208 126 75 Square
309 1208 135 75 number
479 1208 222 75 133225(365
720 1208 74 75 root

962 1208 64 75 365

501 1266 21 75 9

960 1266 65 75 365

290 1349 13 75 1
323 1349 70 75 div.
411 1349 61 75 66)
500 1349 66 75 432
586 1349 178 75 refolvend.

940 1349 85 75 1825

498 1393 228 75 396^produ6t.

911 1393 93 75 2190

888 1449 86 75 1095

284 1486 19 75 2
322 1486 67 75 div.
409 1486 84 75 725)
522 1486 89 75 3625
629 1486 178 75 refolvend.

522 1532 88 75 3625
630 1532 146 75 produ6t.
886 1532 134 75 133225
1038 1532 107 75 proof.

216 1576 149 75 Examp.
391 1576 49 75 II.
506 1576 168 75 Required
697 1576 56 75 the
776 1576 113 75 fquare
914 1576 72 75 root
1010 1576 41 75 of
1071 1576 57 75 72,
1159 1576 35 75 to

167 1624 89 75 eight
268 1624 134 75 decimal
419 1624 118 75 places.

267 1720 487 75 72.00000000(8.48528137
772 1720 85 75 root.

286 1764 46 75 64

219 1857 164 75 164)800

315 1905 67 75 656

212 1996 221 75 1688)14400

322 2041 111 75 13504

235 2133 247 75 16965)89600

366 2179 65 75 848

235 2272 293 75 169702)477500

394 2328 136 75 3394°4

235 2411 295 75 169704)138096

281 2454 74 75 ••••
393 2454 133 75 135763

668 2042 97 75 After
782 2042 124 75 getting
921 2042 74 75 half
1004 2042 44 75 of,
1064 2042 55 75 the
1135 2042 56 75 de-

628 2087 93 75 cimal
735 2087 117 75 places,
870 2087 90 75 work
976 2087 43 75 by
1036 2087 156 75 contract-

624 2132 41 75 ed
679 2132 130 75 divifion
826 2132 52 75 for
902 2132 57 75 the
981 2132 94 75 other
1098 2132 90 75 half;

624 2179 62 75 and
701 2179 108 75 obtain
825 2179 89 75 them
929 2179 78 75 with
1027 2179 56 75 the
1107 2179 83 75 fame

623 2224 154 75 accuracy
808 2224 33 75 as
869 2224 32 75 if
922 2224 55 75 the
1005 2224 91 75 work
1125 2224 65 75 had

624 2271 79 75 been
718 2271 34 75 at
768 2271 101 75 large.

460 2686 69 75 636

462 2731 68 75 509

462 2825 65 75 127

459 2871 68 75 118

488 2972 54 75 (9)

204 3009 98 75 Vol.
328 3009 31 75 I.
405 3009 73 75 No.
506 3009 55 75 18.

1300 141 153 75 Examp.
1472 141 66 75 III.
1587 141 167 75 Required
1770 141 56 75 the
1839 141 115 75 fquare
1970 141 73 75 root
2058 141 42 75 of
2112 141 118 75 .2916.

1621 237 182 75 .2.916(.54
1820 237 84 75 root.

1631 290 44 75 25

1544 373 80 75 104)
1651 373 69 75 416

1650 421 67 75 416

1292 510 37 75 If
1347 510 56 75 the
1427 510 113 75 fquare
1563 510 75 75 root
1660 510 42 75 of
1720 510 18 75 a
1757 510 113 75 vulgar
1893 510 134 75 fraction
2052 510 39 75 be
2114 510 162 75 required,

1245 556 65 75 find
1326 556 57 75 the
1399 556 73 75 root
1489 556 42 75 of
1549 556 56 75 the
1630 556 93 75 given
1749 556 184 75 numerator
1955 556 54 75 for
2032 556 18 75 a
2074 556 71 75 new
2166 556 109 75 nume-

1246 602 99 75 rator,
1370 602 61 75 and
1447 602 67 75 find
1530 602 55 75 the
1609 602 74 75 root
1706 602 41 75 of
1765 602 55 75 the
1836 602 94 75 given
1947 602 221 75 denominator
2182 602 53 75 for
2258 602 19 75 a

1245 648 71 75 new
1331 648 236 75 denominator.
1616 648 109 75 Thus,
1742 648 57 75 the
1815 648 113 75 fquare
1941 648 73 75 root
2030 648 38 75 of
2080 648 24 75 4
2119 648 26 75 is
2158 648 38 75 4>
2214 630 49 49 an(
2263 648 14 75 I

1245 695 55 75 the
1316 695 73 75 root
1402 695 40 75 of
1523 695 12 75 i
1535 677 15 49 $
1567 695 26 75 r
1602 695 11 75 >
1637 677 51 49 an<
1688 695 15 75 I
1718 695 75 75 thus
1816 695 55 75 the
1896 695 74 75 root
1986 695 40 75 of
2050 695 35 75 y
2110 695 120 75 (=65)
2247 695 29 75 is

1245 750 66 75 t—
1321 750 57 75 2-j-.

1290 790 68 75 But
1373 790 31 75 if
1423 790 54 75 the
1494 790 73 75 root
1583 790 42 75 of
1642 790 103 75 either
1760 790 56 75 the
1832 790 184 75 numerator
2032 790 38 75 or
2090 790 185 75 denomina-

1244 834 52 75 tor
1312 834 117 75 cannot
1446 834 40 75 be
1501 834 166 75 extracted
1684 834 135 75 without
1838 834 19 75 a
1872 834 190 75 remainder,
2088 834 115 75 reduce
2218 834 57 75 the

1241 880 113 75 vulgar
1369 880 135 75 fraction
1524 880 35 75 to
1583 880 19 75 a
1618 880 148 75 decimal,
1789 880 65 75 and
1876 880 77 75 then
1974 880 124 75 extraCt
2115 880 55 75 the
2187 880 85 75 root,

1244 928 33 75 as
1294 928 32 75 in
1343 928 165 75 Example
1518 928 69 75 HI.
1606 928 112 75 above.

1433 1008 48 75 II.
1529 1008 195 75 Extraction
1747 1008 45 75 of
1804 1008 53 75 the
1880 1008 85 75 Cube
1989 1008 94 75 Root.

1287 1065 108 75 Rule
1415 1065 30 75 I.
1495 1065 123 75 Divide
1643 1065 56 75 the
1723 1065 93 75 given
1844 1065 134 75 number
2002 1065 69 75 into
2095 1065 126 75 periods
2238 1065 41 75 of

1240 1112 91 75 three
1347 1112 128 75 figures,
1493 1112 172 75 beginning
1679 1112 35 75 at
1731 1112 55 75 the
1803 1112 86 75 right
1901 1112 86 75 hand
1996 1112 35 75 in
2043 1112 150 75 integers,
2210 1112 64 75 and

1240 1158 146 75 pointing
1402 1158 124 75 toward
1542 1158 55 75 the
1613 1158 74 75 left.
1736 1158 67 75 But
1819 1158 31 75 in
1868 1158 164 75 decimals,
2057 1158 95 75 begin
2168 1158 32 75 at
2217 1158 57 75 the

1241 1204 90 75 place
1347 1204 40 75 of
1405 1204 186 75 thoufands,
1618 1204 61 75 and
1702 1204 90 75 point
1816 1204 128 75 toward
1968 1204 55 75 the
2047 1204 99 75 right.
2195 1204 79 75 The

1239 1251 135 75 number
1397 1251 40 75 of
1454 1251 127 75 periods
1606 1251 98 75 ftiews
1730 1251 55 75 the
1809 1251 132 75 number
1964 1251 39 75 of
2022 1251 115 75 figures
2162 1251 32 75 in
2217 1251 56 75 the

1239 1297 87 75 root.

1286 1344 48 75 II.
1383 1344 84 75 Find
1491 1344 43 75 by
1558 1344 57 75 the
1639 1344 87 75 table
1749 1344 41 75 of
1808 1344 136 75 powers,
1976 1344 39 75 or
2038 1344 43 75 by
2105 1344 86 75 trial,
2217 1344 56 75 the

1238 1391 121 75 neareft
1374 1391 92 75 lefler
1482 1391 75 75 root
1581 1391 40 75 of
1639 1391 56 75 the
1711 1391 165 75 left-hand
1891 1391 133 75 period;
2050 1391 89 75 place
2163 1391 55 75 the
2233 1391 38 75 fi-

1238 1436 78 75 gure
1339 1436 34 75 fo
1397 1436 102 75 found
1521 1436 33 75 in
1579 1436 55 75 the
1660 1436 104 75 quot;
1790 1436 138 75 fubtrad
1951 1436 42 75 its
2011 1436 79 75 cube
2105 1436 87 75 from
2214 1436 56 75 the

1236 1482 68 75 faid
1319 1482 130 75 period;
1477 1482 63 75 and
1564 1482 36 75 to
1618 1482 56 75 the
1689 1482 178 75 remainder
1891 1482 94 75 bring
2006 1482 96 75 down
2120 1482 55 75 the
2190 1482 83 75 next

1238 1529 111 75 period
1365 1529 52 75 for
1431 1529 20 75 a
1467 1529 140 75 dividual
1625 1529 38 75 or
1680 1529 178 75 refolvend.

1285 1576 77 75 The
1377 1576 121 75 divifor
1514 1576 126 75 confifts
1657 1576 40 75 of
1708 1576 91 75 three
1811 1576 88 75 parts
1915 1576 105 75 which
2032 1576 75 75 may
2118 1576 40 75 be
2170 1576 102 75 found

1240 1622 33 75 as
1291 1622 140 75 follows.

1287 1669 66 75 III.
1401 1669 77 75 The
1505 1669 65 75 firft
1597 1669 71 75 part
1697 1669 41 75 of
1767 1669 57 75 the
1841 1669 122 75 divifor
1989 1669 27 75 is
2044 1669 101 75 found
2171 1669 95 75 thus:

1239 1715 159 75 Multiply
1414 1715 56 75 the
1494 1715 114 75 fquare
1632 1715 40 75 of
1691 1715 55 75 the
1770 1715 81 75 quot
1872 1715 44 75 by
1935 1715 32 75 3,
1992 1715 61 75 and
2070 1715 36 75 to
2122 1715 56 75 the
2195 1715 73 75 pro-

1239 1761 75 75 duct
1329 1761 106 75 annex
1452 1761 65 75 two
1534 1761 146 75 ciphers;
1699 1761 76 75 then
1791 1761 125 75 inquire
1928 1761 75 75 how
2014 1761 93 75 often
2124 1761 64 75 this
2205 1761 65 75 firft

1238 1807 72 75 part
1333 1807 45 75 of
1391 1807 55 75 the
1470 1807 120 75 divifor
1613 1807 27 75 is
1666 1807 170 75 contained
1863 1807 32 75 in
1921 1807 54 75 the
2003 1807 177 75 refolvend,
2206 1807 63 75 and

1237 1854 89 75 place
1343 1854 55 75 the
1414 1854 100 75 figure
1530 1854 154 75 denoting
1699 1854 56 75 the
1772 1854 119 75 anfwer
1909 1854 32 75 in
1960 1854 56 75 the
2032 1854 93 75 quot.

1285 1901 62 75 IV.
1396 1901 159 75 Multiply
1570 1901 55 75 the
1642 1901 122 75 former
1779 1901 81 75 quot
1876 1901 44 75 by
1938 1901 32 75 3,
1988 1901 63 75 and
2062 1901 56 75 the
2134 1901 134 75 product

1237 1946 43 75 by
1297 1946 54 75 the
1368 1946 100 75 figure
1493 1946 73 75 now
1582 1946 56 75 put
1655 1946 32 75 in
1703 1946 56 75 the
1775 1946 101 75 quot;
1904 1946 34 75 to
1962 1946 65 75 this
2054 1946 57 75 laft
2134 1946 135 75 product

1237 1994 105 75 annex
1358 1994 19 75 a
1393 1994 128 75 cipher;
1548 1994 64 75 and
1624 1994 62 75 you
1702 1994 83 75 have
1797 1994 56 75 the
1869 1994 116 75 fecond
2000 1994 70 75 part
2086 1994 41 75 of
2144 1994 57 75 the
2216 1994 51 75 di-

1236 2040 97 75 vifor.
1382 2040 120 75 Again,
1520 2040 113 75 fquare
1650 2040 56 75 the
1722 2040 100 75 figure
1838 2040 73 75 now
1928 2040 57 75 put
2001 2040 32 75 in
2050 2040 55 75 the
2118 2040 81 75 quot
2214 2040 53 75 for

1236 2087 55 75 the
1307 2087 88 75 third
1407 2087 70 75 part
1493 2087 40 75 of
1551 2087 56 75 the
1623 2087 139 75 divifor;
1790 2087 89 75 place
1897 2087 87 75 thefe
1997 2087 90 75 three
2104 2087 86 75 parts
2208 2087 57 75 un-

1236 2132 57 75 der
1309 2132 61 75 one
1386 2132 145 75 another,
1557 2132 34 75 as
1607 2132 34 75 in
1658 2132 168 75 addition;
1852 2132 63 75 and
1931 2132 90 75 itheir
2045 2132 68 75 fum
2137 2132 67 75 will
2225 2132 41 75 be

1237 2180 54 75 the
1308 2180 117 75 divifor
1442 2180 171 75 complete.

1282 2225 45 75 V.
1376 2225 158 75 Multiply
1550 2225 55 75 the
1622 2225 129 75 divifor,
1777 2225 75 75 thus
1869 2225 191 75 completed,
2076 2225 54 75 -by
2145 2225 56 75 the
2226 2225 38 75 fi-

1234 2271 77 75 gure
1327 2271 58 75 laft
1402 2271 63 75 pur
1474 2271 32 75 in
1524 2271 56 75 the
1596 2271 93 75 quot,
1714 2271 138 75 fubtraCt
1869 2271 57 75 the
1950 2271 133 75 product
2107 2271 84 75 from
2209 2271 56 75 the

1233 2317 177 75 refolvend,
1435 2317 63 75 and
1515 2317 35 75 to
1568 2317 55 75 the
1643 2317 177 75 remainder
1837 2317 92 75 bring
1953 2317 95 75 down
2065 2317 55 75 the
2136 2317 128 75 follow-

1233 2363 54 75 ing
1303 2363 114 75 period
1433 2363 52 75 for
1500 2363 19 75 a
1536 2363 71 75 new
1622 2363 178 75 refolvend,
1827 2363 63 75 and
1907 2363 77 75 then
2000 2363 138 75 proceed
2157 2363 34 75 as
2208 2363 55 75 be-

1233 2410 82 75 fore.

1280 2457 89 75 Note
1395 2457 32 75 1.
1452 2457 38 75 If
1500 2457 55 75 the
1572 2457 63 75 firft
1651 2457 71 75 part
1738 2457 41 75 of
1789 2457 56 75 the
1867 2457 118 75 divifor
2011 2457 123 75 happen
2160 2457 35 75 to
2222 2457 41 75 be

1234 2502 93 75 equal
1345 2502 35 75 to
1396 2502 37 75 or
1449 2502 126 75 greater
1591 2502 76 75 than
1684 2502 57 75 the
1764 2502 177 75 refolvend,
1959 2502 32 75 in
2008 2502 63 75 this
2089 2502 68 75 cafe
2175 2502 89 75 place

1233 2548 21 75 o
1270 2548 32 75 in
1315 2548 55 75 the
1387 2548 93 75 quot,
1505 2548 105 75 annex
1626 2548 65 75 two
1708 2548 123 75 ciphers
1848 2548 36 75 to
1907 2548 55 75 the
1978 2548 67 75 faid
2060 2548 64 75 firft
2140 2548 71 75 part
2227 2548 42 75 of

1231 2594 55 75 the
1310 2594 130 75 divifor,
1465 2594 34 75 to
1512 2594 55 75 the
1584 2594 163 75 refolvend
1763 2594 92 75 bring
1870 2594 95 75 down
1988 2594 134 75 another
2137 2594 125 75 period,

1233 2640 62 75 and
1311 2640 137 75 proceed
1463 2640 35 75 to
1513 2640 106 75 divide
1634 2640 34 75 as
1685 2640 123 75 before.

1281 2689 87 75 Note
1389 2689 33 75 2.
1445 2689 40 75 If
1496 2689 55 75 the
1565 2689 132 75 product
1713 2689 40 75 of
1770 2689 56 75 the
1842 2689 264 75 quotient-figure
2121 2689 69 75 into
2207 2689 56 75 the

1233 2734 116 75 divifor
1365 2734 123 75 happen
1505 2734 34 75 to
1555 2734 39 75 be
1610 2734 125 75 greater
1752 2734 77 75 than
1846 2734 55 75 the
1913 2734 177 75 refolvend,
2100 2734 65 75 you
2181 2734 81 75 muft

1235 2780 41 75 go
1291 2780 95 75 back,
1412 2780 61 75 and
1490 2780 71 75 give
1578 2780 15 75 a
1610 2780 89 75 lefler
1715 2780 100 75 figure
1830 2780 37 75 to
1883 2780 55 75 the
1955 2780 94 75 quot.

1284 2828 87 75 Note
1392 2828 33 75 3.
1450 2828 45 75 If,
1520 2828 83 75 after
1619 2828 96 75 every
1731 2828 113 75 period
1855 2828 41 75 of
1906 2828 55 75 the
1978 2828 92 75 given
2086 2828 133 75 number
2234 2828 28 75 is

1235 2874 140 75 brought
1391 2874 107 75 down,
1523 2874 90 75 there
1629 2874 124 75 happen
1779 2874 33 75 at
1839 2874 56 75 laft
1922 2874 36 75 to
1980 2874 39 75 be
2037 2874 18 75 a
2071 2874 189 75 remainder,

1237 2920 64 75 you
1325 2920 72 75 may
1423 2920 149 75 continue
1591 2920 55 75 the
1663 2920 166 75 operation
1846 2920 44 75 by
1907 2920 158 75 annexing
2080 2920 127 75 periods
2230 2920 40 75 of

1240 2971 92 75 three
1351 2971 124 75 ciphers
1493 2971 49 75 till
1559 2971 91 75 there
1665 2971 41 75 be
1723 2971 41 75 no
1781 2971 188 75 remainder,
1987 2971 37 75 or
2041 2971 47 75 till
2105 2971 64 75 you
2184 2971 83 75 have

1665 3023 18 75 5
1709 3023 32 75 O

2234 3023 34 75 as

1139 3025 17 75 3
