2483 3387
623 192 1048 75 ARITHMETIC
1748 192 52 75 K.

2203 205 78 75 385

204 266 79 75 The
307 266 67 75 two
398 266 107 75 fimpfe
529 266 160 75 quefHons
712 266 70 75 into
806 266 108 75 which
938 266 55 75 the
1016 266 183 75 compound

157 312 146 75 queftion
318 312 30 75 is
367 312 157 75 refolved,
550 312 53 75 are
619 312 114 75 ftated,
759 312 64 75 and
842 312 148 75 wrought
1007 312 189 75 feparately,

160 359 34 75 as
211 359 143 75 follows.

325 405 49 75 H.
419 405 45 75 B.
556 405 50 75 H.
681 405 92 75 Days

252 454 40 75 If
314 454 41 75 14
382 454 10 75 :
421 454 45 75 56
493 454 10 75 :
524 454 10 75 :
562 454 47 75 20
655 454 37 75 If
717 454 39 75 16
784 454 8 75 :

333 593 271 75 14)1120(808.

398 642 64 75 H2

391 743 112 75 ~)

252 872 82 75 Anf,
363 872 65 75 120
444 872 138 75 bulhels,
606 872 35 75 as
656 872 125 75 before.

374 976 50 75 II.
474 976 67 75 The
564 976 85 75 Rule
672 976 44 75 of
730 976 80 75 Five
834 976 143 75 Inverfe.

202 1055 89 75 The
310 1055 161 75 queftions
488 1055 71 75 that
575 1055 57 75 fall
646 1055 102 75 under
760 1055 64 75 this
836 1055 70 75 rule
917 1055 81 75 have
1011 1055 184 75 commonly

157 1101 62 75 one
235 1101 41 75 of
294 1101 57 75 the
365 1101 203 75 proportions
584 1101 136 75 inverfe,
745 1101 63 75 and
820 1101 55 75 the
891 1101 94 75 other
1000 1101 113 75 direft,
1131 1101 64 75 and

157 1148 180 75 fometimes
362 1148 56 75 the
441 1148 113 75 upper,
580 1148 63 75 and
666 1148 180 75 fometimes
870 1148 57 75 the
950 1148 111 75 lower,
1086 1148 27 75 is
1138 1148 57 75 the

157 1195 122 75 inverfe
295 1195 208 75 proportion;
531 1195 62 75 and
615 1195 32 75 in
664 1195 86 75 fome
767 1195 62 75 few
846 1195 160 75 queftions
1022 1195 80 75 both
1119 1195 75 75 pro-

157 1240 146 75 portions
327 1240 53 75 are
396 1240 136 75 inverfe.
581 1240 101 75 Now,
706 1240 125 75 though
854 1240 57 75 the
927 1240 91 75 three
1034 1240 86 75 rules
1137 1240 57 75 de-

155 1287 124 75 livered
295 1287 101 75 above
411 1287 158 75 make^no
585 1287 174 75 difference
775 1287 139 75 betwixt
936 1287 100 75 direft
1060 1287 63 75 and
1145 1287 49 75 in-

157 1334 87 75 verfe
255 1334 12 75 ;
292 1334 69 75 yet,
385 1334 36 75 to
443 1334 95 75 bring
554 1334 55 75 the
625 1334 125 75 learner
765 1334 36 75 to
817 1334 86 75 fome
922 1334 143 75 meafure
1081 1334 40 75 of
1140 1334 53 75 ac-

156 1381 192 75 quaintance
363 1381 82 75 with
457 1381 65 75 this
538 1381 103 75 ufeful
653 1381 190 75 diftindtion,
861 1381 49 75 we
926 1381 92 75 fh^JI,
1034 1381 33 75 in
1079 1381 116 75 ftating

157 1427 57 75 the
232 1427 167 75 following
412 1427 172 75 queftions,
608 1427 119 75 expofe
743 1427 56 75 the
815 1427 83 75 fame
914 1427 37 75 to
966 1427 95 75 view,
1085 1427 45 75 by
1146 1427 48 75 af-

157 1473 104 75 fixing
284 1473 40 75 an
346 1473 127 75 afteriflt
495 1473 36 75 to
555 1473 57 75 the
627 1473 162 75 extremes
811 1473 41 75 of
870 1473 97 75 every
982 1473 122 75 inverfe
1120 1473 75 75 pro-

159 1519 142 75 portion.

208 1566 116 75 ^ueji.
372 1566 39 75 If
434 1566 41 75 14
500 1566 110 75 horfes
634 1566 53 75 eat
714 1566 44 75 56
782 1566 124 75 bufhels
931 1566 41 75 of
991 1566 77 75 corn
1090 1566 33 75 in
1153 1566 42 75 16

158 1613 93 75 days,
274 1613 33 75 in
323 1613 76 75 how
414 1613 96 75 many
526 1613 80 75 days
622 1613 69 75 will
709 1613 46 75 20
778 1613 109 75 horfes
912 1613 53 75 eat
991 1613 65 75 120
1071 1613 125 75 bulhels

159 1659 34 75 at
209 1659 72 75 that
297 1659 68 75 rate
378 1659 13 75 ?

208 1706 38 75 In
261 1706 65 75 this
344 1706 143 75 queftion
504 1706 55 75 the
576 1706 193 75 fuppofition
793 1706 41 75 is,
860 1706 71 75 that
951 1706 42 75 14
1009 1706 110 75 horfes
1143 1706 53 75 eat

161 1754 44 75 56
222 1754 124 75 bulhels
363 1754 32 75 in
416 1754 41 75 16
470 1754 102 75 daysj
598 1754 62 75 and
677 1754 55 75 the
744 1754 138 75 demand
897 1754 40 75 is.
962 1754 40 75 In
1013 1754 75 75 how
1100 1754 96 75 many

159 1799 79 75 days
252 1799 45 75 20
313 1799 110 75 horfes
438 1799 68 75 will
518 1799 52 75 eat
592 1799 65 75 120
672 1799 138 75 bulhels.

207 1846 77 75 The
299 1846 136 75 number
448 1846 116 75 fought
579 1846 29 75 is
624 1846 93 75 days,
743 1846 64 75 and
822 1846 57 75 the
902 1846 83 75 term
1000 1846 34 75 in
1049 1846 56 75 the
1121 1846 73 75 fup-

159 1893 136 75 pofition
320 1893 41 75 of
379 1893 56 75 the
459 1893 84 75 fame
565 1893 80 75 kind
667 1893 28 75 is
716 1893 41 75 16
773 1893 100 75 days;
901 1893 64 75 and
987 1893 208 75 accordingly

158 1939 92 75 place
272 1939 41 75 16
329 1939 80 75 days
421 1939 32 75 in
468 1939 56 75 the
540 1939 133 75 middle.
720 1939 78 75 The
815 1939 174 75 remaining
1005 1939 73 75 four
1094 1939 99 75 terms

159 1986 54 75 are
240 1986 183 75 extremes;
460 1986 105 75 which
592 1986 77 75 clafs
693 1986 71 75 into
786 1986 116 75 fimilar
923 1986 98 75 pairs,
1053 1986 46 75 by
1125 1986 67 75 ma-

158 2032 78 75 king
251 2032 78 75 each
346 2032 68 75 pair
431 2032 109 75 confilt
557 2032 40 75 of
615 2032 61 75 one
693 2032 82 75 term
791 2032 96 75 taken
904 2032 86 75 from
1007 2032 56 75 the
1079 2032 114 75 fuppo-

158 2079 104 75 lition,
288 2079 62 75 and
372 2079 135 75 another
519 2079 40 75 of
577 2079 55 75 the
648 2079 84 75 fame
747 2079 80 75 kind
849 2079 97 75 taken
964 2079 84 75 from
1064 2079 56 75 the
1136 2079 57 75 de-

158 2124 110 75 mand.
316 2124 110 75 Thus,
457 2124 40 75 14
512 2124 110 75 horfes
639 2124 62 75 and
720 2124 43 75 20
780 2124 108 75 horfes
911 2124 93 75 make
1020 2124 60 75 one
1101 2124 90 75 pair;

159 2170 107 75 again,
294 2170 43 75 56
354 2170 124 75 bulhels
495 2170 63 75 and
575 2170 65 75 120
653 2170 127 75 bulhels
796 2170 94 75 make
902 2170 134 75 another
1051 2170 82 75 pair.

208 2217 70 75 Out
294 2217 40 75 of
352 2217 55 75 the
423 2217 116 75 fimilar
554 2217 100 75 pairs,
674 2217 113 75 joined
797 2217 81 75 with
894 2217 55 75 the
961 2217 120 75 middle
1097 2217 95 75 term,

160 2264 83 75 form
260 2264 34 75 fo
311 2264 94 75 many
422 2264 107 75 fimple
546 2264 181 75 queftions;
753 2264 139 75 namely,

212 2311 29 75 1.
266 2311 39 75 If
328 2311 41 75 14
384 2311 109 75 horfes
513 2311 51 75 eat
580 2311 18 75 a
614 2311 122 75 certain
751 2311 133 75 number
900 2311 41 75 of
959 2311 125 75 bulhels
1100 2311 32 75 in
1150 2311 41 75 16

160 2358 91 75 days,
276 2358 32 75 in
333 2358 75 75 how
432 2358 95 75 many
549 2358 79 75 days
652 2358 67 75 will
744 2358 45 75 20
814 2358 108 75 horfes
948 2358 52 75 eat
1025 2358 56 75 the
1108 2358 83 75 fame

159 2403 148 75 quantity
321 2403 11 75 ?

211 2451 33 75 2.
269 2451 37 75 If
329 2451 42 75 56
388 2451 124 75 bulhels
530 2451 53 75 are
595 2451 51 75 eat
662 2451 43 75 up
721 2451 33 75 in
776 2451 40 75 16
840 2451 91 75 days,
956 2451 34 75 in
1005 2451 76 75 how
1097 2451 97 75 many

161 2495 78 75 days
256 2495 66 75 will
345 2495 65 75 120
426 2495 123 75 bulhels
565 2495 40 75 be
622 2495 50 75 eat
690 2495 42 75 up
748 2495 44 75 by
804 2495 56 75 the
876 2495 83 75 fame
976 2495 103 75 eaters
1093 2495 12 75 ?

208 2541 37 75 In
263 2541 55 75 the
335 2541 64 75 firft
421 2541 106 75 fimple
543 2541 143 75 queftibn
702 2541 26 75 it
750 2541 28 75 is
795 2541 97 75 plain,
918 2541 71 75 that
1005 2541 58 75 the
1074 2541 121 75 anfwer

160 2587 52 75 mu
216 2587 24 75 ft
262 2587 40 75 be
325 2587 61 75 lefs
408 2587 77 75 than
510 2587 56 75 the
590 2587 120 75 middle
734 2587 102 75 term;
863 2587 52 75 for
933 2587 44 75 20
993 2587 109 75 horfes
1125 2587 67 75 will

154 2634 57 75 ,eat
228 2634 56 75 the
306 2634 84 75 fame
413 2634 134 75 number
570 2634 39 75 of
627 2634 126 75 bulhels
777 2634 32 75 in
834 2634 98 75 fewer
956 2634 79 75 days
1052 2634 78 75 than
1151 2634 41 75 14

160 2681 130 75 horfes;
318 2681 62 75 and
396 2681 34 75 fo
446 2681 55 75 the
518 2681 134 75 greateft
664 2681 158 75 extreme,
848 2681 69 75 viz.
945 2681 57 75 20,
1027 2681 27 75 is
1070 2681 55 75 the
1142 2681 48 75 di-

159 2727 104 75 vifor;
291 2727 62 75 and
375 2727 131 75 becaufe
531 2727 46 75 20
601 2727 26 75 is
653 2727 38 75 an
715 2727 146 75 extreme
886 2727 101 75 found
1008 2727 33 75 in
1063 2727 56 75 the
1135 2727 55 75 de-

159 2774 109 75 mand,
293 2774 55 75 the
367 2774 184 75 proportion
564 2774 27 75 is
605 2774 137 75 inyerfe.

206 2820 38 75 In
268 2820 55 75 the
339 2820 115 75 fecond
478 2820 108 75 fimple
608 2820 143 75 queftion
774 2820 26 75 it
816 2820 28 75 is
861 2820 65 75 alfo
949 2820 147 75 obvious,
1121 2820 72 75 that

160 2866 55 75 the
228 2866 119 75 anfwer
359 2866 80 75 muft
451 2866 39 75 be
503 2866 125 75 greater
639 2866 77 75 than
728 2866 55 75 the
796 2866 120 75 middle
927 2866 82 75 term
1021 2866 11 75 ;
1060 2866 50 75 for
1128 2866 64 75 120

159 2912 125 75 bulhels
302 2912 64 75 will
384 2912 125 75 require
527 2912 88 75 more
630 2912 79 75 days
726 2912 35 75 to
786 2912 39 75 be
850 2912 51 75 eat
927 2912 41 75 up
993 2912 32 75 in
1049 2912 78 75 than
1149 2912 41 75 56

159 2958 125 75 bulhels
296 2958 10 75 ;
334 2958 60 75 and
411 2958 162 75 therefore
585 2958 56 75 the
653 2958 74 75 leaft
739 2958 157 75 extreme,
923 2958 57 75 viz
1010 2958 56 75 56,
1091 2958 27 75 is
1135 2958 56 75 the

159 3005 139 75 divifor;
325 3005 61 75 and
401 3005 131 75 becaufe
556 3005 42 75 56
615 3005 26 75 is
658 3005 38 75 an
714 3005 145 75 extreme
875 3005 101 75 found
990 3005 34 75 in
1040 3005 55 75 the
1117 3005 72 75 fup-

159 3052 146 75 pofition,
330 3052 55 75 the
402 3052 188 75 proportion
603 3052 27 75 is
646 3052 111 75 direft.

206 3100 98 75 Von.
330 3100 32 75 I.
409 3100 73 75 No.
511 3100 56 75 17.

1138 3100 17 75 3

1294 263 68 75 We
1385 263 74 75 now
1475 263 138 75 proceed

1246 309 34 75 to
1293 309 77 75 ftate
1383 309 55 75 the
1452 309 157 75 queftion,

1245 355 42 75 by
1305 355 125 75 placing
1454 355 55 75 the
1525 355 83 75 divi-

1771 355 21 75 *
1802 355 26 75 21

1244 405 67 75 fors
1324 405 42 75 on
1376 405 55 75 the
1439 405 62 75 left
1508 405 100 75 hand,
1656 405 93 75 bulh.
1775 405 45 75 56

1244 448 64 75 and
1337 448 55 75 the
1424 448 95 75 other
1549 448 59 75 ex-

1243 496 117 75 tremes
1373 496 42 75 on
1428 496 55 75 the
1495 496 109 75 right;

1772 496 56 75 112

1243 542 76 75 then
1329 542 148 75 multiply
1488 542 62 75 and
1559 542 50 75 di-

1242 588 87 75 vide,
1354 588 34 75 as
1410 588 143 75 diredted
1575 588 32 75 in

1242 635 87 75 Rule
1354 635 66 75 HI.
1461 635 64 75 and
1552 635 56 75 the

1242 682 120 75 anfwer
1378 682 107 75 comes
1497 682 57 75 out
1570 682 42 75 of

1240 730 57 75 the
1314 730 83 75 fame
1414 730 90 75 name
1524 730 80 75 with

1238 776 57 75 the
1339 776 120 75 middle
1503 776 97 75 term,

1243 823 72 75 viz.
1340 823 47 75 24
1402 823 93 75 days.

1825 262 99 75 Joint
1938 262 177 75 operation.

1778 310 100 75 Horf.
1896 310 89 75 days.
2051 310 85 75 horf.

1916 358 41 75 16
1983 358 11 75 :
2015 358 10 75 :
2059 358 39 75 14
2112 358 22 75 *

2027 637 91 75 1008

2026 685 64 75 168
2138 731 91 75 days.

1876 780 62 75 112
1954 780 243 75 |o)2688|o(24
2209 780 70 75 An.

2012 826 69 75 224

2116 1066 56 75 (o)

1290 1104 77 75 The
1390 1104 69 75 two
1482 1104 109 75 fimple
1615 1104 160 75 queftions
1799 1104 70 75 into
1892 1104 108 75 which
2024 1104 56 75 the
2098 1104 182 75 compound

1244 1150 143 75 queftion
1404 1150 27 75 is
1448 1150 160 75 refolved,
1633 1150 54 75 are
1703 1150 103 75 ftated
1829 1150 64 75 and
1914 1150 152 75 wrought
2088 1150 189 75 feparately,

1243 1196 34 75 as
1294 1196 141 75 follows.

1218 1243 125 75 +Horf.
1376 1243 73 75 day.
1498 1243 84 75 horj.

1244 1274 21 49 #
1265 1292 57 75 20
1348 1292 9 75 :
1389 1292 42 75 16
1458 1292 9 75 ;
1485 1292 9 75 :
1527 1292 72 75 14*

1391 1349 40 75 14

1385 1432 45 75 64

1365 1479 42 75 16

1282 1575 147 75 2)0)2214
1449 1575 59 75 (11
1535 1575 92 75 days.

1413 1627 44 75 24

1405 1664 95 75 9j6(4
1514 1664 113 75 hours.

1431 1757 42 75 16

1451 1803 46 75 60

1417 1899 140 75 96[o(48
1575 1899 78 75 min.

1774 1247 103 75 Bujh.
1894 1247 34 75 d.
1969 1247 33 75 h.
2051 1247 44 75 tv.
2172 1247 90 75 lujh.

1776 1296 45 75 56
1847 1296 9 75 :
1890 1296 204 75 u448
2122 1296 127 75 :120

1884 1351 45 75 24

1860 1573 68 75 268

1909 1620 46 75 60

1843 1714 111 75 16128

1914 1759 65 75 120

2001 1812 70 75 6|o)

1754 1854 372 75 56(1935360(345610

1823 1899 149 75 168....

1956 1955 200 75 24)576(24
2172 1955 92 75 days.

1833 1993 65 75 255
2021 1993 45 75 48

1831 2039 68 75 224

2040 2087 46 75 96

1860 2134 64 75 313
2043 2134 46 75 96

1857 2178 73 75 280

2035 2235 55 75 (o)

1881 2276 67 75 336

1870 2326 88 75 -33<>

1927 2423 55 75 ()

1405 2511 66 75 III.
1524 2511 67 75 The
1607 2511 86 75 Rule
1708 2511 43 75 of
1764 2511 116 75 Seven,
1907 2511 104 75 Nine,
2036 2511 62 75 &c.

1287 2591 150 75 Quest.
1486 2591 38 75 If
1547 2591 39 75 15
1604 2591 71 75 men
1692 2591 52 75 eat
1774 2591 105 75 i56d.
1897 2591 103 75 worth
2018 2591 41 75 of
2076 2591 100 75 bread
2199 2591 32 75 in
2250 2591 22 75 6

1241 2637 91 75 days,
1357 2637 93 75 when
1475 2637 105 75 wheat
1604 2637 27 75 is
1655 2637 72 75 fold
1750 2637 33 75 at
1810 2637 38 75 12
1863 2637 28 75 s.
1910 2637 64 75 per
1997 2637 120 75 bulhel,
2142 2637 31 75 in
2196 2637 77 75 how

1240 2683 95 75 many
1351 2683 80 75 days
1448 2683 64 75 will
1528 2683 44 75 30
1588 2683 70 75 men
1678 2683 51 75 eat
1749 2683 66 75 520
1827 2683 35 75 d.
1880 2683 104 75 worth
2002 2683 39 75 of
2062 2683 100 75 bread
2178 2683 93 75 when

1240 2729 101 75 wheai
1358 2729 26 75 is
1402 2729 32 75 at
1456 2729 41 75 10
1509 2729 27 75 s.
1557 2729 60 75 per
1629 2729 106 75 bulhel
1749 2729 12 75 ?

1287 2777 85 75 This
1389 2777 142 75 queftion
1548 2777 133 75 belongs
1698 2777 35 75 to
1753 2777 55 75 the
1833 2777 69 75 rule
1919 2777 40 75 of
1977 2777 104 75 feven,
2106 2777 56 75 the
2179 2777 92 75 num-

1241 2823 56 75 ber
1314 2823 114 75 fought
1453 2823 26 75 is
1503 2823 92 75 days,
1622 2823 59 75 and
1706 2823 55 75 the
1785 2823 82 75 term
1891 2823 39 75 of
1949 2823 56 75 the
2029 2823 83 75 fame
2135 2823 79 75 kind
2237 2823 32 75 in

1241 2870 55 75 the
1319 2870 190 75 fuppofition
1535 2870 26 75 is
1587 2870 21 75 6
1633 2870 93 75 days,
1756 2870 106 75 which
1886 2870 90 75 place
2000 2870 32 75 in
2057 2870 56 75 the
2136 2870 133 75 middle.

1241 2917 21 75 T
1275 2917 41 75 he
1340 2917 173 75 remaining
1529 2917 47 75 fix
1591 2917 98 75 terms
1714 2917 54 75 are
1785 2917 174 75 extremes,
1984 2917 106 75 which
2108 2917 77 75 dais
2201 2917 69 75 into

1240 2963 116 75 fimilar
1381 2963 97 75 pairs,
1509 2963 42 75 by
1576 2963 111 75 taking
1710 2963 61 75 one
1796 2963 82 75 term
1901 2963 39 75 of
1959 2963 77 75 each
2062 2963 69 75 pair
2154 2963 57 75 out
2235 2963 41 75 of

1239 3011 55 75 the
1305 3011 202 75 fuppofition,
1533 3011 63 75 and
1617 3011 135 75 another
1767 3011 42 75 of
1827 3011 55 75 the
1898 3011 84 75 fame
1997 3011 79 75 kind
2092 3011 56 75 out
2165 3011 40 75 of
2215 3011 56 75 the

1237 3059 148 75 demand.

1693 3113 16 75 5
1735 3113 30 75 E

2201 3113 70 75 Out
