2498 3377
176 253 36 75 .n'
212 253 20 75 x
262 253 79 75 very
369 253 119 75 clofely
515 253 185 75 conne&ed,
726 253 106 75 which
861 253 91 75 quite
983 253 158 75 furround
1173 253 57 75 the

186 299 81 75 mafs
280 299 38 75 of
325 299 149 75 humour,
489 299 62 75 and
564 299 52 75 are
627 299 218 75 immediately
858 299 125 75 applied
995 299 36 75 to
1043 299 56 75 the
1111 299 114 75 retina,

187 347 42 75 all
247 347 56 75 the
320 347 70 75 way
406 347 36 75 to
459 347 54 75 the
532 347 91 75 great
640 347 248 75 circumference
905 347 39 75 of
951 347 56 75 the
1024 347 118 75 corona
1158 347 67 75 cili-

185 393 88 75 aris;
298 393 59 75 but
373 393 85 75 from
480 393 115 75 thence
611 393 35 75 to
663 393 55 75 the
735 393 136 75 circular
887 393 80 75 edge
991 393 41 75 of
1041 393 57 75 the
1115 393 113 75 foffula

187 439 41 75 of
237 439 57 75 the
310 439 191 75 cryftalline,
526 439 64 75 this
603 439 73 75 coat
687 439 27 75 is
730 439 62 75 full
804 439 39 75 of
856 439 145 75 radiated
1016 439 90 75 fulci,
1120 439 106 75 which

186 486 129 75 contain
332 486 55 75 the
404 486 156 75 proceffus
572 486 124 75 ciliares
712 486 40 75 of
770 486 55 75 the
842 486 93 75 uvea.

234 533 77 75 The
338 533 137 75 internal
503 533 117 75 lamina
646 533 40 75 of
708 533 56 75 the
792 533 108 75 tunica
927 533 104 75 vitrea
1060 533 88 75 gives
1165 533 60 75 off,

187 579 142 75 through
347 579 55 75 the
421 579 109 75 whole
538 579 160 75 fubftance
709 579 42 75 of
754 579 64 75 this
831 579 150 75 humour,
1007 579 18 75 a
1036 579 89 75 great
1135 579 90 75 num-

187 625 60 75 ber
263 625 39 75 of
314 625 132 75 cellular
462 625 200 75 elongations
678 625 39 75 or
730 625 103 75 fep^a.

235 673 76 75 The
327 673 145 75 radiated
498 673 77 75 fulci
591 673 40 75 of
650 673 55 75 the
721 673 109 75 tunica
844 673 113 75 vitrea,
974 673 106 75 which
1097 673 74 75 may
1186 673 41 75 be

187 719 125 75 termed
320 719 87 75 fidci
421 719 158 75 ciiiares,,
592 719 53 75 are
669 719 155 75 perfectly
839 719 107 75 black,
970 719 95 75 when
1081 719 56 75 the
1153 719 74 75 coat

186 768 28 75 is
231 768 95 75 taken
343 768 57 75 out
416 768 39 75 of
474 768 172 75 the,body.

234 813 77 75 The
328 813 178 75 ciyftalline
521 813 28 75 is
578 813 18 75 a
617 813 89 75 fmall
723 813 170 75 lenticular
908 813 100 75 body,
1033 813 41 75 of
1084 813 19 75 a
1118 813 109 75 pretty

187 860 72 75 firm
276 860 199 75 confidence,
500 860 64 75 and
579 860 199 75 tranfparent
792 860 66 75 like
882 860 127 75 cryftal.
1058 860 32 75 It
1106 860 26 75 is
1150 860 74 75 con-

186 907 110 75 tained
311 907 32 75 in
360 907 19 75 a
405 907 199 75 tranfparent
627 907 224 75 membranous
868 907 136 75 capfula,
1030 907 63 75 and
1108 907 119 75 lodged

187 953 34 75 in
234 953 55 75 the
306 953 140 75 anterior
458 953 113 75 foflula
582 953 40 75 of
633 953 55 75 the
705 953 140 75 vitreous
863 953 150 75 humour.

235 1000 77 75 The
328 1000 100 75 figure
455 1000 41 75 of
513 1000 56 75 the
586 1000 179 75 cryftalline
788 1000 25 75 is
830 1000 180 75 lenticular,
1035 1000 58 75 but
1108 1000 42 75 its
1167 1000 58 75 po-

188 1046 111 75 fterior
314 1046 63 75 fide
394 1046 26 75 is
448 1046 89 75 more
566 1046 124 75 convex
712 1046 78 75 than
817 1046 55 75 the
900 1046 153 75 anterior,
1078 1046 55 75 the
1149 1046 76 75 con-

187 1092 115 75 vexity
317 1092 40 75 of
368 1092 78 75 both
471 1092 80 75 fides
568 1092 95 75 being
678 1092 78 75 very
772 1092 106 75 rarely
894 1092 107 75 equal.

235 1141 77 75 The
328 1141 178 75 cryftalline
524 1141 125 75 capfula
665 1141 37 75 or
719 1141 72 75 coat
807 1141 26 75 is
851 1141 126 75 formed
987 1141 44 75 by
1054 1141 19 75 a
1084 1141 127 75 duplica

188 1187 71 75 ture
282 1187 41 75 of
340 1187 57 75 the
413 1187 108 75 tunica
547 1187 103 75 vitrea
711 1187 77 75 The
811 1187 146 75 external
973 1187 119 75 lamina
1116 1187 110 75 covers

187 1234 56 75 the
256 1234 139 75 anterior
411 1234 64 75 fide
498 1234 40 75 of
549 1234 55 75 the
627 1234 179 75 cryftalline
825 1234 81 75 mafs
920 1234 10 75 ;
955 1234 55 75 the
1026 1234 135 75 internal
1178 1234 47 75 la-

188 1280 85 75 mina
293 1280 110 75 covers
420 1280 55 75 the
492 1280 160 75 backfide,
678 1280 62 75 and
755 1280 141 75 likewife
910 1280 57 75 the
983 1280 113 75 foffula
1110 1280 116 75 vitrea,

187 1327 34 75 in
238 1327 105 75 which
360 1327 56 75 the
432 1327 179 75 cryftalline
627 1327 26 75 is
669 1327 131 75 lodged.

236 1375 76 75 The
328 1375 140 75 anterior
484 1375 127 75 portion
638 1375 104 75 fwells
760 1375 92 75 when
868 1375 180 75 macerated
1065 1375 32 75 in
1113 1375 112 75 water,

189 1420 62 75 and
268 1420 77 75 then
361 1420 131 75 appears
509 1420 36 75 to
564 1420 40 75 be
621 1420 92 75 made
729 1420 43 75 up
789 1420 40 75 of
840 1420 67 75 two
922 1420 169 75 pellicuke,
1116 1420 111 75 united

189 1467 46 75 by
249 1467 18 75 a
287 1467 61 75 fine
361 1467 120 75 fpungy
498 1467 172 75 fubftance.

236 1515 78 75 The
329 1515 143 75 aqueous
487 1515 139 75 humour
640 1515 28 75 is
685 1515 19 75 a
714 1515 80 75 very
809 1515 112 75 limpid
936 1515 90 75 fluid,
1038 1515 190 75 refembling

191 1560 19 75 a
225 1560 79 75 kind
320 1560 42 75 of
378 1560 132 75 lympha
525 1560 38 75 or
579 1560 117 75 ferum,
713 1560 79 75 with
809 1560 19 75 a
843 1560 79 75 very
937 1560 89 75 fmall
1048 1560 117 75 degree
1192 1560 40 75 of

188 1607 150 75 vifcidity
350 1607 5 75 :
385 1607 64 75 and
464 1607 25 75 it
513 1607 58 75 has
595 1607 42 75 no
664 1607 171 75 particular
858 1607 125 75 capfula
1004 1607 65 75 like
1083 1607 55 75 the
1155 1607 71 75 cry-

189 1653 123 75 ftalline
328 1653 63 75 and
402 1653 140 75 vitreous
558 1653 168 75 humours.
775 1653 32 75 It
824 1653 64 75 fills
910 1653 56 75 the
977 1653 90 75 fpace
1082 1653 145 75 between

190 1700 57 75 the
264 1700 116 75 cornea
394 1700 106 75 lucida
524 1700 63 75 and
603 1700 92 75 uvea,
720 1700 71 75 that
817 1700 145 75 between
990 1700 55 75 the
1071 1700 80 75 uvea
1167 1700 62 75 and

191 1746 57 75 the
264 1746 191 75 cryftalline,
480 1746 62 75 and
558 1746 56 75 the
630 1746 75 75 hole
729 1746 40 75 of
787 1746 56 75 the
860 1746 130 75 pupilla.
1037 1746 109 75 Thefe
1162 1746 67 75 two

191 1793 108 75 ipaces
325 1793 53 75 are
405 1793 103 75 called
523 1793 55 75 the
595 1793 166 75 chambers
788 1793 42 75 of
848 1793 55 75 the
920 1793 141 75 aqueous
1077 1793 151 75 humour,

192 1839 63 75 and
271 1839 79 75 they
365 1839 54 75 are
435 1839 222 75 diftinguiihed
674 1839 71 75 into
761 1839 54 75 the
832 1839 140 75 anterior
984 1839 62 75 and
1062 1839 166 75 pofterior.

239 1886 77 75 The
331 1886 140 75 anterior
486 1886 163 75 chamber,
677 1886 106 75 which
799 1886 28 75 is
843 1886 106 75 vifible
965 1886 35 75 to
1016 1886 96 75 every
1127 1886 101 75 body,

193 1932 146 75 between
355 1932 55 75 the
422 1932 116 75 cornea
559 1932 109 75 lucida
689 1932 64 75 and
779 1932 91 75 uvea,
896 1932 28 75 is
940 1932 56 75 the
1011 1932 135 75 largeft;
1172 1932 56 75 the

194 1978 95 75 other
304 1978 144 75 between
465 1978 55 75 the
542 1978 82 75 uvea
648 1978 62 75 and
737 1978 180 75 cryftalline
940 1978 27 75 is
983 1978 79 75 very
1089 1978 138 75 narrow,

195 2025 169 75 efpecially
378 2025 77 75 near
471 2025 55 75 the
542 2025 132 75 pupilla,
698 2025 108 75 where
825 2025 56 75 the
891 2025 81 75 uvea
988 2025 109 75 almoft
1114 2025 113 75 touch-

197 2070 34 75 es
246 2070 55 75 the
318 2070 190 75 cryftalline.

275 2166 166 75 Tunica
452 2166 234 75 Albuginea
699 2166 70 75 and
780 2166 189 75 Muscles
982 2166 43 75 of
1031 2166 53 75 ths
1096 2166 128 75 Globe

600 2211 42 75 of
656 2211 55 75 the
730 2211 100 75 Eye.

244 2303 88 75 The
351 2303 108 75 tunica
476 2303 178 75 albuginea,
679 2303 103 75 called
809 2303 182 75 commonly
1007 2303 55 75 the
1075 2303 103 75 white
1193 2303 41 75 of

199 2349 57 75 the
284 2349 72 75 eye,
379 2349 62 75 and
457 2349 105 75 which
591 2349 132 75 appears
739 2349 42 75 on
809 2349 43 75 all
868 2349 55 75 the
948 2349 140 75 anterior
1103 2349 126 75 convex

199 2396 64 75 fide
279 2396 44 75 of
338 2396 57 75 the
409 2396 112 75 globe,
541 2396 84 75 from
642 2396 55 75 the
714 2396 115 75 cornea
848 2396 118 75 lucida,
990 2396 36 75 to
1046 2396 55 75 the
1117 2396 110 75 begin-

197 2441 77 75 ning
290 2441 39 75 of
340 2441 54 75 the
411 2441 152 75 pofterior
577 2441 75 75 fide,
677 2441 26 75 is
717 2441 125 75 formed
858 2441 115 75 chiefly
988 2441 45 75 by
1049 2441 55 75 the
1120 2441 104 75 tendi-

201 2487 84 75 nous
302 2487 168 75 expanfion
488 2487 40 75 of
547 2487 71 75 four
634 2487 146 75 mufcles.

247 2534 111 75 There
375 2534 52 75 are
443 2534 181 75 commonly
642 2534 47 75 fix
702 2534 132 75 mufcles
857 2534 139 75 inferred
1011 2534 32 75 in
1060 2534 56 75 the
1131 2534 97 75 globe

205 2580 41 75 of
269 2580 52 75 che
337 2580 116 75 human
472 2580 71 75 eye,
569 2580 72 75 and'
658 2580 77 75 they
752 2580 55 75 are
821 2580 130 75 divided
974 2580 69 75 into
1061 2580 73 75 four
1151 2580 76 75 re<fti

201 2627 64 75 and
291 2627 67 75 two
380 2627 136 75 obliqui.
564 2627 76 75 The
664 2627 76 75 redti
772 2627 54 75 are
858 2627 90 75 again
976 2627 142 75 divided,
1143 2627 85 75 from

203 2672 83 75 their
302 2672 158 75 fituation,
484 2672 70 75 into
569 2672 154 75 fuperior,
752 2672 143 75 inferior,
919 2672 149 75 internal,
1092 2672 62 75 and
1169 2672 58 75 ex-

202 2718 102 75 ternal
316 2718 10 75 ;
359 2718 63 75 and
449 2718 84 75 from
559 2718 85 75 their
667 2718 169 75 fundions,
870 2718 70 75 into
963 2718 19 75 a
1002 2718 136 75 levator,
1171 2718 57 75 de-

201 2765 130 75 preffor,
357 2765 165 75 addudor,
545 2765 61 75 and
622 2765 166 75 abdudor.
834 2765 77 75 The
926 2765 66 75 two
1007 2765 130 75 oblique
1145 2765 83 75 muf-

203 2811 65 75 cles
295 2811 53 75 are
364 2811 223 75 denominated
610 2811 84 75 from
709 2811 84 75 their
808 2811 146 75 fituation
979 2811 64 75 and
1069 2811 74 75 fize,
1168 2811 62 75 one

202 2857 96 75 being
320 2857 115 75 named
450 2857 142 75 obliquut
610 2857 151 75 fuperior
788 2857 38 75 or
850 2857 116 75 major,
991 2857 56 75 the
1074 2857 95 75 other
1196 2857 32 75 o-

203 2902 127 75 hliqttns
360 2902 153 75 inferior,
547 2902 38 75 or
619 2902 119 75 minor.
784 2902 78 75 The
889 2902 150 75 obliquus
1063 2902 104 75 major
1201 2902 27 75 is

202 2950 141 75 likewife
359 2950 105 75 called
479 2950 164 75 trochlear
645 2950 40 75 is,
709 2950 132 75 becaufe
864 2950 27 75 it
917 2950 97 75 paffes
1040 2950 146 75 through
1209 2950 19 75 a

203 2995 89 75 final]
310 2995 224 75 cartilaginous
550 2995 82 75 ring,
658 2995 34 75 as
708 2995 77 75 over
801 2995 18 75 a
834 2995 146 75 trochlea
994 2995 36 75 or
1043 2995 120 75 pulley.

248 3043 77 75 The
336 3043 130 75 mufculi
478 3043 76 75 redi
565 3043 54 75 are
634 3043 89 75 fixed
738 3043 43 75 by
797 3043 82 75 their
896 3043 153 75 pofterior
1072 3043 153 75 extremi-

1381 181 39 75 O
1538 181 49 75 M
1704 181 51 75 Y.

2104 181 101 75 Part
2237 181 69 75 VL

1277 249 59 75 ties
1354 249 33 75 at
1414 249 56 75 the
1498 249 129 75 bottom
1656 249 42 75 of
1717 249 56 75 the
1796 249 85 75 orbit
1898 249 75 75 near
1989 249 57 75 the
2068 249 144 75 foramen
2231 249 82 75 opti-

1278 297 72 75 cum
1366 297 34 75 in
1430 297 56 75 the
1504 297 185 75 elongation
1706 297 41 75 of
1758 297 55 75 the
1841 297 81 75 dura
1938 297 116 75 mater,
2079 297 44 75 by
2138 297 87 75 flrort
2241 297 71 75 nar-

1278 344 68 75 row
1362 344 154 75 tendons.
1566 344 99 75 Fpom
1683 344 113 75 thence
1812 344 79 75 they
1910 344 59 75 run
1990 344 122 75 wholly
2127 344 109 75 flefhy,
2261 344 50 75 to-

1277 390 88 75 ward
1388 390 55 75 the
1472 390 91 75 great
1591 390 248 75 circumference
1870 390 41 75 of
1929 390 56 75 the
2009 390 174 75 convexity
2200 390 40 75 of
2259 390 54 75 the

1277 438 108 75 globe,
1410 438 144 75 between
1571 438 56 75 the
1643 438 87 75 optic
1746 438 96 75 nerve
1858 438 62 75 and
1936 438 116 75 cornea
2068 438 119 75 lucida,
2205 438 108 75 where

1276 484 79 75 they
1371 484 53 75 are
1448 484 170 75 expanded
1639 484 69 75 into
1730 484 57 75 flat
1810 484 101 75 broad
1937 484 136 75 tendons
2090 484 106 75 which
2212 484 100 75 touch

1276 530 77 75 each
1381 530 107 75 other,
1514 530 63 75 and
1604 530 188 75 afterwards
1819 530 101 75 unite.
1968 530 108 75 Thefe
2105 530 135 75 tendons
2258 530 55 75 are

1276 578 88 75 fixed
1380 578 64 75 firft
1460 578 40 75 of
1519 578 43 75 all
1578 578 44 75 by
1638 578 19 75 a
1672 578 173 75 particular
1861 578 149 75 infertion
2022 578 33 75 in
2071 578 56 75 the
2144 578 170 75 circumfe-

1275 624 94 75 rence
1382 624 64 75 juft
1462 624 197 75 mentioned,
1685 624 61 75 and
1759 624 187 75 afterwards
1959 624 148 75 continue
2119 624 83 75 their
2214 624 99 75 adhe-

1275 670 64 75 fion
1364 670 41 75 all
1423 670 56 75 the
1495 670 71 75 way
1582 670 36 75 to
1635 670 55 75 the
1718 670 127 75 cornea,
1871 670 139 75 forming
2026 670 56 75 the
2098 670 108 75 tunica
2221 670 91 75 albu-

1274 718 105 75 ginea.

1321 765 76 75 The
1415 765 142 75 fuperior
1583 765 132 75 oblique
1731 765 118 75 mufcle
1864 765 28 75 is
1908 765 89 75 fixed
2014 765 35 75 to
2065 765 55 75 the
2136 765 127 75 bottom
2278 765 41 75 of

1274 811 55 75 the
1344 811 100 75 orbit,
1470 811 44 75 by
1538 811 19 75 a
1579 811 127 75 narrow
1732 811 133 75 tendon,
1891 811 32 75 in
1948 811 56 75 the
2032 811 83 75 fame
2132 811 129 75 manner
2278 811 35 75 as

1274 857 56 75 the
1346 857 88 75 redi,
1459 857 145 75 between
1617 857 56 75 the
1687 857 102 75 redus
1802 857 141 75 fuperior
1956 857 62 75 and
2033 857 162 75 internus.
2215 857 98 75 From

1274 904 113 75 thence
1404 904 25 75 it
1450 904 73 75 runs
1540 904 43 75 on
1599 904 55 75 the
1683 904 85 75 orbit
1795 904 141 75 oppofite
1957 904 37 75 to
2010 904 55 75 the
2081 904 158 75 interftice
2256 904 55 75 be-

1274 951 103 75 tween
1394 951 87 75 thefe
1498 951 66 75 two
1580 951 145 75 mufcles,
1751 951 125 75 toward
1899 951 57 75 the
1972 951 135 75 internal
2131 951 131 75 angular
2278 951 34 75 a-

1275 998 144 75 pophyfis
1436 998 41 75 of
1494 998 55 75 the
1567 998 37 75 os
1621 998 128 75 frontis,
1774 998 108 75 where
1908 998 27 75 it
1950 998 182 75 terminates
2159 998 33 75 in
2209 998 17 75 a
2242 998 70 75 thin

1276 1044 131 75 tendon,
1433 1044 104 75 which
1554 1044 118 75 having
1687 1044 105 75 paffed
1808 1044 141 75 through
1966 1044 19 75 a
1996 1044 78 75 kind
2090 1044 40 75 of
2142 1044 70 75 ring
2230 1044 32 75 as
2275 1044 37 75 o-

1274 1090 55 75 ver
1346 1090 18 75 a
1376 1090 120 75 pulley,
1521 1090 76 75 runs
1614 1090 189 75 afterwards
1821 1090 32 75 in
1871 1090 19 75 a
1906 1090 113 75 vagina
2034 1090 164 75 obliquely
2215 1090 97 75 back-

1275 1138 88 75 ward
1376 1138 100 75 under
1492 1138 56 75 the
1560 1138 105 75 redus
1682 1138 154 75 fuperior,
1862 1138 71 75 that
1945 1138 27 75 is
1984 1138 144 75 between
2146 1138 70 75 that
2229 1138 83 75 muf-

1275 1184 48 75 cle
1340 1184 62 75 and
1419 1184 55 75 the
1485 1184 96 75 globe
1593 1184 9 75 ;
1622 1184 74 75 and,
1710 1184 172 75 increafing
1893 1184 30 75 in
1937 1184 149 75 breadth,
2100 1184 26 75 it
2137 1184 26 75 is
2173 1184 139 75 inferred

1273 1230 188 75 pofteriorly
1477 1230 62 75 and
1554 1230 148 75 laterally
1718 1230 32 75 in
1769 1230 53 75 the
1842 1230 108 75 globe,
1973 1230 78 75 near
2066 1230 56 75 the
2138 1230 102 75 redus
2253 1230 58 75 ex-

1275 1278 119 75 ternus.

1320 1324 77 75 The
1412 1324 71 75 ring
1508 1324 140 75 through
1676 1324 105 75 which
1806 1324 64 75 this
1886 1324 117 75 mufcle
2025 1324 111 75 paffes,
2162 1324 25 75 is
2204 1324 108 75 partly

1275 1371 224 75 cartilaginous
1516 1371 62 75 and
1594 1371 105 75 partly
1725 1371 222 75 ligamentary.
1995 1371 75 75 The
2086 1371 225 75 cartilaginous

1275 1418 125 75 portion
1412 1418 27 75 is
1455 1418 68 75 flat,
1550 1418 40 75 of
1609 1418 18 75 a
1643 1418 213 75 confiderable
1875 1418 150 75 breadth,
2050 1418 62 75 and
2128 1418 63 75 like
2207 1418 74 75 half
2293 1418 18 75 a

1275 1464 83 75 ring.
1406 1464 77 75 The
1499 1464 212 75 ligamentary
1739 1464 127 75 portion
1890 1464 134 75 adheres
2040 1464 141 75 ftrongly
2205 1464 35 75 to
2256 1464 56 75 the

1276 1511 66 75 two
1359 1511 77 75 ends
1453 1511 40 75 of
1512 1511 55 75 the
1584 1511 164 75 cartilage,
1774 1511 62 75 and
1847 1511 26 75 is
1887 1511 88 75 fixed
1985 1511 33 75 in
2030 1511 55 75 the
2098 1511 89 75 fmall
2199 1511 114 75 foffula

1275 1558 105 75 which
1396 1558 59 75 lies
1471 1558 31 75 in
1520 1558 55 75 the
1592 1558 99 75 orbit,
1716 1558 42 75 on
1782 1558 55 75 the
1861 1558 131 75 angular
2016 1558 164 75 apophyfis
2197 1558 41 75 of
2256 1558 57 75 the

1275 1604 35 75 os
1327 1604 129 75 frontis.
1505 1604 52 75 By
1582 1604 108 75 means
1718 1604 40 75 of
1777 1604 64 75 this
1868 1604 165 75 ligament,
2058 1604 54 75 the
2137 1604 69 75 ring
2228 1604 27 75 is
2278 1604 34 75 in

1276 1651 84 75 fome
1377 1651 141 75 meafure
1529 1651 177 75 moveable,
1724 1651 61 75 and
1802 1651 101 75 yields
1920 1651 35 75 to
1971 1651 55 75 the
2042 1651 137 75 motions
2197 1651 40 75 of
2254 1651 58 75 the

1276 1698 129 75 mufcle.
1452 1698 57 75 To
1529 1698 55 75 the
1600 1698 138 75 anterior
1755 1698 80 75 edge
1851 1698 40 75 of
1908 1698 57 75 the
1981 1698 82 75 ring,
2090 1698 18 75 a
2123 1698 187 75 ligamenta-

1277 1745 36 75 ry
1324 1745 114 75 vagina
1453 1745 27 75 is
1497 1745 100 75 fixed,
1614 1745 106 75 which
1735 1745 114 75 invefts
1864 1745 56 75 the
1936 1745 119 75 tendon
2072 1745 41 75 all
2126 1745 55 75 the
2192 1745 71 75 way
2274 1745 41 75 ta

1276 1792 42 75 its
1334 1792 151 75 infertion
1501 1792 33 75 in
1550 1792 56 75 the
1623 1792 107 75 globe.

1322 1837 76 75 The
1415 1837 150 75 obliquus
1581 1837 131 75 inferior
1724 1837 28 75 is
1769 1837 134 75 fituated
1919 1837 165 75 obliquely
2100 1837 32 75 at
2150 1837 55 75 the
2228 1837 82 75 low-

1275 1883 36 75 er
1337 1883 62 75 fide
1426 1883 40 75 of
1485 1883 56 75 the
1568 1883 97 75 orbit,
1697 1883 100 75 under
1820 1883 56 75 the
1904 1883 104 75 redus
2033 1883 144 75 inferior,
2204 1883 105 75 which

1276 1929 227 75 confequently
1517 1929 58 75 lies
1592 1929 144 75 between
1753 1929 64 75 this
1834 1929 116 75 mufcle
1971 1929 62 75 and
2050 1929 54 75 the
2121 1929 107 75 globe.
2277 1929 34 75 It

1275 1978 26 75 is
1317 1978 88 75 fixed
1420 1978 43 75 by
1479 1978 60 75 one
1555 1978 174 75 extremity
1753 1978 19 75 a
1798 1978 83 75 little
1903 1978 182 75 tendinous,
2110 1978 36 75 to
2162 1978 55 75 the
2235 1978 75 75 root

1276 2023 39 75 of
1334 2023 55 75 the
1405 2023 84 75 nafal
1503 2023 165 75 apophyfis
1684 2023 39 75 of
1735 2023 56 75 the
1807 2023 37 75 os
1860 2023 181 75 maxillare,
2065 2023 76 75 near
2156 2023 55 75 the
2228 2023 81 75 edge

1276 2071 39 75 of
1334 2071 55 75 the
1405 2071 86 75 orbit
1513 2071 145 75 between
1685 2071 56 75 the
1768 2071 138 75 opening
1922 2071 40 75 of
1983 2071 56 75 the
2055 2071 111 75 dudus
2182 2071 127 75 nafaiis,

1277 2117 62 75 and
1354 2117 56 75 the
1426 2117 133 75 inferior
1575 2117 144 75 orbitary
1735 2117 115 75 fiffure.

1323 2164 98 75 From
1432 2164 114 75 thence
1562 2164 25 75 it
1599 2164 98 75 paffes
1713 2164 178 75 obliquely,
1916 2164 61 75 and
1997 2164 19 75 a
2026 2164 84 75 little
2122 2164 188 75 tranfvsrfe-

1275 2211 34 75 ly
1324 2211 185 75 backward,
1532 2211 102 75 under
1661 2211 56 75 the
1742 2211 103 75 redus
1869 2211 146 75 inferior,
2040 2211 63 75 and
2130 2211 28 75 is
2173 2211 88 75 fixed
2275 2211 36 75 in

1275 2258 56 75 the
1347 2258 153 75 pofterior
1514 2258 113 75 lateral
1647 2258 71 75 part
1736 2258 41 75 of
1796 2258 55 75 the
1878 2258 96 75 globe
2000 2258 44 75 by
2071 2258 19 75 a
2104 2258 56 75 flat
2176 2258 134 75 tendon,

1276 2304 139 75 oppofite
1431 2304 48 75 to,
1505 2304 63 75 and
1583 2304 33 75 at
1633 2304 18 75 a
1679 2304 89 75 fmall
1797 2304 137 75 diftance
1957 2304 85 75 from
2067 2304 55 75 the
2138 2304 119 75 tendon
2275 2304 42 75 of

1276 2352 55 75 the
1348 2352 148 75 obliquus
1525 2352 152 75 fuperior,
1703 2352 34 75 fo
1762 2352 70 75 that
1859 2352 87 75 thefe
1973 2352 66 75 two
2063 2352 132 75 mufcles
2218 2352 42 75 do
2276 2352 34 75 in

1275 2399 85 75 fome
1384 2399 140 75 meafure
1550 2399 156 75 furround
1733 2399 54 75 the
1815 2399 92 75 outer
1931 2399 152 75 pofterior
2107 2399 72 75 part
2195 2399 40 75 of
2253 2399 56 75 the

1274 2446 109 75 globe.

1322 2492 75 75 The
1414 2492 101 75 redus
1532 2492 140 75 fuperior
1687 2492 108 75 moves
1812 2492 56 75 the
1889 2492 139 75 anterior
2051 2492 127 75 portion
2195 2492 40 75 of
2253 2492 57 75 the

1275 2539 94 75 globe
1382 2539 131 75 upward
1525 2539 91 75 when
1633 2539 48 75 we
1697 2539 53 75 lift
1767 2539 42 75 up
1825 2539 56 75 the
1901 2539 74 75 eyes
1987 2539 11 75 ;
2024 2539 55 75 the
2097 2539 102 75 redus
2226 2539 83 75 infe-

1276 2585 64 75 rior
1352 2585 115 75 carries
1483 2585 64 75 this
1563 2585 127 75 portion
1702 2585 184 75 downward
1898 2585 10 75 ;
1934 2585 55 75 the
2001 2585 169 75 internus,,
2182 2585 129 75 toward

1275 2632 55 75 the
1346 2632 90 75 nofe;
1465 2632 63 75 and
1540 2632 55 75 the
1611 2632 165 75 externus,
1803 2632 124 75 toward
1943 2632 55 75 the
2010 2632 147 75 temples.

1322 2678 110 75 When
1458 2678 65 75 two
1546 2678 232 75 neighbouring
1803 2678 76 75 redi
1904 2678 48 75 ad
1980 2678 32 75 at
2036 2678 55 75 the
2116 2678 83 75 fame
2215 2678 91 75 time,

1275 2724 79 75 they
1364 2724 93 75 carry
1472 2724 56 75 the
1550 2724 139 75 anterior
1705 2724 127 75 portion
1849 2724 40 75 of
1898 2724 56 75 the
1970 2724 93 75 globe
2081 2724 164 75 obliquely
2257 2724 52 75 tor

1275 2772 88 75 ward
1391 2772 71 75 that
1488 2772 64 75 fide
1574 2772 107 75 which
1704 2772 134 75 anfwers
1866 2772 35 75 to
1928 2772 56 75 the
2011 2772 138 75 diftance
2165 2772 152 75 between

1276 2818 87 75 thefe
1379 2818 66 75 two
1471 2818 132 75 mufcles
1618 2818 10 75 ;
1655 2818 62 75 and
1744 2818 94 75 when
1861 2818 43 75 all
1932 2818 55 75 the
2011 2818 73 75 four
2107 2818 132 75 mnfcles
2257 2818 50 75 ad

1277 2865 207 75 fiicceflively,
1508 2865 79 75 they
1603 2865 72 75 turn
1688 2865 55 75 the
1759 2865 96 75 globe
1870 2865 41 75 of
1927 2865 56 75 the
1994 2865 59 75 eye
2070 2865 114 75 round,
2201 2865 107 75 which

1274 2911 27 75 is
1318 2911 86 75 what
1419 2911 26 75 is
1463 2911 103 75 called
1581 2911 116 75 rolling
1714 2911 55 75 the
1784 2911 88 75 eyes.

1321 2956 75 75 The
1412 2956 52 75 ufe
1480 2956 41 75 of
1531 2956 56 75 the
1603 2956 130 75 oblique
1748 2956 134 75 mufcles
1898 2956 30 75 is
1940 2956 116 75 chiefly
2071 2956 35 75 to
2118 2956 195 75 counterba-

1273 3003 89 75 lance
1378 3003 55 75 the
1449 3003 102 75 adion
1567 3003 47 75 of
1625 3003 56 75 the
1697 3003 89 75 redi,
1811 3003 63 75 and
1892 3003 37 75 to
1944 3003 130 75 fupport
2092 3003 54 75 the
2163 3003 94 75 globe
2266 3003 39 75 in

1272 3050 53 75 all.
1331 3050 54 75 the
1397 3050 145 75 motions-
1550 3050 131 75 already
1695 3050 197 75 mentioned.
1939 3050 85 75 This
2040 3050 28 75 is
2079 3050 127 75 evident
2215 3050 88 75 from
2219 3090 83 75 their
