2406 3327
149 134 56 75 46

609 134 42 75 A
727 134 42 75 G
845 134 37 75 R
959 134 18 75 I
1055 134 36 75 C
1168 134 45 75 U

148 199 73 75 fels,
246 199 160 75 whatever
422 199 27 75 it
462 199 40 75 i&,
529 199 70 75 that
615 199 66 75 firft
690 199 73 75 puts
775 199 57 75 the
843 199 53 75 Tap
912 199 33 75 in
961 199 136 75 motion,
1121 199 57 75 be-

149 246 68 75 fore
231 246 62 75 any
304 246 222 75 tranfpiration
542 246 56 75 has
616 246 219 75 commenced.

196 293 99 75 Heat,
319 293 159 75 moifture,
504 293 63 75 and
590 293 58 75 air,
674 293 53 75 are
743 293 55 75 the
817 293 91 75 three
931 293 91 75 chief
1040 293 136 75 circum-

148 340 118 75 ftances
287 340 70 75 that
373 340 146 75 promote
536 340 56 75 the
612 340 107 75 afcent
741 340 41 75 of
799 340 57 75 the
871 340 67 75 fap.
986 340 113 75 Hence
1118 340 58 75 no-

148 385 93 75 thing
251 385 29 75 is
290 385 92 75 more
394 385 186 75 favourable
592 385 35 75 to
637 385 181 75 vegetation
830 385 78 75 than
924 385 99 75 warm
1035 385 142 75 Weather

148 431 223 75 accompanied
397 431 81 75 with
503 431 88 75 rain:
629 431 41 75 on
694 431 55 75 the
774 431 94 75 other
890 431 98 75 hand,
1014 431 75 75 cold
1115 431 62 75 dry

148 478 142 75 weather
313 478 29 75 is
365 478 43 75 its
431 478 133 75 greateft
588 478 124 75 enemy.
762 478 39 75 In
824 478 19 75 a
864 478 76 75 wet,
966 478 74 75 cold
1056 478 119 75 feafon,

148 524 96 75 every
258 524 93 75 thing
367 524 88 75 rots;
482 524 63 75 and
562 524 33 75 in
611 524 59 75 hot
686 524 61 75 dry
765 524 143 75 weather
924 524 97 75 every
1040 524 92 75 thing
1147 524 29 75 is

146 571 152 75 parched.
346 571 67 75 But
429 571 56 75 the
501 571 239 75 circumftances
758 571 78 75 moft
861 571 184 75 favourable
1070 571 35 75 to
1122 571 54 75 ve-

147 617 144 75 getation
315 617 52 75 are
384 617 129 75 cloudy,
538 617 58 75 hot
612 617 154 75 weather,
792 617 168 75 inclinable
973 617 35 75 to
1025 617 150 75 thunder,

147 663 174 75 Succeeded
330 663 43 75 by
390 663 148 75 plentiful
554 663 97 75 rains.

220 774 154 75 Sect.
405 774 110 75 VIII.
584 774 65 75 Of
668 774 66 75 the
762 774 101 75 Food
887 774 47 75 of
951 774 157 75 Plants.

193 852 45 75 It
248 852 26 75 is
284 852 138 75 thought
438 852 35 75 to
481 852 43 75 be
536 852 39 75 an
587 852 172 75 important
772 852 142 75 queftion
926 852 33 75 in
971 852 204 75 agriculture,

147 899 147 75 whether
309 899 56 75 the
380 899 118 75 feveral
513 899 95 75 kinds
625 899 40 75 of
683 899 105 75 plants
801 899 126 75 require
943 899 56 75 the
1019 899 95 75 fame,
1138 899 39 75 or

146 946 150 75 different
313 946 225 75 nourifhment.

197 992 96 75 Upon
304 992 20 75 a
334 992 177 75 fuperficial
520 992 82 75 view
613 992 42 75 of
664 992 64 75 this
736 992 154 75 queftion,
905 992 25 75 it
943 992 107 75 would
1063 992 115 75 appear

146 1037 81 75 very
240 1037 209 75 improbable,
474 1037 71 75 that
560 1037 56 75 the
632 1037 83 75 fame
726 1037 117 75 matter
855 1037 97 75 could
963 1037 125 75 nourifh
1100 1037 76 75 fuch

146 1084 21 75 a
182 1084 123 75 variety
320 1084 40 75 of
371 1084 117 75 plants,
513 1084 148 75 differing
677 1084 34 75 fo
727 1084 175 75 effentially
917 1084 33 75 in
966 1084 102 75 fmell,
1085 1084 91 75 tafte,

147 1131 113 75 figure,
287 1131 64 75 <&c.
399 1131 117 75 Much,
541 1131 162 75 however,
729 1131 72 75 may
814 1131 124 75 depend
955 1131 84 75 upon
1057 1131 55 75 the
1128 1131 47 75 in-

146 1177 104 75 ternal
273 1177 150 75 ftrudlure
448 1177 64 75 and
537 1177 222 75 arrangement
784 1177 40 75 of
851 1177 55 75 the
931 1177 122 75 veffels.
1103 1177 74 75 One

146 1223 94 75 thing
255 1223 26 75 is
299 1223 132 75 certain,
456 1223 71 75 that
551 1223 32 75 if
601 1223 56 75 the
681 1223 111 75 veffels
815 1223 33 75 in
871 1223 63 75 any
949 1223 88 75 plant
1060 1223 41 75 be
1117 1223 58 75 un-

147 1270 183 75 commonly
356 1270 102 75 fmall,
490 1270 88 75 parts
600 1270 67 75 will
690 1270 40 75 be
753 1270 140 75 reje&ed
919 1270 43 75 by
988 1270 72 75 that
1086 1270 90 75 plant

147 1316 107 75 which
269 1316 108 75 would
393 1316 39 75 be
449 1316 156 75 abforbed
616 1316 43 75 by
674 1316 61 75 one
747 1316 106 75 whofe
867 1316 108 75 veffels
992 1316 53 75 are
1056 1316 118 75 larger.

146 1363 90 75 Nay,
261 1363 137 75 changes
415 1363 73 75 may
503 1363 40 75 be
565 1363 93 75 made
682 1363 33 75 in
739 1363 55 75 the
818 1363 97 75 crude
939 1363 236 75 homogeneous

146 1409 228 75 nourifhment,
399 1409 43 75 by
454 1409 19 75 a
484 1409 90 75 fmall
593 1409 181 75 difference,
781 1409 33 75 in
830 1409 55 75 the
901 1409 101 75 figure
1018 1409 38 75 or
1073 1409 102 75 action

147 1455 40 75 of
205 1455 55 75 the
271 1455 123 75 veffels.

195 1501 32 75 It
242 1501 29 75 is
287 1501 92 75 given
395 1501 57 75 out
470 1501 32 75 as
526 1501 20 75 a
569 1501 75 75 fadt,
669 1501 45 75 by
737 1501 124 75 writers
887 1501 42 75 on
954 1501 64 75 this
1042 1501 130 75 fubjedt,

146 1548 73 75 that
241 1548 61 75 one
317 1548 89 75 plant
421 1548 68 75 will
504 1548 101 75 ftarve
628 1548 146 75 another,
799 1548 43 75 by
867 1548 137 75 robbing
1025 1548 27 75 it
1074 1548 41 75 of
1132 1548 42 75 its

146 1595 227 75 nourifhment.
420 1595 87 75 This
523 1595 79 75 does
614 1595 56 75 not
685 1595 84 75 feem
785 1595 35 75 to
836 1595 94 75 affedt
942 1595 108 75 either
1065 1595 63 75 fide
1140 1595 41 75 of

146 1641 58 75 the
221 1641 164 75 queftion;
411 1641 52 75 for
478 1641 25 75 it
520 1641 73 75 may
609 1641 100 75 ftarve
725 1641 42 75 its
790 1641 190 75 neighbour,
1005 1641 104 75 either
1131 1641 44 75 by

148 1687 176 75 extending
339 1687 41 75 its
397 1687 102 75 roots,
523 1687 63 75 and
609 1687 162 75 requiring
787 1687 19 75 a
827 1687 127 75 greater
974 1687 149 75 quantity
1139 1687 41 75 of

147 1732 215 75 nourifhment
377 1732 78 75 than
471 1732 57 75 the
544 1732 113 75 other;
683 1732 38 75 or
736 1732 26 75 it
785 1732 74 75 may
876 1732 113 75 abforb
1006 1732 55 75 the
1077 1732 95 75 pecu-

145 1779 62 75 liar
223 1779 79 75 food
317 1779 106 75 which
438 1779 27 75 is
483 1779 157 75 neceffary
661 1779 52 75 for
735 1779 55 75 the
806 1779 126 75 growth
948 1779 42 75 of
1008 1779 56 75 the
1079 1779 95 75 other

146 1825 102 75 plant.
297 1825 40 75 In
353 1825 103 75 either
472 1825 81 75 cafe,
578 1825 55 75 the
649 1825 89 75 plant
753 1825 27 75 is
797 1825 153 75 deprived
965 1825 40 75 of
1024 1825 19 75 a
1058 1825 116 75 proper

147 1872 151 75 quantity
313 1872 40 75 of
372 1872 226 75 nourifhment.

196 1918 31 75 It
243 1918 25 75 is
285 1918 139 75 likewife
436 1918 155 75 propofed
608 1918 35 75 as
655 1918 19 75 a
684 1918 169 75 difficulty,
870 1918 94 75 Why
977 1918 16 75 a
1005 1918 169 75 poifonous

146 1965 89 75 plant
252 1965 62 75 and
330 1965 41 75 its
387 1965 143 75 antidote
545 1965 65 75 will
627 1965 90 75 grow
728 1965 31 75 in
772 1965 55 75 the
838 1965 83 75 fame
936 1965 71 75 foil,
1024 1965 62 75 and
1097 1965 78 75 very

147 2011 76 75 near
239 2011 77 75 each
332 2011 109 75 others
485 2011 87 75 This
588 2011 164 75 argument
767 2011 28 75 is
818 2011 40 75 of
877 2011 55 75 the
956 2011 82 75 fame
1063 2011 112 75 nature

148 2060 80 75 With
240 2060 56 75 the
308 2060 130 75 former.
486 2060 33 75 It
536 2060 73 75 may
626 2060 38 75 be
676 2060 107 75 owing
798 2060 102 75 either
917 2060 37 75 to
969 2060 86 75 thefe
1070 2060 103 75 plants

147 2104 155 75 imbibing
314 2104 150 75 different
477 2104 102 75 juices
595 2104 84 75 from
695 2104 56 75 the
767 2104 105 75 earth,
897 2104 37 75 or
950 2104 35 75 to
1007 2104 168 75 peculiari-

149 2150 60 75 ties
225 2150 32 75 in
274 2150 56 75 the
352 2150 151 75 ftrudlure
527 2150 62 75 and
605 2150 103 75 adtion
724 2150 41 75 of
782 2150 85 75 their
882 2150 122 75 vefTeJs.
1051 2150 122 75 Thefe,

150 2196 62 75 and
228 2196 93 75 many
334 2196 93 75 other
442 2196 190 75 ambiguous
646 2196 91 75 fadls,
755 2228 5 49 (
760 2196 83 75 have
858 2196 80 75 been
954 2196 162 75 advanced
1133 2196 44 75 on

150 2243 82 75 both
245 2243 78 75 fides
340 2243 40 75 of
391 2243 65 75 this
469 2243 155 75 queftion,
642 2243 104 75 which
757 2243 49 75 we
821 2243 78 75 fhall
914 2243 58 75 not
987 2243 96 75 fpend
1099 2243 77 75 time

149 2289 34 75 iii
198 2289 230 75 enumerating.

197 2335 76 75 The
289 2335 165 75 argument
470 2335 110 75 drawn
595 2335 84 75 from
691 2335 128 75 grafted
830 2335 117 75 plants,
972 2335 97 75 feems
1086 2335 89 75 more

149 2381 101 75 diredl
274 2381 62 75 and
357 2381 146 75 decifive.
550 2381 34 75 A
606 2381 80 75 ftalk
709 2381 40 75 of
769 2381 18 75 a
810 2381 119 75 lemon,
950 2381 128 75 grafted
1093 2381 42 75 on
1158 2381 19 75 a

151 2427 120 75 branch
296 2427 39 75 of
363 2427 38 75 an
423 2427 215 75 orange-tree,
666 2427 100 75 grew,
791 2427 130 75 ripened
937 2427 42 75 its
995 2427 92 75 fruit,
1112 2427 64 75 and

151 2473 168 75 preferved
341 2473 55 75 the
419 2473 99 75 figure
543 2473 62 75 and
627 2473 42 75 all
691 2473 57 75 the
768 2473 94 75 other
878 2473 147 75 qualities
1042 2473 132 75 belong-

151 2520 56 75 ing
228 2520 37 75 to
290 2520 19 75 a
331 2520 123 75 lemon.
499 2520 86 75 This
611 2520 121 75 plainly
750 2520 168 75 indicates,
935 2520 71 75 that
1038 2520 55 75 the
1121 2520 53 75 or-

152 2565 181 75 ganisation
356 2565 39 75 of
413 2565 55 75 the
484 2565 106 75 lemon
605 2565 65 75 had
690 2565 91 75 given
798 2565 19 75 a
839 2565 150 75 different
1013 2565 163 75 modifica-

153 2611 67 75 tion
236 2611 35 75 to
288 2611 55 75 the
362 2611 103 75 juices
480 2611 42 75 of
538 2611 56 75 the
621 2611 131 75 orange,
777 2611 140 75 through
944 2611 55 75 the
1015 2611 159 75 interven-

154 2658 67 75 tion
239 2658 40 75 of
297 2658 105 75 which
419 2658 26 75 it
461 2658 147 75 received
621 2658 41 75 its
680 2658 225 75 nourifhment.

200 2704 32 75 It
248 2704 27 75 is
293 2704 65 75 alfo
381 2704 133 75 certain,
538 2704 70 75 that
626 2704 56 75 the
698 2704 150 75 different
862 2704 87 75 parts
965 2704 40 75 of
1023 2704 55 75 the
1095 2704 82 75 fame

1288 138 37 75 L
1402 138 40 75 T
1517 138 44 75 U
1638 138 38 75 R
1746 138 49 75 E.

1224 200 88 75 plant
1327 200 81 75 have
1421 200 186 75 frequently
1618 200 126 75 various
1756 200 118 75 fmells,
1892 200 106 75 taftes,
2017 200 65 75 <bc.
2100 200 155 75 although

1225 247 54 75 the
1292 247 214 75 nourilhment
1520 247 133 75 derived
1669 247 84 75 from
1770 247 55 75 the
1844 247 72 75 root
1933 247 79 75 muft
2028 247 39 75 be
2086 247 55 75 the
2156 247 97 75 fame.

1224 293 85 75 This
1325 293 26 75 is
1369 293 39 75 an
1429 293 163 75 evidence,
1617 293 71 75 that
1705 293 54 75 the
1775 293 151 75 different
1942 293 151 75 ftiudUire
2109 293 41 75 of
2167 293 87 75 parrs

1224 339 32 75 in
1278 339 56 75 the
1351 339 82 75 fame
1451 339 105 75 plants
1579 339 27 75 is
1627 339 131 75 capable
1774 339 41 75 of
1833 339 177 75 producing
2031 339 80 75 very
2125 339 129 75 fenfible

1225 387 136 75 changes
1373 387 33 75 in
1418 387 56 75 the
1485 387 111 75 nature
1608 387 63 75 and
1688 387 125 75 quality
1829 387 40 75 of
1888 387 54 75 the
1958 387 66 75 fap.

1272 433 166 75 Repeated
1448 433 215 75 experiments
1680 433 97 75 fhow,
1795 433 77 75 .that
1884 433 96 75 many
1995 433 105 75 plants
2117 433 41 75 of
2174 433 80 75 very

1224 479 139 75 oppofite
1387 479 161 75 qualities,
1573 479 62 75 and
1651 479 78 75 even
1754 479 96 75 trees,
1874 479 81 75 have
1979 479 80 75 been
2086 479 168 75 nourifhed

1225 525 61 75 and
1298 525 140 75 brougjht
1450 525 34 75 tq
1495 525 155 75 maturity
1661 525 44 75 by
1721 525 54 75 the
1791 525 104 75 pureft
1911 525 101 75 water
2028 525 106 75 alone.

1271 571 31 75 It
1317 571 26 75 is
1360 571 165 75 obferved,
1543 571 41 75 op
1597 571 55 75 the
1669 571 93 75 other
1776 571 99 75 hand,
1900 571 72 75 that
1985 571 150 75 different
2147 571 106 75 plants

1223 619 127 75 require
1361 619 149 75 different
1526 619 101 75 foils..
1662 619 86 75 This
1760 619 26 75 is
1799 619 155 75 certainly
1966 619 89 75 true:
2083 619 66 75 But
2166 619 87 75 what

1223 664 76 75 then
1313 664 12 75 ?
1369 664 93 75 Does
1479 664 57 75 not
1548 664 63 75 this
1628 664 172 75 difference
1817 664 33 75 in
1866 664 59 75 foil
1936 664 110 75 rather
2058 664 126 75 depend
2195 664 57 75 up-

1224 710 40 75 on
1281 710 55 75 the
1359 710 125 75 greater
1501 710 36 75 or
1553 710 89 75 leffer
1659 710 160 75 quantity,
1845 710 77 75 than
1939 710 62 75 any
2018 710 140 75 peculiar
2174 710 78 75 qua-

1222 757 61 75 lity
1299 757 33 75 in
1352 757 55 75 the
1424 757 79 75 food
1515 757 12 75 ?
1577 757 132 75 Thyme
1725 757 105 75 grows
1847 757 67 75 heft
1929 757 32 75 in
1979 757 21 75 a
2012 757 61 75 dry
2088 757 80 75 foil;
2194 757 60 75 but

1222 803 26 75 it
1265 803 65 75 will
1346 803 91 75 grow
1452 803 131 75 equally
1592 803 80 75 well
1695 803 33 75 in
1744 803 92 75 earth
1860 803 123 75 carried
2007 803 84 75 from
2117 803 19 75 a
2151 803 101 75 marfh

1223 850 35 75 to
1274 850 55 75 the
1346 850 55 75 top
1414 850 40 75 of
1473 850 17 75 a
1502 850 176 75 mountain.

1270 897 76 75 The
1362 897 89 75 roots
1468 897 41 75 of
1520 897 104 75 plants
1637 897 52 75 are
1701 897 93 75 fitted
1806 897 35 75 to
1853 897 113 75 abforb
1979 897 97 75 every
2087 897 79 75 fluid
2180 897 73 75 that

1223 945 105 75 comes
1351 945 112 75 within
1485 945 85 75 their
1593 945 108 75 reach.
1749 945 100 75 They
1870 945 82 75 have
1979 945 79 75 been
2083 945 102 75 found
2208 945 45 75 by

1223 991 199 75 experiment
1449 991 37 75 to
1508 991 119 75 imbibe
1652 991 94 75 fluids
1770 991 71 75 that
1865 991 136 75 actually
2016 991 111 75 poifon
2149 991 102 75 them.

1223 1037 99 75 From
1333 1037 64 75 this
1414 1037 222 75 circumftance
1659 1037 26 75 it
1704 1037 73 75 may
1793 1037 40 75 be
1849 1037 95 75 fairly
1966 1037 190 75 concluded,
2181 1037 71 75 that

1224 1084 77 75 they
1316 1084 82 75 have
1417 1084 68 75 not,
1510 1084 65 75 like
1592 1084 143 75 animals,
1760 1084 55 75 the
1831 1084 140 75 fagacity
1986 1084 40 75 of
2045 1084 129 75 chufing
2195 1084 57 75 the

1223 1129 81 75 food
1319 1129 70 75 that
1401 1129 26 75 is
1441 1129 79 75 moft
1534 1129 116 75 proper
1665 1129 53 75 for
1736 1129 184 75 nourifhing
1933 1129 100 75 them,
2060 1129 63 75 and
2139 1129 111 75 reject-

1223 1175 54 75 ing
1289 1175 71 75 that
1376 1175 106 75 which
1497 1175 27 75 is
1540 1175 104 75 either
1660 1175 137 75 hoxious
1813 1175 38 75 or
1862 1175 59 75 lefs
1936 1175 196 75 nourifiiing.

1270 1221 58 75 Mr
1345 1221 156 75 Dickion,
1527 1221 116 75 author
1666 1221 40 75 of
1724 1221 39 75 an
1786 1221 159 75 excellent
1967 1221 126 75 treatife
2109 1221 40 75 on
2168 1221 83 75 agri-

1223 1269 136 75 culture,
1384 1269 163 75 publi/hed
1562 1269 33 75 in
1617 1269 102 75 1765,
1744 1269 57 75 has
1818 1269 221 75 endeavoured
2062 1269 36 75 to
2122 1269 47 75 fix
2194 1269 56 75 the

1222 1314 171 75 particular
1416 1314 194 75 ingredients
1627 1314 70 75 that
1713 1314 90 75 enter
1824 1314 69 75 into
1916 1314 56 75 the
1995 1314 203 75 compofition
2215 1314 41 75 of

1222 1362 55 75 the
1293 1362 78 75 food
1383 1362 40 75 of
1434 1362 194 75 vegetables.
1677 1362 54 75 He
1743 1362 167 75 contends,
1928 1362 69 75 that
2009 1362 124 75 neither
2145 1362 104 75 earth,

1222 1408 110 75 water,
1350 1408 58 75 air,
1427 1408 57 75 oil,
1502 1408 59 75 nor
1576 1408 73 75 fait,
1666 1408 58 75 can
1736 1408 40 75 be
1793 1408 102 75 called
1908 1408 56 75 the
1979 1408 79 75 food
2069 1408 41 75 of
2120 1408 105 75 plants
2237 1408 10 75 ;

1200 1454 4 75 '
1220 1454 58 75 but
1294 1454 41 75 he
1352 1454 108 75 thinks
1477 1454 72 75 that
1566 1454 26 75 it
1607 1454 126 75 confifts
1750 1454 40 75 of
1801 1454 18 75 a
1830 1454 214 75 combination
2057 1454 40 75 of
2107 1454 42 75 all
2162 1454 88 75 thefe

1220 1501 189 75 fubftances.
1457 1501 63 75 His
1538 1501 181 75 arguments
1734 1501 33 75 in
1779 1501 129 75 fupport
1924 1501 41 75 of
1983 1501 63 75 this
2063 1501 117 75 theory
2195 1501 55 75 are

1221 1548 115 75 chiefly
1351 1548 110 75 drawn
1479 1548 84 75 from
1580 1548 56 75 the
1658 1548 155 75 chemical
1837 1548 145 75 analyfis,
2006 1548 105 75 which
2133 1548 115 75 Ihows,

1213 1593 77 75 that
1303 1593 42 75 all
1362 1593 87 75 thefe
1465 1593 176 75 fubftances
1654 1593 72 75 may
1738 1593 40 75 be
1798 1593 150 75 extorted
1965 1593 85 75 from
2066 1593 183 75 vegetables

1220 1640 43 75 by
1272 1640 55 75 the
1344 1640 88 75 force
1448 1640 40 75 of
1504 1640 81 75 fire;
1612 1640 62 75 and
1689 1640 86 75 from
1791 1640 18 75 a
1825 1640 227 75 confideration
2065 1640 69 75 that
2151 1640 19 75 a
2186 1640 64 75 due

1221 1687 182 75 admixture
1430 1687 40 75 of
1487 1687 89 75 .thefe
1588 1687 188 75 .fubftances
1803 1687 54 75 (or
1880 1687 76 75 fuch
1981 1687 107 75 things
2112 1687 33 75 as
2172 1687 77 75 con-

1220 1733 66 75 tain
1309 1733 104 75 them)
1431 1733 27 75 is
1474 1733 201 75 favourable,
1700 1733 63 75 and
1778 1733 79 75 even
1873 1733 171 75 neceffary,
2069 1733 36 75 to
2120 1733 132 75 vegeta-

1220 1779 80 75 tion.

1267 1825 60 75 His
1343 1825 57 75 laft
1417 1825 166 75 argument
1599 1825 27 75 is
1642 1825 86 75 good
1741 1825 8 75 :
1777 1825 67 75 But
1868 1825 151 75 whoever
2041 1825 150 75 attempts
2213 1825 36 75 to

1220 1870 142 75 difcover
1378 1870 55 75 the
1455 1870 177 75 properties
1656 1870 41 75 of
1715 1870 117 75 plants,
1859 1870 37 75 or
1918 1870 56 75 the
1996 1870 195 75 ingredients
2213 1870 42 75 of

1221 1917 82 75 their
1319 1917 91 75 food,
1435 1917 85 75 from
1537 1917 18 75 a
1567 1917 153 75 chemical
1737 1917 144 75 analyfis,
1898 1917 67 75 will
1981 1917 157 75 probably
2153 1917 97 75 never

1221 1963 43 75 do
1280 1963 94 75 much
1387 1963 117 75 fervice
1520 1963 36 75 to
1574 1963 56 75 the
1646 1963 120 75 fcience
1782 1963 39 75 of
1841 1963 205 75 agriculture.
2096 1963 73 75 Fire
2185 1963 63 75 and

1222 2010 18 75 a
1255 2010 104 75 retort
1381 2010 27 75 is
1431 2010 130 75 capable
1577 2010 40 75 of
1635 2010 160 75 torturing
1818 2010 102 75 either
1944 2010 132 75 animals
2100 2010 38 75 or
2153 2010 95 75 vege-

1221 2056 102 75 tables
1334 2056 69 75 into
1419 2056 99 75 forms
1535 2056 63 75 and
1614 2056 147 75 qualities
1777 2056 106 75 which
1903 2056 96 75 never
2015 2056 122 75 exifted
2147 2056 103 75 either

1221 2102 32 75 in
1271 2102 87 75 theft
1373 2102 126 75 bodies,
1525 2102 37 75 or
1577 2102 32 75 in
1627 2102 83 75 their
1726 2102 91 75 food.

1268 2149 67 75 We
1347 2149 76 75 fhall
1435 2149 155 75 conclude
1606 2149 64 75 this
1682 2149 114 75 fedtion
1812 2149 80 75 with
1903 2149 178 75 obferving,
2105 2149 72 75 that
2192 2149 58 75 the

1223 2195 128 75 farmer,
1368 2195 32 75 in
1416 2195 180 75 nourifhing
1608 2195 48 75 his
1668 2195 118 75 plants,
1803 2195 111 75 fhould
1925 2195 40 75 be
1977 2195 139 75 direfted
2131 2195 118 75 entire-

1222 2243 35 75 ly
1280 2243 44 75 by
1347 2243 201 75 experience.
1608 2243 38 75 If
1675 2243 40 75 he
1742 2243 125 75 knows,
1902 2243 72 75 that
2000 2243 109 75 putrid
2132 2243 116 75 animal

1223 2289 63 75 and
1307 2289 167 75 vegetable
1501 2289 188 75 fubftances,
1720 2289 71 75 that
1817 2289 87 75 lime,
1935 2289 81 75 foot,
2042 2289 111 75 marie,
2182 2289 64 75 foe.

1223 2334 92 75 when
1341 2334 127 75 applied
1492 2334 78 75 with
1596 2334 183 75 judgment,
1809 2334 76 75 aflift
1906 2334 57 75 the
1991 2334 124 75 growth
2141 2334 40 75 of
2198 2334 50 75 his

1223 2381 116 75 plants,
1366 2381 61 75 and
1443 2381 149 75 augment
1607 2381 50 75 his
1677 2381 91 75 crop,
1791 2381 25 75 it
1832 2381 26 75 is
1875 2381 40 75 of
1933 2381 84 75 little
2033 2381 217 75 confequence

1222 2427 145 75 whether
1389 2427 43 75 he
1455 2427 40 75 be
1519 2427 190 75 acquainted
1732 2427 79 75 with
1835 2427 84 75 their
1934 2427 155 75 chemical
2103 2427 143 75 analyfis,

1222 2473 38 75 or
1277 2473 54 75 the
1347 2473 172 75 particular
1535 2473 95 75 mode
1647 2473 40 75 of
1705 2473 85 75 their
1806 2473 177 75 operation.
2032 2473 68 75 We
2122 2473 43 75 do
2190 2473 57 75 not

1222 2520 91 75 mean
1329 2520 73 75 that
1417 2520 41 75 he
1475 2520 110 75 fhould
1602 2520 148 75 continue
1765 2520 188 75 obftinately
1969 2520 32 75 in
2016 2520 54 75 the
2087 2520 54 75 old
2156 2520 91 75 beat-

1222 2567 39 75 en
1278 2567 103 75 track,
1407 2567 33 75 as
1462 2567 25 75 it
1503 2567 27 75 is
1548 2567 103 75 called
1665 2567 10 75 ;
1701 2567 58 75 but
1780 2567 108 75 rathe/r
1910 2567 73 75 that
2004 2567 42 75 he
2068 2567 112 75 fhould
2196 2567 52 75 try

1223 2613 144 75 whether
1389 2613 42 75 he
1458 2613 58 75 can
1540 2613 44 75 by
1608 2613 63 75 any
1697 2613 107 75 means
1828 2613 142 75 improve
1996 2613 85 75 upon
2109 2613 55 75 the
2191 2613 56 75 old

1223 2658 145 75 method,
1394 2658 61 75 and
1471 2658 70 75 that
1557 2658 50 75 his
1624 2658 135 75 pra&ice
1778 2658 110 75 fhould
1903 2658 40 75 be
1959 2658 141 75 diredted
2115 2658 132 75 accord-

1223 2704 53 75 ing
1292 2704 35 75 to
1339 2704 55 75 the
1405 2704 121 75 fuccefs
1537 2704 41 75 of
1595 2704 87 75 theft
1698 2704 102 75 trials.

1979 2983 270 75 PART
