2498 3377
701 129 41 75 A
827 129 42 75 N
956 129 43 75 N
1086 129 44 75 U
1216 129 18 75 I

233 201 125 75 Rule.
407 201 53 75 By
477 201 55 75 the
549 201 172 75 preceding
737 201 157 75 problem,
918 201 67 75 find
1012 201 55 75 the
1092 201 124 75 prefent

186 248 108 75 worth
313 248 40 75 of
369 248 13 75 i
394 248 24 75 h
436 248 132 75 annuity
584 248 51 75 for
652 248 55 75 the
731 248 68 75 rate
816 248 64 75 and
906 248 78 75 time
1008 248 93 75 given
1116 248 10 75 ;
1152 248 64 75 and

187 295 78 75 then
288 295 67 75 fay.
381 295 48 75 As
449 295 54 75 the
520 295 126 75 prefent
660 295 105 75 worth
778 295 74 75 thus
864 295 101 75 found
983 295 109 75 toil,
1119 295 97 75 annu-

187 340 60 75 ity,
272 340 35 75 fo
323 340 56 75 the
395 340 125 75 prefent
543 340 107 75 worth
678 340 92 75 given
795 340 34 75 to
846 340 43 75 its
910 340 153 75 annuity;
1090 340 70 75 that
1176 340 39 75 is,

187 389 108 75 divide
311 389 55 75 the
382 389 94 75 given
497 389 124 75 prefent
638 389 105 75 worth
760 389 42 75 by
820 389 68 75 that
906 389 41 75 of
968 389 13 75 i
997 389 25 75 I.
1041 389 143 75 annuity.

233 435 152 75 Examp.
432 435 107 75 What
566 435 146 75 annuity,
737 435 35 75 to
800 435 149 75 continue
975 435 17 75 5
1019 435 105 75 years,
1149 435 68 75 will

191 481 102 75 173!.
323 481 18 75 3
351 481 27 75 s.
407 481 32 75 7.
475 481 165 75 purchafe,
666 481 152 75 allowing
834 481 180 75 compound
1033 481 129 75 interefi:
1185 481 34 75 at

190 528 18 75 5
221 528 62 75 per
299 528 87 75 cent.

284 576 56 75 .05
361 576 9 75 :
395 576 14 75 1
431 576 26 75 ::
481 576 15 75 1
517 576 10 75 :
548 576 83 75 201.

287 623 76 75 1.05
376 623 29 75 X
419 623 77 75 1.05
508 623 29 75 X
552 623 75 75 1.05
642 623 29 75 X
683 623 76 75 i.oj
771 623 30 75 X
816 623 76 75 1.05
902 623 37 75 =
951 623 264 75 1.2762815625

287 668 747 75 1.2762815625)20.000000000(15.6705.

461 715 44 75 20

463 762 147 75 15.6705

482 855 128 75 4.3295
628 855 125 75 prefent
769 855 106 75 worth
892 855 41 75 of
947 855 49 75 11.
1023 855 144 75 annuity.

286 899 376 75 4.329)173.179(40!.
680 899 145 75 annuity.
874 899 84 75 Anf.

292 1004 49 75 II.
366 1004 180 75 Annuities
553 1004 65 75 for
636 1004 87 75 ever,
749 1004 36 75 or
797 1004 156 75 freehold
966 1004 144 75 EJlates.

235 1084 42 75 In
291 1084 148 75 freehold
450 1084 125 75 ellates,
593 1084 182 75 commonly
791 1084 106 75 called
913 1084 167 75 annuities
1098 1084 35 75 in
1139 1084 76 75 fee-

179 1131 132 75 fimple,
337 1131 57 75 the
411 1131 106 75 things
534 1131 115 75 chiefly
665 1131 36 75 to
726 1131 40 75 be
793 1131 183 75 confidered
991 1131 66 75 are,
1087 1131 35 75 1.
1142 1131 78 75 The

190 1176 132 75 annuity
339 1176 39 75 or
386 1176 118 75 .yearly
521 1176 83 75 rent.
654 1176 35 75 2.
713 1176 77 75 The
805 1176 87 75 price
906 1176 39 75 or
962 1176 123 75 prefent
1097 1176 119 75 worth.

192 1224 35 75 3.
250 1224 78 75 The
344 1224 67 75 rate
428 1224 41 75 of
482 1224 141 75 intereft.
670 1224 77 75 The
763 1224 158 75 queftions
938 1224 71 75 that
1025 1224 123 75 ufually
1163 1224 56 75 oc-

189 1270 57 75 cur
261 1270 42 75 on
314 1270 64 75 this
390 1270 83 75 head
484 1270 66 75 will
559 1270 61 75 fall
633 1270 101 75 under
749 1270 61 75 one
823 1270 37 75 or
871 1270 95 75 other
977 1270 41 75 of
1024 1270 55 75 the
1091 1270 127 75 follow-

190 1317 54 75 ing
259 1317 174 75 problems.

238 1363 116 75 Prob.
376 1363 31 75 1.
455 1363 147 75 Annuity
614 1363 62 75 and
691 1363 69 75 rate
776 1363 44 75 of
832 1363 129 75 intereft
977 1363 107 75 given,
1101 1363 35 75 to
1153 1363 66 75 find

192 1408 56 75 the
264 1408 99 75 price.

238 1454 49 75 As
305 1454 55 75 the
379 1454 70 75 rate
466 1454 39 75 of
521 1454 51 75 11.
589 1454 36 75 to
645 1454 51 75 11.
720 1454 35 75 fo
769 1454 54 75 the
840 1454 71 75 rent
927 1454 35 75 to
974 1454 57 75 the
1048 1454 99 75 price.

240 1501 151 75 Examp.
440 1501 77 75 The
540 1501 111 75 yearly
672 1501 71 75 rent
761 1501 39 75 of
811 1501 18 75 a
845 1501 89 75 fmall
951 1501 95 75 eftate
1069 1501 26 75 is
1113 1501 45 75 40
1170 1501 49 75 1.:

193 1547 105 75 What
313 1547 26 75 is
351 1547 26 75 it
393 1547 106 75 worth
514 1547 34 75 in
564 1547 99 75 ready
679 1547 129 75 money,
833 1547 183 75 computing
1038 1547 127 75 intereft
1187 1547 34 75 at

192 1602 49 75 -34
251 1602 23 75 P
274 1584 38 49 er
328 1602 86 75 cent.

975 1640 36 75 L.
1069 1640 30 75 s.
1146 1640 33 75 d.

287 1689 50 75 As
356 1689 80 75 .035
452 1689 9 75 :
481 1689 13 75 1
557 1689 46 75 40
617 1689 9 75 :
646 1689 288 75 1142.857142=
952 1689 86 75 1142
1068 1689 44 75 17.
1139 1689 43 75 ii

239 1734 121 75 Prob.
386 1734 34 75 2.
468 1734 95 75 Price
578 1734 63 75 and
664 1734 70 75 rate
753 1734 40 75 of
811 1734 127 75 intereft
960 1734 106 75 given,
1091 1734 35 75 to
1153 1734 67 75 find

193 1781 56 75 the
265 1781 70 75 rent
353 1781 36 75 or
406 1781 145 75 annuity.

245 1827 51 75 As
318 1827 51 75 11.
394 1827 35 75 to
445 1827 41 75 its
504 1827 80 75 rate,
610 1827 33 75 fo
660 1827 54 75 the
732 1827 85 75 price
830 1827 34 75 to
876 1827 55 75 the
947 1827 84 75 rent.

240 1873 152 75 Examp.
424 1873 35 75 A
473 1873 180 75 gentleman
669 1873 167 75 purchafes
853 1873 39 75 an
908 1873 96 75 eftate
1020 1873 52 75 for
1088 1873 129 75 40001.

193 1920 63 75 and
270 1920 59 75 has
347 1920 47 75 4^
403 1920 63 75 per
480 1920 84 75 cent,
589 1920 53 75 for
657 1920 50 75 his
723 1920 136 75 money:
886 1920 167 75 Required
1065 1920 55 75 the
1132 1920 92 75 rent..

318 1966 48 75 As
388 1966 12 75 1
425 1966 8 75 :
456 1966 79 75 .045
557 1966 23 75 ::
601 1966 92 75 4000
713 1966 8 75 :
745 1966 100 75 i8ol.
872 1966 69 75 rent
959 1966 127 75 fought.

238 2013 121 75 Prob.
385 2013 24 75 3'
409 2013 9 75 .
467 2013 94 75 Price
576 2013 149 75 and.rent
741 2013 105 75 given,
870 2013 36 75 to
925 2013 66 75 find
1007 2013 55 75 the
1086 2013 69 75 rate
1182 2013 43 75 of,

190 2058 142 75 intereft.

241 2103 48 75 As
309 2103 57 75 the
381 2103 86 75 price
483 2103 35 75 to
533 2103 56 75 the
612 2103 82 75 rent,
719 2103 35 75 fo
775 2103 13 75 1
808 2103 36 75 to
859 2103 55 75 the
931 2103 90 75 rate..

241 2148 152 75 Examp.
442 2148 57 75 An
514 2148 96 75 eftate
632 2148 40 75 of
708 2148 96 75 180I.
829 2148 110 75 yearly
956 2148 70 75 rent
1043 2148 26 75 is
1092 2148 125 75 bought

196 2195 52 75 for
264 2195 126 75 40001.
401 2195 9 75 :
434 2195 108 75 What
557 2195 68 75 rate
641 2195 40 75 of
692 2195 127 75 intereft
836 2195 58 75 has
910 2195 56 75 the
982 2195 169 75 purchafer
1167 2195 50 75 for

195 2243 50 75 his
262 2243 117 75 money.
392 2243 12 75 ?

289 2287 49 75 As
356 2287 92 75 4000
466 2287 11 75 :
500 2287 66 75 180
583 2287 25 75 ::
633 2287 14 75 l
669 2287 9 75 :
700 2287 79 75 .045
806 2287 68 75 rate
889 2287 128 75 fought.

242 2334 119 75 Pros.
389 2334 34 75 4.
471 2334 76 75 The
571 2334 67 75 rate
662 2334 40 75 of
720 2334 127 75 intereft
868 2334 106 75 given,
999 2334 35 75 to
1057 2334 67 75 find
1145 2334 81 75 how.

196 2381 96 75 many
316 2381 93 75 years
429 2381 152 75 purchafe
597 2381 40 75 an
656 2381 94 75 eftate
767 2381 27 75 is
810 2381 118 75 worth.

245 2426 120 75 Divide
386 2426 13 75 1
419 2426 45 75 by
480 2426 56 75 the
552 2426 80 75 rate,
658 2426 63 75 and
745 2426 55 75 the
817 2426 81 75 quot
919 2426 27 75 is
968 2426 55 75 the
1038 2426 133 75 number
1187 2426 41 75 of

196 2472 92 75 years
305 2472 152 75 purchafe
479 2472 55 75 the
550 2472 96 75 eftate
662 2472 27 75 is
708 2472 118 75 worth.

171 2551 4 49 ]
243 2519 151 75 Examp.
444 2519 33 75 A
494 2519 179 75 gentleman
700 2519 27 75 is
752 2519 121 75 willing
889 2519 34 75 to
939 2519 153 75 purchafe
1119 2519 39 75 an
1187 2519 36 75 e-

196 2569 91 75 ftate,
312 2569 154 75 provided
484 2569 42 75 he
543 2569 58 75 can
616 2569 80 75 have
713 2569 48 75 2--
769 2569 62 75 per
846 2569 88 75 cent.'
934 2569 65 75 Pox
1015 2569 49 75 his
1070 2569 150 75 .money:

196 2612 87 75 How
299 2612 95 75 many
410 2612 91 75 years
518 2612 150 75 purchafe
685 2612 73 75 may
776 2612 42 75 he
834 2612 82 75 offer
931 2612 13 75 ?

365 2658 270 75 .025)1.000(40
652 2658 91 75 years
761 2658 162 75 purchafe.
973 2658 81 75 Anf,

244 2704 120 75 Prob.
386 2704 29 75 5.
459 2704 76 75 The
552 2704 134 75 number
696 2704 40 75 of
748 2704 90 75 years
850 2704 150 75 purchafe
1018 2704 33 75 at
1062 2704 104 75 which
1181 2704 48 75 an.

197 2750 96 75 eftate
304 2750 26 75 is
343 2750 125 75 bought
484 2750 36 75 or
531 2750 81 75 fold,
629 2750 105 75 given,
752 2750 37 75 to
803 2750 67 75 find
882 2750 55 75 the
950 2750 68 75 rate
1029 2750 39 75 of
1080 2750 139 75 intereft.

244 2796 122 75 Divide
386 2796 14 75 1
420 2796 44 75 by
480 2796 55 75 the
558 2796 133 75 number
715 2796 43 75 of
775 2796 91 75 years
895 2796 165 75 purchafe,
1086 2796 71 75 and,
1164 2796 57 75 the

198 2841 80 75 quot
294 2841 27 75 is
338 2841 55 75 the
411 2841 68 75 rate
496 2841 39 75 of
550 2841 138 75 intereft.

244 2888 150 75 Examp.
442 2888 34 75 A
492 2888 179 75 gentleman
687 2888 149 75 gives.40
853 2888 89 75 years
955 2888 149 75 purchafe
1117 2888 51 75 for
1180 2888 40 75 an

198 2935 117 75 eftate:
341 2935 106 75 What
460 2935 127 75 intereft
602 2935 58 75 has
675 2935 41 75 he
732 2935 51 75 for
799 2935 49 75 his
864 2935 115 75 money
990 2935 14 75 ?

431 2985 273 75 4p)i,ooo(.025
729 2985 69 75 rate
817 2985 127 75 fought.

1323 129 39 75 T
1447 129 19 75 I
1551 129 39 75 E
1671 129 43 75 S.

2207 129 84 75 319

1310 202 77 75 The
1401 202 235 75 computations
1649 202 144 75 hitherto
1813 202 54 75 are
1884 202 41 75 all
1942 202 180 75 performed
2139 202 43 75 by
2198 202 19 75 a
2232 202 61 75 fin-

1263 248 51 75 gle
1329 248 132 75 divifion
1477 248 38 75 or
1530 248 256 75 multiplication,
1804 248 62 75 and
1882 248 25 75 it
1923 248 65 75 will
2008 248 141 75 fcarcely
2165 248 39 75 be
2220 248 75 75 per-

1265 295 110 75 ceived
1391 295 70 75 that
1477 295 55 75 the
1548 295 181 75 operations
1746 295 53 75 are
1815 295 176 75 conduced
2016 295 43 75 by
2085 295 55 75 the
2156 295 85 75 rules
2257 295 40 75 of

1265 342 180 75 compound
1460 342 126 75 intereft
1598 342 10 75 ;
1627 342 58 75 but
1697 342 94 75 when
1803 342 18 75 a
1833 342 155 75 reverfion
2005 342 125 75 occurs,
2148 342 145 75 recourfe

1263 387 80 75 muft
1359 387 39 75 be
1414 387 64 75 had
1494 387 36 75 to
1543 387 101 75 tables
1661 387 40 75 of
1713 387 155 75 annuities
1891 387 42 75 on
1950 387 181 75 compound
2146 387 141 75 intereft.

1312 435 116 75 Prob.
1455 435 34 75 6.
1536 435 76 75 The
1630 435 67 75 rate
1713 435 42 75 of
1775 435 141 75 intereft,
1942 435 61 75 and
2028 435 55 75 the
2112 435 71 75 rent
2209 435 40 75 of
2272 435 20 75 a

1265 482 147 75 freehold
1436 482 95 75 eftate
1559 482 32 75 in
1616 482 167 75 reverfion,
1808 482 106 75 given,
1940 482 35 75 to
1998 482 67 75 find
2089 482 55 75 the
2166 482 127 75 prefent

1264 528 106 75 worth
1385 528 38 75 or
1438 528 92 75 value
1549 528 40 75 of
1600 528 55 75 the
1675 528 168 75 reverfion.

1312 574 51 75 By
1379 574 99 75 Prob.
1509 574 31 75 1.
1565 574 65 75 find
1653 574 55 75 the
1735 574 86 75 price
1850 574 37 75 or
1914 574 125 75 prefent
2055 574 104 75 worth
2176 574 41 75 of
2236 574 57 75 the

1265 621 110 75 eftate,
1398 621 34 75 as
1448 621 31 75 if
1489 621 159 75 pofTeflion
1664 621 65 75 was
1757 621 35 75 to
1818 621 182 75 commence
2023 621 179 75 prefently;
2229 621 65 75 and

1266 668 87 75 then,
1378 668 44 75 by
1437 668 55 75 the
1507 668 137 75 Tables,
1669 668 66 75 find
1751 668 55 75 the
1822 668 124 75 prefent
1962 668 92 75 value
2077 668 40 75 of
2127 668 56 75 the
2198 668 94 75 given

1265 714 145 75 annuity,
1434 714 37 75 or
1491 714 84 75 rent,
1599 714 52 75 for
1666 714 56 75 the
1745 714 90 75 years
1852 714 87 75 prior
1954 714 41 75 to'
2013 714 56 75 the
2094 714 198 75 commence-

1264 761 87 75 ment
1362 761 11 75 ;
1391 761 138 75 fubtradt
1544 761 63 75 this
1623 761 93 75 value
1731 761 83 75 from
1831 761 56 75 the
1904 761 121 75 former
2036 761 103 75 value,
2154 761 66 75 and
2235 761 58 75 the

1264 808 178 75 remainder
1458 808 26 75 is
1501 808 56 75 the
1573 808 92 75 value
1682 808 39 75 of
1732 808 57 75 the
1805 808 168 75 reverfion.

1312 855 152 75 Examp.
1512 855 34 75 A
1562 855 58 75 has
1646 855 54 75 the
1717 855 159 75 poffelfion
1893 855 39 75 of
1950 855 38 75 an
2005 855 96 75 eftate
2124 855 41 75 of
2187 855 103 75 130I.

1260 901 62 75 per
1337 901 135 75 annum,
1489 901 36 75 to
1541 901 149 75 continue
1708 901 43 75 20
1763 901 90 75 years
1865 901 11 75 ;
1902 901 29 75 B
1948 901 57 75 has
2018 901 55 75 the
2084 901 156 75 reverfion
2256 901 41 75 of

1265 948 55 75 the
1336 948 84 75 fame
1435 948 96 75 eftate
1547 948 84 75 from
1643 948 70 75 that
1725 948 80 75 time
1818 948 52 75 for
1886 948 74 75 ever
1974 948 8 75 :
2009 948 106 75 What
2127 948 28 75 is
2168 948 55 75 the
2236 948 55 75 va-

1264 994 60 75 lue,
1333 994 40 75 of
1384 994 56 75 the
1457 994 107 75 eftate,
1589 994 87 75 what
1692 994 56 75 the
1763 994 92 75 value
1871 994 41 75 of
1923 994 55 75 the
1997 994 43 75 20
2057 994 91 75 years
2176 994 115 75 poflef-

1264 1041 78 75 fion,
1374 1041 64 75 and
1464 1041 86 75 what
1578 1041 56 75 the
1660 1041 92 75 value
1776 1041 40 75 of
1838 1041 56 75 the
1922 1041 169 75 reverfion,
2118 1041 174 75 reckoning

1265 1087 181 75 compound
1462 1087 127 75 intereft
1605 1087 33 75 at
1655 1087 26 75 b
1688 1087 62 75 per
1765 1087 84 75 cent.

1263 1135 52 75 By
1330 1135 100 75 Prob.
1449 1135 30 75 1.
1501 1135 430 75 .06)130.00(2166.^666
1949 1135 94 75 value
2057 1135 40 75 of
2109 1135 54 75 the
2180 1135 109 75 eftate.

1506 1181 53 75 By
1573 1181 124 75 Tables
1733 1181 557 75 1491.0896val.ofthepoffeffion.

1756 1274 20 75 6
1781 1274 19 75 7
1805 1274 54 75 5.5
1866 1274 18 75 7
1890 1274 44 75 70
1941 1274 64 75 val.
2012 1274 41 75 of
2059 1274 57 75 the
2121 1274 169 75 reverfion.

1309 1322 120 75 Prob,
1457 1322 34 75 7.
1538 1322 78 75 The
1631 1322 90 75 price
1729 1322 37 75 or
1776 1322 93 75 value
1881 1322 40 75 of
1932 1322 18 75 a
1962 1322 167 75 reverfion,
2146 1322 56 75 the
2213 1322 79 75 time

1263 1367 87 75 prior
1366 1367 34 75 to
1417 1367 56 75 the
1490 1367 282 75 commencement,
1797 1367 63 75 and
1876 1367 68 75 rate
1960 1367 40 75 of
2017 1367 141 75 intereft,
2183 1367 111 75 given,

1264 1414 35 75 to
1316 1414 64 75 find
1396 1414 55 75 the
1468 1414 131 75 annuity
1614 1414 42 75 or
1668 1414 86 75 rent.

1312 1461 50 75 By
1375 1461 55 75 the
1445 1461 136 75 Tables,
1606 1461 66 75 find
1683 1461 55 75 the
1751 1461 129 75 amount
1897 1461 40 75 of
1948 1461 55 75 the
2019 1461 86 75 price
2117 1461 40 75 of
2168 1461 55 75 the
2240 1461 51 75 re-

1263 1507 121 75 verfioa
1400 1507 53 75 for
1468 1507 55 75 the
1547 1507 94 75 years
1661 1507 89 75 prior
1776 1507 36 75 to
1832 1507 55 75 the
1907 1507 295 75 commencement;
2228 1507 64 75 and

1264 1554 88 75 then,
1378 1554 43 75 by
1437 1554 98 75 Prob.
1556 1554 34 75 2.
1616 1554 67 75 find
1709 1554 56 75 the
1789 1554 133 75 annuity
1937 1554 107 75 which
2072 1554 70 75 that
2159 1554 138 75 amount

1264 1601 66 75 will
1355 1601 162 75 purchafe.

1312 1647 152 75 Examp.
1511 1647 77 75 The
1605 1647 155 75 reverfion
1777 1647 40 75 of
1834 1647 19 75 a
1864 1647 147 75 freehold
2023 1647 110 75 eftate,
2150 1647 35 75 to
2202 1647 89 75 com-

1265 1692 109 75 mence
1402 1692 45 75 20
1474 1692 91 75 years
1582 1692 114 75 hence,
1718 1692 28 75 is
1774 1692 123 75 bought
1920 1692 53 75 for
1990 1692 127 75 675.57
2128 1692 44 75 71.
2202 1692 88 75 com-

1265 1739 107 75 pound
1387 1739 126 75 intereft
1530 1739 95 75 being
1651 1739 136 75 allowed
1811 1739 33 75 at
1865 1739 21 75 b
1904 1739 62 75 per
1982 1739 95 75 cent.'
2077 1739 11 75 .
2123 1739 167 75 Required'
2290 1739 11 75 ,

1264 1787 54 75 the
1335 1787 132 75 annuity
1483 1787 38 75 or
1536 1787 84 75 rent.

1262 1854 52 75 By
1323 1854 186 75 theTables
1522 1854 55 75 the
1590 1854 129 75 amount
1729 1854 40 75 of
1774 1854 150 75 675.577
1936 1854 22 75 1-
1970 1854 21 75 ?
2011 1854 17 75 ^
2121 1854 22 75 a

1309 1901 52 75 for
1377 1901 45 75 20
1439 1901 104 75 years,
1568 1901 34 75 -ex
1619 1901 96 75 bper
1729 1901 85 75 cent,
1839 1901 26 75 is
1969 1901 20 75 j
2010 1883 40 49 2I
2050 1901 14 75 .

1414 1949 53 75 By
1477 1949 100 75 Prob.
1595 1949 34 75 2.
1657 1949 171 75 2166.6X
1840 1949 100 75 .06=
1953 1949 102 75 130.0
2071 1949 72 75 rent
2159 1949 139 75 fought..

1581 2067 66 75 III.
1675 2067 75 75 Life
1775 2067 191 75 Annuities.

1305 2149 60 75 Th
1372 2149 21 75 e
1409 2149 93 75 value
1521 2149 40 75 of
1575 2149 155 75 annuities
1747 2149 52 75 for
1810 2149 59 75 life
1878 2149 27 75 is
1914 2149 201 75 determined
2130 2149 84 75 from
2231 2149 58 75 ob-
2289 2131 8 49 ;

1263 2195 172 75 fervations
1453 2195 91 75 made
1565 2195 41 75 on
1623 2195 54 75 the
1695 2195 73 75 bills
1792 2195 40 75 of
1849 2195 178 75 mortality.
2087 2195 53 75 Dr
2156 2195 132 75 Halley,

1263 2240 58 75 Mr
1337 2240 159 75 Simpfon,
1522 2240 61 75 and
1606 2240 110 75 Monf.
1740 2240 41 75 de
1802 2240 142 75 Moivre,
1970 2240 52 75 are
2048 2240 180 75 gentlemen
2254 2240 45 75 of.

1263 2287 224 75 diftinguilhed
1511 2287 93 75 merit
1627 2287 34 75 in
1677 2287 205 75 calculations
1899 2287 43 75 of
1952 2287 64 75 this
2033 2287 90 75 kind.

1312 2333 53 75 Dr
1383 2333 119 75 Halley
1518 2333 65 75 had
1599 2333 144 75 recourfe
1766 2333 35 75 to
1828 2333 56 75 the
1910 2333 74 75 bills
2012 2333 43 75 of
2074 2333 167 75 mortality
2256 2333 35 75 at

1266 2380 160 75 Breflaw,.
1442 2380 55 75 the
1514 2380 115 75 capital
1645 2380 40 75 of
1698 2380 121 75 Silefia,
1844 2380 32 75 as
1902 2380 19 75 a
1946 2380 115 75 proper
2074 2380 147 75 ftandard
2236 2380 55 75 for

1267 2426 54 75 the
1335 2426 108 75 .tiier
1460 2426 85 75 parts
1562 2426 40 75 of
1612 2426 144 75 Europe,
1782 2426 92 75 being
1891 2426 17 75 a
1922 2426 89 75 place
2027 2426 117 75 pretty-
2155 2426 134 75 central,

1267 2472 32 75 at
1324 2472 19 75 a
1358 2472 139 75 diftance
1515 2472 84 75 from
1611 2472 59 75 the
1686 2472 62 75 fea,
1774 2472 62 75 and
1852 2472 56 75 not
1925 2472 94 75 much
2035 2472 151 75 crowded
2208 2472 82 75 with

1266 2519 176 75 traffickers
1474 2519 37 75 or
1542 2519 207 75 foreigners-..
1790 2519 53 75 He
1860 2519 121 75 pitches
1998 2519 86 75 upon
2112 2519 88 75 1000
2217 2519 71 75 per-

1265 2565 70 75 fons
1353 2565 42 75 all
1416 2565 78 75 born
1520 2565 33 75 in
1579 2565 61 75 one
1663 2565 90 75 year,
1778 2565 64 75 and
1864 2565 154 75 obferves-
2036 2565 76 75 how
2135 2565 95 75 many
2254 2565 41 75 of

1267 2612 86 75 thefe
1369 2612 84 75 were
1470 2612 80 75 alive
1566 2612 95 75 every
1678 2612 87 75 year,
1789 2612 84 75 from
1889 2612 85 75 their
1990 2612 87 75 birth
2101 2612 40 75 to-
2158 2612 55 75 the
2230 2612 58 75 ex-

1268 2657 130 75 tinftion
1422 2657 40 75 of
1479 2657 56 75 the
1558 2657 80 75 laft,.
1653 2657 63 75 and
1738 2657 227 75 confequently
1990 2657 76 75 how
2091 2657 96 75 many
2213 2657 80 75 died

1265 2704 78 75 each
1358 2704 89 75 year,
1472 2704 32 75 as
1522 2704 33 75 in
1570 2704 55 75 the
1640 2704 65 75 firft
1721 2704 40 75 of
1773 2704 54 75 the
1844 2704 169 75 following
2028 2704 118 75 tables;
2182 2704 106 75 which

1267 2754 25 75 is
1310 2754 79 75 well?
1399 2754 141 75 adapted
1551 2754 35 75 to
1601 2754 131 75 Europe
1747 2754 34 75 in
1797 2754 140 75 general.
1993 2754 68 75 But
2084 2754 32 75 in
2141 2754 56 75 the
2222 2754 70 75 city

1265 2797 40 75 of
1315 2797 153 75 London,
1494 2797 130 75 there-is
1641 2797 154 75 obferved
1810 2797 35 75 to
1856 2797 40 75 be
1913 2797 19 75 a
1946 2797 125 75 greater
2088 2797 152 75 difparity
2255 2797 35 75 in

1265 2843 54 75 the
1336 2843 101 75 births
1450 2843 62 75 and
1522 2843 118 75 burials
1652 2843 77 75 than
1739 2843 35 75 in
1786 2843 62 75 any
1859 2843 93 75 other
1968 2843 103 75 place,
2093 2843 105 75 owing
2214 2843 80 75 pro-

1264 2890 97 75 bably
1377 2890 34 75 to
1427 2890 55 75 the
1499 2890 63 75 vaft
1578 2890 100 75 refort
1694 2890 40 75 of
1745 2890 111 75 people
1873 2890 133 75 thither,
2034 2890 32 75 in
2088 2890 54 75 the
2165 2890 72 75 way
2253 2890 41 75 of

1263 2938 188 75 commerce,
1484 2938 84 75 from
1595 2938 42 75 all
1661 2938 86 75 parts
1772 2938 40 75 of
1831 2938 55 75 the
1909 2938 117 75 known
2053 2938 116 75 world.
2229 2938 60 75 Mr

1266 2986 158 75 Simpfon,
1449 2986 173 75 therefore,
1646 2986 32 75 ip
1695 2986 94 75 order
1805 2986 37 75 to
1856 2986 85 75 have
1954 2986 18 75 a
1987 2986 86 75 table
2083 2986 215 75 particularly..

2185 3035 118 75 faitedi
