<?xml version="1.0" encoding="UTF-8"?>
<alto xmlns="http://www.loc.gov/standards/alto/v3/alto.xsd"><Description><MeasurementUnit>pixel</MeasurementUnit><sourceImageInformation><fileName>./data/pdfs/c_188936619/i_144133901/188082693.23.pdf</fileName></sourceImageInformation><OCRProcessing ID="IdOcr"><ocrProcessingStep><processingDateTime>Fri Jul 12 10:39:10 2019
</processingDateTime><processingSoftware><softwareCreator>CONTRIBUTORS</softwareCreator><softwareName>pdfalto</softwareName><softwareVersion>0.1</softwareVersion></processingSoftware></ocrProcessingStep></OCRProcessing></Description><Styles><TextStyle ID="font0" FONTFAMILY="times" FONTSIZE="10.000" FONTTYPE="serif" FONTWIDTH="proportional" FONTCOLOR="#WWWWWW" FONTSTYLE=""/><TextStyle ID="font1" FONTFAMILY="times" FONTSIZE="6.500" FONTTYPE="serif" FONTWIDTH="proportional" FONTCOLOR="#WWWWWW" FONTSTYLE="superscript"/><TextStyle ID="font2" FONTFAMILY="times" FONTSIZE="6.500" FONTTYPE="serif" FONTWIDTH="proportional" FONTCOLOR="#WWWWWW" FONTSTYLE=""/></Styles><Layout><Page ID="Page822" PHYSICAL_IMG_NR="822" WIDTH="2477" HEIGHT="3395"><PrintSpace><TextLine WIDTH="243" HEIGHT="75" ID="p822_t1" HPOS="578" VPOS="194"><String ID="p822_w1" CONTENT="B" HPOS="578" VPOS="194" WIDTH="36" HEIGHT="75" STYLEREFS="font0"/><SP WIDTH="59" VPOS="194" HPOS="614"/><String ID="p822_w2" CONTENT="U" HPOS="673" VPOS="194" WIDTH="44" HEIGHT="75" STYLEREFS="font0"/><SP WIDTH="59" VPOS="194" HPOS="717"/><String ID="p822_w3" CONTENT="P-" HPOS="776" VPOS="194" WIDTH="45" HEIGHT="75" STYLEREFS="font0"/></TextLine><TextLine WIDTH="238" HEIGHT="75" ID="p822_t2" HPOS="1154" VPOS="194"><String ID="p822_w4" CONTENT="(" HPOS="1154" VPOS="194" WIDTH="19" HEIGHT="75" STYLEREFS="font0"/><SP WIDTH="60" VPOS="194" HPOS="1173"/><String ID="p822_w5" CONTENT="690" HPOS="1233" VPOS="194" WIDTH="82" HEIGHT="75" STYLEREFS="font0"/><SP WIDTH="60" VPOS="194" HPOS="1315"/><String ID="p822_w6" CONTENT=")" HPOS="1375" VPOS="194" WIDTH="17" HEIGHT="75" STYLEREFS="font0"/></TextLine><TextLine WIDTH="236" HEIGHT="75" ID="p822_t3" HPOS="1722" VPOS="194"><String ID="p822_w7" CONTENT="BUR" HPOS="1722" VPOS="194" WIDTH="236" HEIGHT="75" STYLEREFS="font0"/></TextLine><TextLine WIDTH="991" HEIGHT="75" ID="p822_t4" HPOS="250" VPOS="256"><String ID="p822_w8" CONTENT="more" HPOS="250" VPOS="256" WIDTH="87" HEIGHT="75" STYLEREFS="font0"/><SP WIDTH="28" VPOS="256" HPOS="337"/><String ID="p822_w9" CONTENT="wind." HPOS="365" VPOS="256" WIDTH="98" HEIGHT="75" STYLEREFS="font0"/><SP WIDTH="50" VPOS="256" HPOS="463"/><String ID="p822_w10" CONTENT="It" HPOS="513" VPOS="256" WIDTH="32" HEIGHT="75" STYLEREFS="font0"/><SP WIDTH="25" VPOS="256" HPOS="545"/><String ID="p822_w11" CONTENT="is" HPOS="570" VPOS="256" WIDTH="26" HEIGHT="75" STYLEREFS="font0"/><SP WIDTH="30" VPOS="256" HPOS="596"/><String ID="p822_w12" CONTENT="ufed" HPOS="626" VPOS="256" WIDTH="75" HEIGHT="75" STYLEREFS="font0"/><SP WIDTH="28" VPOS="256" HPOS="701"/><String ID="p822_w13" CONTENT="moftly" HPOS="729" VPOS="256" WIDTH="114" HEIGHT="75" STYLEREFS="font0"/><SP WIDTH="25" VPOS="256" HPOS="843"/><String ID="p822_w14" CONTENT="in" HPOS="868" VPOS="256" WIDTH="35" HEIGHT="75" STYLEREFS="font0"/><SP WIDTH="17" VPOS="256" HPOS="903"/><String ID="p822_w15" CONTENT="top-fails," HPOS="920" VPOS="256" WIDTH="157" HEIGHT="75" STYLEREFS="font0"/><SP WIDTH="32" VPOS="256" HPOS="1077"/><String ID="p822_w16" CONTENT="beeanfe" HPOS="1109" VPOS="256" WIDTH="132" HEIGHT="75" STYLEREFS="font0"/></TextLine><TextLine WIDTH="989" HEIGHT="75" ID="p822_t5" HPOS="250" VPOS="303"><String ID="p822_w17" CONTENT="courfes" HPOS="250" VPOS="303" WIDTH="123" HEIGHT="75" STYLEREFS="font0"/><SP WIDTH="18" VPOS="303" HPOS="373"/><String ID="p822_w18" CONTENT="are" HPOS="391" VPOS="303" WIDTH="54" HEIGHT="75" STYLEREFS="font0"/><SP WIDTH="16" VPOS="303" HPOS="445"/><String ID="p822_w19" CONTENT="generally" HPOS="461" VPOS="303" WIDTH="163" HEIGHT="75" STYLEREFS="font0"/><SP WIDTH="17" VPOS="303" HPOS="624"/><String ID="p822_w20" CONTENT="cut" HPOS="641" VPOS="303" WIDTH="53" HEIGHT="75" STYLEREFS="font0"/><SP WIDTH="17" VPOS="303" HPOS="694"/><String ID="p822_w21" CONTENT="fq-uare," HPOS="711" VPOS="303" WIDTH="125" HEIGHT="75" STYLEREFS="font0"/><SP WIDTH="27" VPOS="303" HPOS="836"/><String ID="p822_w22" CONTENT="or" HPOS="863" VPOS="303" WIDTH="39" HEIGHT="75" STYLEREFS="font0"/><SP WIDTH="16" VPOS="303" HPOS="902"/><String ID="p822_w23" CONTENT="with" HPOS="918" VPOS="303" WIDTH="77" HEIGHT="75" STYLEREFS="font0"/><SP WIDTH="19" VPOS="303" HPOS="995"/><String ID="p822_w24" CONTENT="but" HPOS="1014" VPOS="303" WIDTH="56" HEIGHT="75" STYLEREFS="font0"/><SP WIDTH="18" VPOS="303" HPOS="1070"/><String ID="p822_w25" CONTENT="fmall" HPOS="1088" VPOS="303" WIDTH="89" HEIGHT="75" STYLEREFS="font0"/><SP WIDTH="17" VPOS="303" HPOS="1177"/><String ID="p822_w26" CONTENT="al-" HPOS="1194" VPOS="303" WIDTH="45" HEIGHT="75" STYLEREFS="font0"/></TextLine><TextLine WIDTH="991" HEIGHT="75" ID="p822_t6" HPOS="249" VPOS="349"><String ID="p822_w27" CONTENT="lowance" HPOS="249" VPOS="349" WIDTH="141" HEIGHT="75" STYLEREFS="font0"/><SP WIDTH="17" VPOS="349" HPOS="390"/><String ID="p822_w28" CONTENT="for" HPOS="407" VPOS="349" WIDTH="51" HEIGHT="75" STYLEREFS="font0"/><SP WIDTH="19" VPOS="349" HPOS="458"/><String ID="p822_w29" CONTENT="bunt" HPOS="477" VPOS="349" WIDTH="77" HEIGHT="75" STYLEREFS="font0"/><SP WIDTH="27" VPOS="349" HPOS="554"/><String ID="p822_w30" CONTENT="or" HPOS="581" VPOS="349" WIDTH="37" HEIGHT="75" STYLEREFS="font0"/><SP WIDTH="25" VPOS="349" HPOS="618"/><String ID="p822_w31" CONTENT="compafs." HPOS="643" VPOS="349" WIDTH="154" HEIGHT="75" STYLEREFS="font0"/><SP WIDTH="48" VPOS="349" HPOS="797"/><String ID="p822_w32" CONTENT="The" HPOS="845" VPOS="349" WIDTH="78" HEIGHT="75" STYLEREFS="font0"/><SP WIDTH="16" VPOS="349" HPOS="923"/><String ID="p822_w33" CONTENT="bunt" HPOS="939" VPOS="349" WIDTH="78" HEIGHT="75" STYLEREFS="font0"/><SP WIDTH="16" VPOS="349" HPOS="1017"/><String ID="p822_w34" CONTENT="holds" HPOS="1033" VPOS="349" WIDTH="94" HEIGHT="75" STYLEREFS="font0"/><SP WIDTH="18" VPOS="349" HPOS="1127"/><String ID="p822_w35" CONTENT="much" HPOS="1145" VPOS="349" WIDTH="95" HEIGHT="75" STYLEREFS="font0"/></TextLine><TextLine WIDTH="893" HEIGHT="75" ID="p822_t7" HPOS="251" VPOS="396"><String ID="p822_w36" CONTENT="leeward" HPOS="251" VPOS="396" WIDTH="138" HEIGHT="75" STYLEREFS="font0"/><SP WIDTH="16" VPOS="396" HPOS="389"/><String ID="p822_w37" CONTENT="wind," HPOS="405" VPOS="396" WIDTH="99" HEIGHT="75" STYLEREFS="font0"/><SP WIDTH="26" VPOS="396" HPOS="504"/><String ID="p822_w38" CONTENT="that" HPOS="530" VPOS="396" WIDTH="70" HEIGHT="75" STYLEREFS="font0"/><SP WIDTH="11" VPOS="396" HPOS="600"/><String ID="p822_w39" CONTENT="is," HPOS="611" VPOS="396" WIDTH="39" HEIGHT="75" STYLEREFS="font0"/><SP WIDTH="26" VPOS="396" HPOS="650"/><String ID="p822_w40" CONTENT="it" HPOS="676" VPOS="396" WIDTH="25" HEIGHT="75" STYLEREFS="font0"/><SP WIDTH="16" VPOS="396" HPOS="701"/><String ID="p822_w41" CONTENT="hangs" HPOS="717" VPOS="396" WIDTH="100" HEIGHT="75" STYLEREFS="font0"/><SP WIDTH="14" VPOS="396" HPOS="817"/><String ID="p822_w42" CONTENT="much" HPOS="831" VPOS="396" WIDTH="95" HEIGHT="75" STYLEREFS="font0"/><SP WIDTH="17" VPOS="396" HPOS="926"/><String ID="p822_w43" CONTENT="to" HPOS="943" VPOS="396" WIDTH="35" HEIGHT="75" STYLEREFS="font0"/><SP WIDTH="16" VPOS="396" HPOS="978"/><String ID="p822_w44" CONTENT="leeward." HPOS="994" VPOS="396" WIDTH="150" HEIGHT="75" STYLEREFS="font0"/></TextLine><TextLine WIDTH="1042" HEIGHT="75" ID="p822_t8" HPOS="205" VPOS="444"><String ID="p822_w45" CONTENT="Bunt" HPOS="205" VPOS="444" WIDTH="112" HEIGHT="75" STYLEREFS="font0"/><SP WIDTH="23" VPOS="444" HPOS="317"/><String ID="p822_w46" CONTENT="lines" HPOS="340" VPOS="444" WIDTH="110" HEIGHT="75" STYLEREFS="font0"/><SP WIDTH="21" VPOS="444" HPOS="450"/><String ID="p822_w47" CONTENT="are" HPOS="471" VPOS="444" WIDTH="52" HEIGHT="75" STYLEREFS="font0"/><SP WIDTH="29" VPOS="444" HPOS="523"/><String ID="p822_w48" CONTENT="fmall" HPOS="552" VPOS="444" WIDTH="89" HEIGHT="75" STYLEREFS="font0"/><SP WIDTH="17" VPOS="444" HPOS="641"/><String ID="p822_w49" CONTENT="lines" HPOS="658" VPOS="444" WIDTH="79" HEIGHT="75" STYLEREFS="font0"/><SP WIDTH="18" VPOS="444" HPOS="737"/><String ID="p822_w50" CONTENT="made" HPOS="755" VPOS="444" WIDTH="93" HEIGHT="75" STYLEREFS="font0"/><SP WIDTH="17" VPOS="444" HPOS="848"/><String ID="p822_w51" CONTENT="faft" HPOS="865" VPOS="444" WIDTH="59" HEIGHT="75" STYLEREFS="font0"/><SP WIDTH="17" VPOS="444" HPOS="924"/><String ID="p822_w52" CONTENT="to" HPOS="941" VPOS="444" WIDTH="35" HEIGHT="75" STYLEREFS="font0"/><SP WIDTH="17" VPOS="444" HPOS="976"/><String ID="p822_w53" CONTENT="the" HPOS="993" VPOS="444" WIDTH="55" HEIGHT="75" STYLEREFS="font0"/><SP WIDTH="17" VPOS="444" HPOS="1048"/><String ID="p822_w54" CONTENT="bottom" HPOS="1065" VPOS="444" WIDTH="125" HEIGHT="75" STYLEREFS="font0"/><SP WIDTH="16" VPOS="444" HPOS="1190"/><String ID="p822_w55" CONTENT="of" HPOS="1206" VPOS="444" WIDTH="41" HEIGHT="75" STYLEREFS="font0"/></TextLine><TextLine WIDTH="989" HEIGHT="75" ID="p822_t9" HPOS="252" VPOS="489"><String ID="p822_w56" CONTENT="the" HPOS="252" VPOS="489" WIDTH="55" HEIGHT="75" STYLEREFS="font0"/><SP WIDTH="28" VPOS="489" HPOS="307"/><String ID="p822_w57" CONTENT="fails," HPOS="335" VPOS="489" WIDTH="84" HEIGHT="75" STYLEREFS="font0"/><SP WIDTH="26" VPOS="489" HPOS="419"/><String ID="p822_w58" CONTENT="in" HPOS="445" VPOS="489" WIDTH="33" HEIGHT="75" STYLEREFS="font0"/><SP WIDTH="27" VPOS="489" HPOS="478"/><String ID="p822_w59" CONTENT="the" HPOS="505" VPOS="489" WIDTH="56" HEIGHT="75" STYLEREFS="font0"/><SP WIDTH="28" VPOS="489" HPOS="561"/><String ID="p822_w60" CONTENT="middle" HPOS="589" VPOS="489" WIDTH="120" HEIGHT="75" STYLEREFS="font0"/><SP WIDTH="30" VPOS="489" HPOS="709"/><String ID="p822_w61" CONTENT="part" HPOS="739" VPOS="489" WIDTH="69" HEIGHT="75" STYLEREFS="font0"/><SP WIDTH="25" VPOS="489" HPOS="808"/><String ID="p822_w62" CONTENT="of" HPOS="833" VPOS="489" WIDTH="40" HEIGHT="75" STYLEREFS="font0"/><SP WIDTH="22" VPOS="489" HPOS="873"/><String ID="p822_w63" CONTENT="the" HPOS="895" VPOS="489" WIDTH="56" HEIGHT="75" STYLEREFS="font0"/><SP WIDTH="17" VPOS="489" HPOS="951"/><String ID="p822_w64" CONTENT="bolt-rope," HPOS="968" VPOS="489" WIDTH="176" HEIGHT="75" STYLEREFS="font0"/><SP WIDTH="26" VPOS="489" HPOS="1144"/><String ID="p822_w65" CONTENT="to" HPOS="1170" VPOS="489" WIDTH="35" HEIGHT="75" STYLEREFS="font0"/><SP WIDTH="18" VPOS="489" HPOS="1205"/><String ID="p822_w66" CONTENT="a" HPOS="1223" VPOS="489" WIDTH="18" HEIGHT="75" STYLEREFS="font0"/></TextLine><TextLine WIDTH="987" HEIGHT="75" ID="p822_t10" HPOS="251" VPOS="537"><String ID="p822_w67" CONTENT="cringle," HPOS="251" VPOS="537" WIDTH="133" HEIGHT="75" STYLEREFS="font0"/><SP WIDTH="26" VPOS="537" HPOS="384"/><String ID="p822_w68" CONTENT="and" HPOS="410" VPOS="537" WIDTH="62" HEIGHT="75" STYLEREFS="font0"/><SP WIDTH="17" VPOS="537" HPOS="472"/><String ID="p822_w69" CONTENT="fo" HPOS="489" VPOS="537" WIDTH="33" HEIGHT="75" STYLEREFS="font0"/><SP WIDTH="17" VPOS="537" HPOS="522"/><String ID="p822_w70" CONTENT="are" HPOS="539" VPOS="537" WIDTH="54" HEIGHT="75" STYLEREFS="font0"/><SP WIDTH="17" VPOS="537" HPOS="593"/><String ID="p822_w71" CONTENT="reeved" HPOS="610" VPOS="537" WIDTH="115" HEIGHT="75" STYLEREFS="font0"/><SP WIDTH="18" VPOS="537" HPOS="725"/><String ID="p822_w72" CONTENT="through" HPOS="743" VPOS="537" WIDTH="140" HEIGHT="75" STYLEREFS="font0"/><SP WIDTH="17" VPOS="537" HPOS="883"/><String ID="p822_w73" CONTENT="a" HPOS="900" VPOS="537" WIDTH="19" HEIGHT="75" STYLEREFS="font0"/><SP WIDTH="15" VPOS="537" HPOS="919"/><String ID="p822_w74" CONTENT="fmall" HPOS="934" VPOS="537" WIDTH="90" HEIGHT="75" STYLEREFS="font0"/><SP WIDTH="24" VPOS="537" HPOS="1024"/><String ID="p822_w75" CONTENT="block," HPOS="1048" VPOS="537" WIDTH="108" HEIGHT="75" STYLEREFS="font0"/><SP WIDTH="25" VPOS="537" HPOS="1156"/><String ID="p822_w76" CONTENT="fei-" HPOS="1181" VPOS="537" WIDTH="57" HEIGHT="75" STYLEREFS="font0"/></TextLine><TextLine WIDTH="993" HEIGHT="75" ID="p822_t11" HPOS="253" VPOS="583"><String ID="p822_w77" CONTENT="zed" HPOS="253" VPOS="583" WIDTH="60" HEIGHT="75" STYLEREFS="font0"/><SP WIDTH="19" VPOS="583" HPOS="313"/><String ID="p822_w78" CONTENT="to" HPOS="332" VPOS="583" WIDTH="33" HEIGHT="75" STYLEREFS="font0"/><SP WIDTH="17" VPOS="583" HPOS="365"/><String ID="p822_w79" CONTENT="the" HPOS="382" VPOS="583" WIDTH="55" HEIGHT="75" STYLEREFS="font0"/><SP WIDTH="16" VPOS="583" HPOS="437"/><String ID="p822_w80" CONTENT="yard." HPOS="453" VPOS="583" WIDTH="93" HEIGHT="75" STYLEREFS="font0"/><SP WIDTH="49" VPOS="583" HPOS="546"/><String ID="p822_w81" CONTENT="Their" HPOS="595" VPOS="583" WIDTH="107" HEIGHT="75" STYLEREFS="font0"/><SP WIDTH="15" VPOS="583" HPOS="702"/><String ID="p822_w82" CONTENT="ufe" HPOS="717" VPOS="583" WIDTH="53" HEIGHT="75" STYLEREFS="font0"/><SP WIDTH="17" VPOS="583" HPOS="770"/><String ID="p822_w83" CONTENT="is" HPOS="787" VPOS="583" WIDTH="26" HEIGHT="75" STYLEREFS="font0"/><SP WIDTH="18" VPOS="583" HPOS="813"/><String ID="p822_w84" CONTENT="to" HPOS="831" VPOS="583" WIDTH="35" HEIGHT="75" STYLEREFS="font0"/><SP WIDTH="17" VPOS="583" HPOS="866"/><String ID="p822_w85" CONTENT="trice" HPOS="883" VPOS="583" WIDTH="79" HEIGHT="75" STYLEREFS="font0"/><SP WIDTH="16" VPOS="583" HPOS="962"/><String ID="p822_w86" CONTENT="up" HPOS="978" VPOS="583" WIDTH="43" HEIGHT="75" STYLEREFS="font0"/><SP WIDTH="17" VPOS="583" HPOS="1021"/><String ID="p822_w87" CONTENT="the" HPOS="1038" VPOS="583" WIDTH="54" HEIGHT="75" STYLEREFS="font0"/><SP WIDTH="17" VPOS="583" HPOS="1092"/><String ID="p822_w88" CONTENT="bunt'" HPOS="1109" VPOS="583" WIDTH="83" HEIGHT="75" STYLEREFS="font0"/><SP WIDTH="13" VPOS="583" HPOS="1192"/><String ID="p822_w89" CONTENT="of" HPOS="1205" VPOS="583" WIDTH="41" HEIGHT="75" STYLEREFS="font0"/></TextLine><TextLine WIDTH="657" HEIGHT="75" ID="p822_t12" HPOS="252" VPOS="631"><String ID="p822_w90" CONTENT="the" HPOS="252" VPOS="631" WIDTH="55" HEIGHT="75" STYLEREFS="font0"/><SP WIDTH="15" VPOS="631" HPOS="307"/><String ID="p822_w91" CONTENT="fail," HPOS="322" VPOS="631" WIDTH="70" HEIGHT="75" STYLEREFS="font0"/><SP WIDTH="26" VPOS="631" HPOS="392"/><String ID="p822_w92" CONTENT="for" HPOS="418" VPOS="631" WIDTH="51" HEIGHT="75" STYLEREFS="font0"/><SP WIDTH="17" VPOS="631" HPOS="469"/><String ID="p822_w93" CONTENT="the" HPOS="486" VPOS="631" WIDTH="55" HEIGHT="75" STYLEREFS="font0"/><SP WIDTH="17" VPOS="631" HPOS="541"/><String ID="p822_w94" CONTENT="better" HPOS="558" VPOS="631" WIDTH="106" HEIGHT="75" STYLEREFS="font0"/><SP WIDTH="14" VPOS="631" HPOS="664"/><String ID="p822_w95" CONTENT="furling" HPOS="678" VPOS="631" WIDTH="119" HEIGHT="75" STYLEREFS="font0"/><SP WIDTH="15" VPOS="631" HPOS="797"/><String ID="p822_w96" CONTENT="it" HPOS="812" VPOS="631" WIDTH="26" HEIGHT="75" STYLEREFS="font0"/><SP WIDTH="16" VPOS="631" HPOS="838"/><String ID="p822_w97" CONTENT="up." HPOS="854" VPOS="631" WIDTH="55" HEIGHT="75" STYLEREFS="font0"/></TextLine><TextLine WIDTH="1036" HEIGHT="75" ID="p822_t13" HPOS="204" VPOS="678"><String ID="p822_w98" CONTENT="BUNTING," HPOS="204" VPOS="678" WIDTH="241" HEIGHT="75" STYLEREFS="font0"/><SP WIDTH="26" VPOS="678" HPOS="445"/><String ID="p822_w99" CONTENT="in" HPOS="471" VPOS="678" WIDTH="32" HEIGHT="75" STYLEREFS="font0"/><SP WIDTH="21" VPOS="678" HPOS="503"/><String ID="p822_w100" CONTENT="ornithology," HPOS="524" VPOS="678" WIDTH="220" HEIGHT="75" STYLEREFS="font0"/><SP WIDTH="26" VPOS="678" HPOS="744"/><String ID="p822_w101" CONTENT="the" HPOS="770" VPOS="678" WIDTH="54" HEIGHT="75" STYLEREFS="font0"/><SP WIDTH="12" VPOS="678" HPOS="824"/><String ID="p822_w102" CONTENT="Englilh" HPOS="836" VPOS="678" WIDTH="131" HEIGHT="75" STYLEREFS="font0"/><SP WIDTH="12" VPOS="678" HPOS="967"/><String ID="p822_w103" CONTENT="name" HPOS="979" VPOS="678" WIDTH="91" HEIGHT="75" STYLEREFS="font0"/><SP WIDTH="17" VPOS="678" HPOS="1070"/><String ID="p822_w104" CONTENT="of" HPOS="1087" VPOS="678" WIDTH="38" HEIGHT="75" STYLEREFS="font0"/><SP WIDTH="13" VPOS="678" HPOS="1125"/><String ID="p822_w105" CONTENT="a" HPOS="1138" VPOS="678" WIDTH="18" HEIGHT="75" STYLEREFS="font0"/><SP WIDTH="16" VPOS="678" HPOS="1156"/><String ID="p822_w106" CONTENT="fpe-" HPOS="1172" VPOS="678" WIDTH="68" HEIGHT="75" STYLEREFS="font0"/></TextLine><TextLine WIDTH="657" HEIGHT="75" ID="p822_t14" HPOS="252" VPOS="723"><String ID="p822_w107" CONTENT="cies" HPOS="252" VPOS="723" WIDTH="62" HEIGHT="75" STYLEREFS="font0"/><SP WIDTH="18" VPOS="723" HPOS="314"/><String ID="p822_w108" CONTENT="of" HPOS="332" VPOS="723" WIDTH="41" HEIGHT="75" STYLEREFS="font0"/><SP WIDTH="11" VPOS="723" HPOS="373"/><String ID="p822_w109" CONTENT="fringilla." HPOS="384" VPOS="723" WIDTH="151" HEIGHT="75" STYLEREFS="font0"/><SP WIDTH="52" VPOS="723" HPOS="535"/><String ID="p822_w110" CONTENT="See" HPOS="587" VPOS="723" WIDTH="62" HEIGHT="75" STYLEREFS="font0"/><SP WIDTH="23" VPOS="723" HPOS="649"/><String ID="p822_w111" CONTENT="Fringilla." HPOS="672" VPOS="723" WIDTH="237" HEIGHT="75" STYLEREFS="font0"/></TextLine><TextLine WIDTH="1035" HEIGHT="75" ID="p822_t15" HPOS="204" VPOS="770"><String ID="p822_w112" CONTENT="BUNTINGFORD," HPOS="204" VPOS="770" WIDTH="376" HEIGHT="75" STYLEREFS="font0"/><SP WIDTH="35" VPOS="770" HPOS="580"/><String ID="p822_w113" CONTENT="a" HPOS="615" VPOS="770" WIDTH="19" HEIGHT="75" STYLEREFS="font0"/><SP WIDTH="26" VPOS="770" HPOS="634"/><String ID="p822_w114" CONTENT="market" HPOS="660" VPOS="770" WIDTH="123" HEIGHT="75" STYLEREFS="font0"/><SP WIDTH="18" VPOS="770" HPOS="783"/><String ID="p822_w115" CONTENT="town" HPOS="801" VPOS="770" WIDTH="87" HEIGHT="75" STYLEREFS="font0"/><SP WIDTH="28" VPOS="770" HPOS="888"/><String ID="p822_w116" CONTENT="of" HPOS="916" VPOS="770" WIDTH="39" HEIGHT="75" STYLEREFS="font0"/><SP WIDTH="29" VPOS="770" HPOS="955"/><String ID="p822_w117" CONTENT="Hertfordlhire," HPOS="984" VPOS="770" WIDTH="255" HEIGHT="75" STYLEREFS="font0"/></TextLine><TextLine WIDTH="987" HEIGHT="75" ID="p822_t16" HPOS="253" VPOS="817"><String ID="p822_w118" CONTENT="about" HPOS="253" VPOS="817" WIDTH="96" HEIGHT="75" STYLEREFS="font0"/><SP WIDTH="18" VPOS="817" HPOS="349"/><String ID="p822_w119" CONTENT="twelve" HPOS="367" VPOS="817" WIDTH="114" HEIGHT="75" STYLEREFS="font0"/><SP WIDTH="28" VPOS="817" HPOS="481"/><String ID="p822_w120" CONTENT="miles" HPOS="509" VPOS="817" WIDTH="92" HEIGHT="75" STYLEREFS="font0"/><SP WIDTH="28" VPOS="817" HPOS="601"/><String ID="p822_w121" CONTENT="north" HPOS="629" VPOS="817" WIDTH="97" HEIGHT="75" STYLEREFS="font0"/><SP WIDTH="16" VPOS="817" HPOS="726"/><String ID="p822_w122" CONTENT="of" HPOS="742" VPOS="817" WIDTH="40" HEIGHT="75" STYLEREFS="font0"/><SP WIDTH="18" VPOS="817" HPOS="782"/><String ID="p822_w123" CONTENT="Hertford:" HPOS="800" VPOS="817" WIDTH="182" HEIGHT="75" STYLEREFS="font0"/><SP WIDTH="27" VPOS="817" HPOS="982"/><String ID="p822_w124" CONTENT="W." HPOS="1009" VPOS="817" WIDTH="62" HEIGHT="75" STYLEREFS="font0"/><SP WIDTH="17" VPOS="817" HPOS="1071"/><String ID="p822_w125" CONTENT="long." HPOS="1088" VPOS="817" WIDTH="88" HEIGHT="75" STYLEREFS="font0"/><SP WIDTH="21" VPOS="817" HPOS="1176"/><String ID="p822_w126" CONTENT="5'" HPOS="1197" VPOS="817" WIDTH="31" HEIGHT="75" STYLEREFS="font0"/><String ID="p822_w127" CONTENT="," HPOS="1228" VPOS="817" WIDTH="12" HEIGHT="75" STYLEREFS="font0"/></TextLine><TextLine WIDTH="379" HEIGHT="75" ID="p822_t17" HPOS="254" VPOS="864"><String ID="p822_w128" CONTENT="and" HPOS="254" VPOS="864" WIDTH="60" HEIGHT="75" STYLEREFS="font0"/><SP WIDTH="18" VPOS="864" HPOS="314"/><String ID="p822_w129" CONTENT="N." HPOS="332" VPOS="864" WIDTH="47" HEIGHT="75" STYLEREFS="font0"/><SP WIDTH="21" VPOS="864" HPOS="379"/><String ID="p822_w130" CONTENT="lat." HPOS="400" VPOS="864" WIDTH="59" HEIGHT="75" STYLEREFS="font0"/><SP WIDTH="21" VPOS="864" HPOS="459"/><String ID="p822_w131" CONTENT="51°" HPOS="480" VPOS="864" WIDTH="67" HEIGHT="75" STYLEREFS="font0"/><SP WIDTH="20" VPOS="864" HPOS="547"/><String ID="p822_w132" CONTENT="55'" HPOS="567" VPOS="864" WIDTH="54" HEIGHT="75" STYLEREFS="font0"/><String ID="p822_w133" CONTENT="." HPOS="621" VPOS="864" WIDTH="12" HEIGHT="75" STYLEREFS="font0"/></TextLine><TextLine WIDTH="1037" HEIGHT="75" ID="p822_t18" HPOS="205" VPOS="912"><String ID="p822_w134" CONTENT="BUNTZLAU," HPOS="205" VPOS="912" WIDTH="284" HEIGHT="75" STYLEREFS="font0"/><SP WIDTH="27" VPOS="912" HPOS="489"/><String ID="p822_w135" CONTENT="or" HPOS="516" VPOS="912" WIDTH="38" HEIGHT="75" STYLEREFS="font0"/><SP WIDTH="28" VPOS="912" HPOS="554"/><String ID="p822_w136" CONTENT="Buntzel," HPOS="582" VPOS="912" WIDTH="206" HEIGHT="75" STYLEREFS="font0"/><SP WIDTH="25" VPOS="912" HPOS="788"/><String ID="p822_w137" CONTENT="the" HPOS="813" VPOS="912" WIDTH="55" HEIGHT="75" STYLEREFS="font0"/><SP WIDTH="17" VPOS="912" HPOS="868"/><String ID="p822_w138" CONTENT="name" HPOS="885" VPOS="912" WIDTH="90" HEIGHT="75" STYLEREFS="font0"/><SP WIDTH="17" VPOS="912" HPOS="975"/><String ID="p822_w139" CONTENT="of" HPOS="992" VPOS="912" WIDTH="40" HEIGHT="75" STYLEREFS="font0"/><SP WIDTH="22" VPOS="912" HPOS="1032"/><String ID="p822_w140" CONTENT="two" HPOS="1054" VPOS="912" WIDTH="66" HEIGHT="75" STYLEREFS="font0"/><SP WIDTH="17" VPOS="912" HPOS="1120"/><String ID="p822_w141" CONTENT="towns" HPOS="1137" VPOS="912" WIDTH="105" HEIGHT="75" STYLEREFS="font0"/></TextLine><TextLine WIDTH="990" HEIGHT="75" ID="p822_t19" HPOS="252" VPOS="957"><String ID="p822_w142" CONTENT="in" HPOS="252" VPOS="957" WIDTH="31" HEIGHT="75" STYLEREFS="font0"/><SP WIDTH="29" VPOS="957" HPOS="283"/><String ID="p822_w143" CONTENT="Germany:" HPOS="312" VPOS="957" WIDTH="187" HEIGHT="75" STYLEREFS="font0"/><SP WIDTH="29" VPOS="957" HPOS="499"/><String ID="p822_w144" CONTENT="the" HPOS="528" VPOS="957" WIDTH="56" HEIGHT="75" STYLEREFS="font0"/><SP WIDTH="25" VPOS="957" HPOS="584"/><String ID="p822_w145" CONTENT="old" HPOS="609" VPOS="957" WIDTH="57" HEIGHT="75" STYLEREFS="font0"/><SP WIDTH="28" VPOS="957" HPOS="666"/><String ID="p822_w146" CONTENT="town" HPOS="694" VPOS="957" WIDTH="87" HEIGHT="75" STYLEREFS="font0"/><SP WIDTH="24" VPOS="957" HPOS="781"/><String ID="p822_w147" CONTENT="is" HPOS="805" VPOS="957" WIDTH="27" HEIGHT="75" STYLEREFS="font0"/><SP WIDTH="26" VPOS="957" HPOS="832"/><String ID="p822_w148" CONTENT="fituated" HPOS="858" VPOS="957" WIDTH="135" HEIGHT="75" STYLEREFS="font0"/><SP WIDTH="27" VPOS="957" HPOS="993"/><String ID="p822_w149" CONTENT="on" HPOS="1020" VPOS="957" WIDTH="41" HEIGHT="75" STYLEREFS="font0"/><SP WIDTH="25" VPOS="957" HPOS="1061"/><String ID="p822_w150" CONTENT="the" HPOS="1086" VPOS="957" WIDTH="55" HEIGHT="75" STYLEREFS="font0"/><SP WIDTH="17" VPOS="957" HPOS="1141"/><String ID="p822_w151" CONTENT="river" HPOS="1158" VPOS="957" WIDTH="84" HEIGHT="75" STYLEREFS="font0"/></TextLine><TextLine WIDTH="988" HEIGHT="75" ID="p822_t20" HPOS="252" VPOS="1004"><String ID="p822_w152" CONTENT="Elbe," HPOS="252" VPOS="1004" WIDTH="96" HEIGHT="75" STYLEREFS="font0"/><SP WIDTH="26" VPOS="1004" HPOS="348"/><String ID="p822_w153" CONTENT="and" HPOS="374" VPOS="1004" WIDTH="62" HEIGHT="75" STYLEREFS="font0"/><SP WIDTH="17" VPOS="1004" HPOS="436"/><String ID="p822_w154" CONTENT="new" HPOS="453" VPOS="1004" WIDTH="70" HEIGHT="75" STYLEREFS="font0"/><SP WIDTH="17" VPOS="1004" HPOS="523"/><String ID="p822_w155" CONTENT="town," HPOS="540" VPOS="1004" WIDTH="99" HEIGHT="75" STYLEREFS="font0"/><SP WIDTH="26" VPOS="1004" HPOS="639"/><String ID="p822_w156" CONTENT="which" HPOS="665" VPOS="1004" WIDTH="106" HEIGHT="75" STYLEREFS="font0"/><SP WIDTH="13" VPOS="1004" HPOS="771"/><String ID="p822_w157" CONTENT="is" HPOS="784" VPOS="1004" WIDTH="26" HEIGHT="75" STYLEREFS="font0"/><SP WIDTH="16" VPOS="1004" HPOS="810"/><String ID="p822_w158" CONTENT="become" HPOS="826" VPOS="1004" WIDTH="132" HEIGHT="75" STYLEREFS="font0"/><SP WIDTH="17" VPOS="1004" HPOS="958"/><String ID="p822_w159" CONTENT="the" HPOS="975" VPOS="1004" WIDTH="55" HEIGHT="75" STYLEREFS="font0"/><SP WIDTH="16" VPOS="1004" HPOS="1030"/><String ID="p822_w160" CONTENT="moft" HPOS="1046" VPOS="1004" WIDTH="80" HEIGHT="75" STYLEREFS="font0"/><SP WIDTH="16" VPOS="1004" HPOS="1126"/><String ID="p822_w161" CONTENT="confi-" HPOS="1142" VPOS="1004" WIDTH="98" HEIGHT="75" STYLEREFS="font0"/></TextLine><TextLine WIDTH="988" HEIGHT="75" ID="p822_t21" HPOS="252" VPOS="1052"><String ID="p822_w162" CONTENT="derable," HPOS="252" VPOS="1052" WIDTH="142" HEIGHT="75" STYLEREFS="font0"/><SP WIDTH="26" VPOS="1052" HPOS="394"/><String ID="p822_w163" CONTENT="upon" HPOS="420" VPOS="1052" WIDTH="84" HEIGHT="75" STYLEREFS="font0"/><SP WIDTH="17" VPOS="1052" HPOS="504"/><String ID="p822_w164" CONTENT="the" HPOS="521" VPOS="1052" WIDTH="56" HEIGHT="75" STYLEREFS="font0"/><SP WIDTH="15" VPOS="1052" HPOS="577"/><String ID="p822_w165" CONTENT="Gizare," HPOS="592" VPOS="1052" WIDTH="137" HEIGHT="75" STYLEREFS="font0"/><SP WIDTH="25" VPOS="1052" HPOS="729"/><String ID="p822_w166" CONTENT="eight" HPOS="754" VPOS="1052" WIDTH="88" HEIGHT="75" STYLEREFS="font0"/><SP WIDTH="12" VPOS="1052" HPOS="842"/><String ID="p822_w167" CONTENT="leagues" HPOS="854" VPOS="1052" WIDTH="127" HEIGHT="75" STYLEREFS="font0"/><SP WIDTH="13" VPOS="1052" HPOS="981"/><String ID="p822_w168" CONTENT="from" HPOS="994" VPOS="1052" WIDTH="84" HEIGHT="75" STYLEREFS="font0"/><SP WIDTH="14" VPOS="1052" HPOS="1078"/><String ID="p822_w169" CONTENT="Lignitz," HPOS="1092" VPOS="1052" WIDTH="148" HEIGHT="75" STYLEREFS="font0"/></TextLine><TextLine WIDTH="990" HEIGHT="75" ID="p822_t22" HPOS="252" VPOS="1079"><String ID="p822_w170" CONTENT="in" HPOS="252" VPOS="1097" WIDTH="32" HEIGHT="75" STYLEREFS="font0"/><SP WIDTH="23" VPOS="1097" HPOS="284"/><String ID="p822_w171" CONTENT="16°" HPOS="307" VPOS="1097" WIDTH="57" HEIGHT="75" STYLEREFS="font0"/><SP WIDTH="20" VPOS="1097" HPOS="364"/><String ID="p822_w172" CONTENT="26'" HPOS="384" VPOS="1097" WIDTH="54" HEIGHT="75" STYLEREFS="font0"/><SP WIDTH="17" VPOS="1097" HPOS="438"/><String ID="p822_w173" CONTENT="E." HPOS="455" VPOS="1097" WIDTH="44" HEIGHT="75" STYLEREFS="font0"/><SP WIDTH="17" VPOS="1097" HPOS="499"/><String ID="p822_w174" CONTENT="long," HPOS="516" VPOS="1097" WIDTH="89" HEIGHT="75" STYLEREFS="font0"/><SP WIDTH="19" VPOS="1097" HPOS="605"/><String ID="p822_w175" CONTENT="and" HPOS="624" VPOS="1097" WIDTH="63" HEIGHT="75" STYLEREFS="font0"/><SP WIDTH="20" VPOS="1097" HPOS="687"/><String ID="p822_w176" CONTENT="51" HPOS="707" VPOS="1097" WIDTH="37" HEIGHT="75" STYLEREFS="font0"/><String ID="p822_w177" CONTENT="0" HPOS="744" VPOS="1079" WIDTH="26" HEIGHT="49" STYLEREFS="font1"/><SP WIDTH="25" VPOS="1079" HPOS="770"/><String ID="p822_w178" CONTENT="\2" HPOS="795" VPOS="1097" WIDTH="37" HEIGHT="75" STYLEREFS="font0"/><SP WIDTH="36" VPOS="1097" HPOS="832"/><String ID="p822_w179" CONTENT="N." HPOS="868" VPOS="1097" WIDTH="47" HEIGHT="75" STYLEREFS="font0"/><SP WIDTH="19" VPOS="1097" HPOS="915"/><String ID="p822_w180" CONTENT="latitude." HPOS="934" VPOS="1097" WIDTH="147" HEIGHT="75" STYLEREFS="font0"/><SP WIDTH="48" VPOS="1097" HPOS="1081"/><String ID="p822_w181" CONTENT="There" HPOS="1129" VPOS="1097" WIDTH="113" HEIGHT="75" STYLEREFS="font0"/></TextLine><TextLine WIDTH="738" HEIGHT="75" ID="p822_t23" HPOS="253" VPOS="1145"><String ID="p822_w182" CONTENT="is" HPOS="253" VPOS="1145" WIDTH="27" HEIGHT="75" STYLEREFS="font0"/><SP WIDTH="12" VPOS="1145" HPOS="280"/><String ID="p822_w183" CONTENT="likewife" HPOS="292" VPOS="1145" WIDTH="140" HEIGHT="75" STYLEREFS="font0"/><SP WIDTH="12" VPOS="1145" HPOS="432"/><String ID="p822_w184" CONTENT="a" HPOS="444" VPOS="1145" WIDTH="18" HEIGHT="75" STYLEREFS="font0"/><SP WIDTH="13" VPOS="1145" HPOS="462"/><String ID="p822_w185" CONTENT="town" HPOS="475" VPOS="1145" WIDTH="86" HEIGHT="75" STYLEREFS="font0"/><SP WIDTH="15" VPOS="1145" HPOS="561"/><String ID="p822_w186" CONTENT="of" HPOS="576" VPOS="1145" WIDTH="40" HEIGHT="75" STYLEREFS="font0"/><SP WIDTH="13" VPOS="1145" HPOS="616"/><String ID="p822_w187" CONTENT="that" HPOS="629" VPOS="1145" WIDTH="71" HEIGHT="75" STYLEREFS="font0"/><SP WIDTH="14" VPOS="1145" HPOS="700"/><String ID="p822_w188" CONTENT="name" HPOS="714" VPOS="1145" WIDTH="91" HEIGHT="75" STYLEREFS="font0"/><SP WIDTH="17" VPOS="1145" HPOS="805"/><String ID="p822_w189" CONTENT="in" HPOS="822" VPOS="1145" WIDTH="31" HEIGHT="75" STYLEREFS="font0"/><SP WIDTH="19" VPOS="1145" HPOS="853"/><String ID="p822_w190" CONTENT="Silefia." HPOS="872" VPOS="1145" WIDTH="119" HEIGHT="75" STYLEREFS="font0"/></TextLine><TextLine WIDTH="1036" HEIGHT="75" ID="p822_t24" HPOS="205" VPOS="1193"><String ID="p822_w191" CONTENT="BUONO," HPOS="205" VPOS="1193" WIDTH="184" HEIGHT="75" STYLEREFS="font0"/><SP WIDTH="25" VPOS="1193" HPOS="389"/><String ID="p822_w192" CONTENT="as" HPOS="414" VPOS="1193" WIDTH="33" HEIGHT="75" STYLEREFS="font0"/><SP WIDTH="31" VPOS="1193" HPOS="447"/><String ID="p822_w193" CONTENT="tempo-buono," HPOS="478" VPOS="1193" WIDTH="298" HEIGHT="75" STYLEREFS="font0"/><SP WIDTH="26" VPOS="1193" HPOS="776"/><String ID="p822_w194" CONTENT="in" HPOS="802" VPOS="1193" WIDTH="31" HEIGHT="75" STYLEREFS="font0"/><SP WIDTH="25" VPOS="1193" HPOS="833"/><String ID="p822_w195" CONTENT="mufic," HPOS="858" VPOS="1193" WIDTH="106" HEIGHT="75" STYLEREFS="font0"/><SP WIDTH="26" VPOS="1193" HPOS="964"/><String ID="p822_w196" CONTENT="fignifies" HPOS="990" VPOS="1193" WIDTH="131" HEIGHT="75" STYLEREFS="font0"/><SP WIDTH="18" VPOS="1193" HPOS="1121"/><String ID="p822_w197" CONTENT="a" HPOS="1139" VPOS="1193" WIDTH="18" HEIGHT="75" STYLEREFS="font0"/><SP WIDTH="16" VPOS="1193" HPOS="1157"/><String ID="p822_w198" CONTENT="cer-" HPOS="1173" VPOS="1193" WIDTH="68" HEIGHT="75" STYLEREFS="font0"/></TextLine><TextLine WIDTH="987" HEIGHT="75" ID="p822_t25" HPOS="253" VPOS="1238"><String ID="p822_w199" CONTENT="tain" HPOS="253" VPOS="1238" WIDTH="64" HEIGHT="75" STYLEREFS="font0"/><SP WIDTH="16" VPOS="1238" HPOS="317"/><String ID="p822_w200" CONTENT="time" HPOS="333" VPOS="1238" WIDTH="78" HEIGHT="75" STYLEREFS="font0"/><SP WIDTH="15" VPOS="1238" HPOS="411"/><String ID="p822_w201" CONTENT="or" HPOS="426" VPOS="1238" WIDTH="39" HEIGHT="75" STYLEREFS="font0"/><SP WIDTH="15" VPOS="1238" HPOS="465"/><String ID="p822_w202" CONTENT="part" HPOS="480" VPOS="1238" WIDTH="72" HEIGHT="75" STYLEREFS="font0"/><SP WIDTH="15" VPOS="1238" HPOS="552"/><String ID="p822_w203" CONTENT="of" HPOS="567" VPOS="1238" WIDTH="41" HEIGHT="75" STYLEREFS="font0"/><SP WIDTH="18" VPOS="1238" HPOS="608"/><String ID="p822_w204" CONTENT="the" HPOS="626" VPOS="1238" WIDTH="55" HEIGHT="75" STYLEREFS="font0"/><SP WIDTH="17" VPOS="1238" HPOS="681"/><String ID="p822_w205" CONTENT="meafure," HPOS="698" VPOS="1238" WIDTH="154" HEIGHT="75" STYLEREFS="font0"/><SP WIDTH="25" VPOS="1238" HPOS="852"/><String ID="p822_w206" CONTENT="more" HPOS="877" VPOS="1238" WIDTH="88" HEIGHT="75" STYLEREFS="font0"/><SP WIDTH="14" VPOS="1238" HPOS="965"/><String ID="p822_w207" CONTENT="proper" HPOS="979" VPOS="1238" WIDTH="114" HEIGHT="75" STYLEREFS="font0"/><SP WIDTH="16" VPOS="1238" HPOS="1093"/><String ID="p822_w208" CONTENT="for" HPOS="1109" VPOS="1238" WIDTH="51" HEIGHT="75" STYLEREFS="font0"/><SP WIDTH="12" VPOS="1238" HPOS="1160"/><String ID="p822_w209" CONTENT="cer-" HPOS="1172" VPOS="1238" WIDTH="68" HEIGHT="75" STYLEREFS="font0"/></TextLine><TextLine WIDTH="986" HEIGHT="75" ID="p822_t26" HPOS="255" VPOS="1285"><String ID="p822_w210" CONTENT="tain" HPOS="255" VPOS="1285" WIDTH="64" HEIGHT="75" STYLEREFS="font0"/><SP WIDTH="29" VPOS="1285" HPOS="319"/><String ID="p822_w211" CONTENT="things" HPOS="348" VPOS="1285" WIDTH="108" HEIGHT="75" STYLEREFS="font0"/><SP WIDTH="29" VPOS="1285" HPOS="456"/><String ID="p822_w212" CONTENT="than" HPOS="485" VPOS="1285" WIDTH="76" HEIGHT="75" STYLEREFS="font0"/><SP WIDTH="30" VPOS="1285" HPOS="561"/><String ID="p822_w213" CONTENT="any" HPOS="591" VPOS="1285" WIDTH="60" HEIGHT="75" STYLEREFS="font0"/><SP WIDTH="29" VPOS="1285" HPOS="651"/><String ID="p822_w214" CONTENT="other," HPOS="680" VPOS="1285" WIDTH="106" HEIGHT="75" STYLEREFS="font0"/><SP WIDTH="25" VPOS="1285" HPOS="786"/><String ID="p822_w215" CONTENT="as" HPOS="811" VPOS="1285" WIDTH="37" HEIGHT="75" STYLEREFS="font0"/><SP WIDTH="26" VPOS="1285" HPOS="848"/><String ID="p822_w216" CONTENT="to" HPOS="874" VPOS="1285" WIDTH="35" HEIGHT="75" STYLEREFS="font0"/><SP WIDTH="27" VPOS="1285" HPOS="909"/><String ID="p822_w217" CONTENT="end" HPOS="936" VPOS="1285" WIDTH="61" HEIGHT="75" STYLEREFS="font0"/><SP WIDTH="19" VPOS="1285" HPOS="997"/><String ID="p822_w218" CONTENT="a" HPOS="1016" VPOS="1285" WIDTH="17" HEIGHT="75" STYLEREFS="font0"/><SP WIDTH="17" VPOS="1285" HPOS="1033"/><String ID="p822_w219" CONTENT="cadence" HPOS="1050" VPOS="1285" WIDTH="136" HEIGHT="75" STYLEREFS="font0"/><SP WIDTH="17" VPOS="1285" HPOS="1186"/><String ID="p822_w220" CONTENT="or" HPOS="1203" VPOS="1285" WIDTH="38" HEIGHT="75" STYLEREFS="font0"/></TextLine><TextLine WIDTH="988" HEIGHT="75" ID="p822_t27" HPOS="253" VPOS="1332"><String ID="p822_w221" CONTENT="paufe," HPOS="253" VPOS="1332" WIDTH="104" HEIGHT="75" STYLEREFS="font0"/><SP WIDTH="26" VPOS="1332" HPOS="357"/><String ID="p822_w222" CONTENT="to" HPOS="383" VPOS="1332" WIDTH="35" HEIGHT="75" STYLEREFS="font0"/><SP WIDTH="17" VPOS="1332" HPOS="418"/><String ID="p822_w223" CONTENT="place" HPOS="435" VPOS="1332" WIDTH="89" HEIGHT="75" STYLEREFS="font0"/><SP WIDTH="17" VPOS="1332" HPOS="524"/><String ID="p822_w224" CONTENT="a" HPOS="541" VPOS="1332" WIDTH="18" HEIGHT="75" STYLEREFS="font0"/><SP WIDTH="16" VPOS="1332" HPOS="559"/><String ID="p822_w225" CONTENT="long" HPOS="575" VPOS="1332" WIDTH="76" HEIGHT="75" STYLEREFS="font0"/><SP WIDTH="24" VPOS="1332" HPOS="651"/><String ID="p822_w226" CONTENT="fyllable" HPOS="675" VPOS="1332" WIDTH="130" HEIGHT="75" STYLEREFS="font0"/><SP WIDTH="17" VPOS="1332" HPOS="805"/><String ID="p822_w227" CONTENT="or" HPOS="822" VPOS="1332" WIDTH="37" HEIGHT="75" STYLEREFS="font0"/><SP WIDTH="16" VPOS="1332" HPOS="859"/><String ID="p822_w228" CONTENT="fyncoped" HPOS="875" VPOS="1332" WIDTH="159" HEIGHT="75" STYLEREFS="font0"/><SP WIDTH="15" VPOS="1332" HPOS="1034"/><String ID="p822_w229" CONTENT="dilfonance," HPOS="1049" VPOS="1332" WIDTH="192" HEIGHT="75" STYLEREFS="font0"/></TextLine><TextLine WIDTH="986" HEIGHT="75" ID="p822_t28" HPOS="253" VPOS="1378"><String ID="p822_w230" CONTENT="concord," HPOS="253" VPOS="1378" WIDTH="152" HEIGHT="75" STYLEREFS="font0"/><SP WIDTH="27" VPOS="1378" HPOS="405"/><String ID="p822_w231" CONTENT="fac." HPOS="432" VPOS="1378" WIDTH="64" HEIGHT="75" STYLEREFS="font0"/><SP WIDTH="50" VPOS="1378" HPOS="496"/><String ID="p822_w232" CONTENT="In" HPOS="546" VPOS="1378" WIDTH="38" HEIGHT="75" STYLEREFS="font0"/><SP WIDTH="18" VPOS="1378" HPOS="584"/><String ID="p822_w233" CONTENT="common" HPOS="602" VPOS="1378" WIDTH="147" HEIGHT="75" STYLEREFS="font0"/><SP WIDTH="14" VPOS="1378" HPOS="749"/><String ID="p822_w234" CONTENT="time" HPOS="763" VPOS="1378" WIDTH="76" HEIGHT="75" STYLEREFS="font0"/><SP WIDTH="12" VPOS="1378" HPOS="839"/><String ID="p822_w235" CONTENT="of" HPOS="851" VPOS="1378" WIDTH="39" HEIGHT="75" STYLEREFS="font0"/><SP WIDTH="12" VPOS="1378" HPOS="890"/><String ID="p822_w236" CONTENT="four" HPOS="902" VPOS="1378" WIDTH="73" HEIGHT="75" STYLEREFS="font0"/><SP WIDTH="13" VPOS="1378" HPOS="975"/><String ID="p822_w237" CONTENT="times" HPOS="988" VPOS="1378" WIDTH="92" HEIGHT="75" STYLEREFS="font0"/><SP WIDTH="12" VPOS="1378" HPOS="1080"/><String ID="p822_w238" CONTENT="to" HPOS="1092" VPOS="1378" WIDTH="34" HEIGHT="75" STYLEREFS="font0"/><SP WIDTH="14" VPOS="1378" HPOS="1126"/><String ID="p822_w239" CONTENT="a" HPOS="1140" VPOS="1378" WIDTH="17" HEIGHT="75" STYLEREFS="font0"/><SP WIDTH="13" VPOS="1378" HPOS="1157"/><String ID="p822_w240" CONTENT="bar," HPOS="1170" VPOS="1378" WIDTH="69" HEIGHT="75" STYLEREFS="font0"/></TextLine><TextLine WIDTH="985" HEIGHT="75" ID="p822_t29" HPOS="254" VPOS="1424"><String ID="p822_w241" CONTENT="the" HPOS="254" VPOS="1424" WIDTH="55" HEIGHT="75" STYLEREFS="font0"/><SP WIDTH="14" VPOS="1424" HPOS="309"/><String ID="p822_w242" CONTENT="fir" HPOS="323" VPOS="1424" WIDTH="41" HEIGHT="75" STYLEREFS="font0"/><SP WIDTH="2" VPOS="1424" HPOS="364"/><String ID="p822_w243" CONTENT="ft" HPOS="366" VPOS="1424" WIDTH="23" HEIGHT="75" STYLEREFS="font0"/><SP WIDTH="17" VPOS="1424" HPOS="389"/><String ID="p822_w244" CONTENT="and" HPOS="406" VPOS="1424" WIDTH="62" HEIGHT="75" STYLEREFS="font0"/><SP WIDTH="15" VPOS="1424" HPOS="468"/><String ID="p822_w245" CONTENT="third" HPOS="483" VPOS="1424" WIDTH="89" HEIGHT="75" STYLEREFS="font0"/><SP WIDTH="17" VPOS="1424" HPOS="572"/><String ID="p822_w246" CONTENT="is" HPOS="589" VPOS="1424" WIDTH="26" HEIGHT="75" STYLEREFS="font0"/><SP WIDTH="29" VPOS="1424" HPOS="615"/><String ID="p822_w247" CONTENT="one" HPOS="644" VPOS="1424" WIDTH="60" HEIGHT="75" STYLEREFS="font0"/><SP WIDTH="21" VPOS="1424" HPOS="704"/><String ID="p822_w248" CONTENT="buono" HPOS="725" VPOS="1424" WIDTH="107" HEIGHT="75" STYLEREFS="font0"/><SP WIDTH="22" VPOS="1424" HPOS="832"/><String ID="p822_w249" CONTENT="tempo," HPOS="854" VPOS="1424" WIDTH="121" HEIGHT="75" STYLEREFS="font0"/><SP WIDTH="26" VPOS="1424" HPOS="975"/><String ID="p822_w250" CONTENT="as" HPOS="1001" VPOS="1424" WIDTH="33" HEIGHT="75" STYLEREFS="font0"/><SP WIDTH="18" VPOS="1424" HPOS="1034"/><String ID="p822_w251" CONTENT="the" HPOS="1052" VPOS="1424" WIDTH="56" HEIGHT="75" STYLEREFS="font0"/><SP WIDTH="16" VPOS="1424" HPOS="1108"/><String ID="p822_w252" CONTENT="fecond" HPOS="1124" VPOS="1424" WIDTH="115" HEIGHT="75" STYLEREFS="font0"/></TextLine><TextLine WIDTH="644" HEIGHT="75" ID="p822_t30" HPOS="255" VPOS="1472"><String ID="p822_w253" CONTENT="and" HPOS="255" VPOS="1472" WIDTH="62" HEIGHT="75" STYLEREFS="font0"/><SP WIDTH="12" VPOS="1472" HPOS="317"/><String ID="p822_w254" CONTENT="laft" HPOS="329" VPOS="1472" WIDTH="56" HEIGHT="75" STYLEREFS="font0"/><SP WIDTH="17" VPOS="1472" HPOS="385"/><String ID="p822_w255" CONTENT="are" HPOS="402" VPOS="1472" WIDTH="53" HEIGHT="75" STYLEREFS="font0"/><SP WIDTH="17" VPOS="1472" HPOS="455"/><String ID="p822_w256" CONTENT="called" HPOS="472" VPOS="1472" WIDTH="102" HEIGHT="75" STYLEREFS="font0"/><SP WIDTH="16" VPOS="1472" HPOS="574"/><String ID="p822_w257" CONTENT="tempo" HPOS="590" VPOS="1472" WIDTH="101" HEIGHT="75" STYLEREFS="font0"/><SP WIDTH="17" VPOS="1472" HPOS="691"/><String ID="p822_w258" CONTENT="di" HPOS="708" VPOS="1472" WIDTH="34" HEIGHT="75" STYLEREFS="font0"/><SP WIDTH="16" VPOS="1472" HPOS="742"/><String ID="p822_w259" CONTENT="cattiya." HPOS="758" VPOS="1472" WIDTH="141" HEIGHT="75" STYLEREFS="font0"/></TextLine><TextLine WIDTH="1035" HEIGHT="75" ID="p822_t31" HPOS="207" VPOS="1520"><String ID="p822_w260" CONTENT="BUOY," HPOS="207" VPOS="1520" WIDTH="144" HEIGHT="75" STYLEREFS="font0"/><SP WIDTH="27" VPOS="1520" HPOS="351"/><String ID="p822_w261" CONTENT="at" HPOS="378" VPOS="1520" WIDTH="32" HEIGHT="75" STYLEREFS="font0"/><SP WIDTH="16" VPOS="1520" HPOS="410"/><String ID="p822_w262" CONTENT="fea," HPOS="426" VPOS="1520" WIDTH="64" HEIGHT="75" STYLEREFS="font0"/><SP WIDTH="25" VPOS="1520" HPOS="490"/><String ID="p822_w263" CONTENT="a" HPOS="515" VPOS="1520" WIDTH="19" HEIGHT="75" STYLEREFS="font0"/><SP WIDTH="16" VPOS="1520" HPOS="534"/><String ID="p822_w264" CONTENT="Ihort" HPOS="550" VPOS="1520" WIDTH="85" HEIGHT="75" STYLEREFS="font0"/><SP WIDTH="11" VPOS="1520" HPOS="635"/><String ID="p822_w265" CONTENT="piece" HPOS="646" VPOS="1520" WIDTH="88" HEIGHT="75" STYLEREFS="font0"/><SP WIDTH="13" VPOS="1520" HPOS="734"/><String ID="p822_w266" CONTENT="of" HPOS="747" VPOS="1520" WIDTH="39" HEIGHT="75" STYLEREFS="font0"/><SP WIDTH="12" VPOS="1520" HPOS="786"/><String ID="p822_w267" CONTENT="wood," HPOS="798" VPOS="1520" WIDTH="106" HEIGHT="75" STYLEREFS="font0"/><SP WIDTH="26" VPOS="1520" HPOS="904"/><String ID="p822_w268" CONTENT="or" HPOS="930" VPOS="1520" WIDTH="37" HEIGHT="75" STYLEREFS="font0"/><SP WIDTH="13" VPOS="1520" HPOS="967"/><String ID="p822_w269" CONTENT="a" HPOS="980" VPOS="1520" WIDTH="18" HEIGHT="75" STYLEREFS="font0"/><SP WIDTH="16" VPOS="1520" HPOS="998"/><String ID="p822_w270" CONTENT="clofe-hooped" HPOS="1014" VPOS="1520" WIDTH="228" HEIGHT="75" STYLEREFS="font0"/></TextLine><TextLine WIDTH="985" HEIGHT="75" ID="p822_t32" HPOS="256" VPOS="1567"><String ID="p822_w271" CONTENT="barrel," HPOS="256" VPOS="1567" WIDTH="117" HEIGHT="75" STYLEREFS="font0"/><SP WIDTH="26" VPOS="1567" HPOS="373"/><String ID="p822_w272" CONTENT="faftened" HPOS="399" VPOS="1567" WIDTH="138" HEIGHT="75" STYLEREFS="font0"/><SP WIDTH="16" VPOS="1567" HPOS="537"/><String ID="p822_w273" CONTENT="fo" HPOS="553" VPOS="1567" WIDTH="35" HEIGHT="75" STYLEREFS="font0"/><SP WIDTH="17" VPOS="1567" HPOS="588"/><String ID="p822_w274" CONTENT="as" HPOS="605" VPOS="1567" WIDTH="33" HEIGHT="75" STYLEREFS="font0"/><SP WIDTH="18" VPOS="1567" HPOS="638"/><String ID="p822_w275" CONTENT="to" HPOS="656" VPOS="1567" WIDTH="34" HEIGHT="75" STYLEREFS="font0"/><SP WIDTH="13" VPOS="1567" HPOS="690"/><String ID="p822_w276" CONTENT="float" HPOS="703" VPOS="1567" WIDTH="75" HEIGHT="75" STYLEREFS="font0"/><SP WIDTH="17" VPOS="1567" HPOS="778"/><String ID="p822_w277" CONTENT="diredlly" HPOS="795" VPOS="1567" WIDTH="135" HEIGHT="75" STYLEREFS="font0"/><SP WIDTH="15" VPOS="1567" HPOS="930"/><String ID="p822_w278" CONTENT="over" HPOS="945" VPOS="1567" WIDTH="76" HEIGHT="75" STYLEREFS="font0"/><SP WIDTH="17" VPOS="1567" HPOS="1021"/><String ID="p822_w279" CONTENT="the" HPOS="1038" VPOS="1567" WIDTH="55" HEIGHT="75" STYLEREFS="font0"/><SP WIDTH="16" VPOS="1567" HPOS="1093"/><String ID="p822_w280" CONTENT="anchor," HPOS="1109" VPOS="1567" WIDTH="132" HEIGHT="75" STYLEREFS="font0"/></TextLine><TextLine WIDTH="987" HEIGHT="75" ID="p822_t33" HPOS="254" VPOS="1613"><String ID="p822_w281" CONTENT="that" HPOS="254" VPOS="1613" WIDTH="71" HEIGHT="75" STYLEREFS="font0"/><SP WIDTH="15" VPOS="1613" HPOS="325"/><String ID="p822_w282" CONTENT="the" HPOS="340" VPOS="1613" WIDTH="57" HEIGHT="75" STYLEREFS="font0"/><SP WIDTH="15" VPOS="1613" HPOS="397"/><String ID="p822_w283" CONTENT="men," HPOS="412" VPOS="1613" WIDTH="85" HEIGHT="75" STYLEREFS="font0"/><SP WIDTH="27" VPOS="1613" HPOS="497"/><String ID="p822_w284" CONTENT="who" HPOS="524" VPOS="1613" WIDTH="72" HEIGHT="75" STYLEREFS="font0"/><SP WIDTH="16" VPOS="1613" HPOS="596"/><String ID="p822_w285" CONTENT="go" HPOS="612" VPOS="1613" WIDTH="41" HEIGHT="75" STYLEREFS="font0"/><SP WIDTH="17" VPOS="1613" HPOS="653"/><String ID="p822_w286" CONTENT="in" HPOS="670" VPOS="1613" WIDTH="31" HEIGHT="75" STYLEREFS="font0"/><SP WIDTH="13" VPOS="1613" HPOS="701"/><String ID="p822_w287" CONTENT="the" HPOS="714" VPOS="1613" WIDTH="55" HEIGHT="75" STYLEREFS="font0"/><SP WIDTH="13" VPOS="1613" HPOS="769"/><String ID="p822_w288" CONTENT="boat" HPOS="782" VPOS="1613" WIDTH="75" HEIGHT="75" STYLEREFS="font0"/><SP WIDTH="12" VPOS="1613" HPOS="857"/><String ID="p822_w289" CONTENT="to" HPOS="869" VPOS="1613" WIDTH="35" HEIGHT="75" STYLEREFS="font0"/><SP WIDTH="18" VPOS="1613" HPOS="904"/><String ID="p822_w290" CONTENT="weigh" HPOS="922" VPOS="1613" WIDTH="103" HEIGHT="75" STYLEREFS="font0"/><SP WIDTH="13" VPOS="1613" HPOS="1025"/><String ID="p822_w291" CONTENT="the" HPOS="1038" VPOS="1613" WIDTH="54" HEIGHT="75" STYLEREFS="font0"/><SP WIDTH="17" VPOS="1613" HPOS="1092"/><String ID="p822_w292" CONTENT="anchor," HPOS="1109" VPOS="1613" WIDTH="132" HEIGHT="75" STYLEREFS="font0"/></TextLine><TextLine WIDTH="434" HEIGHT="75" ID="p822_t34" HPOS="257" VPOS="1661"><String ID="p822_w293" CONTENT="may" HPOS="257" VPOS="1661" WIDTH="72" HEIGHT="75" STYLEREFS="font0"/><SP WIDTH="16" VPOS="1661" HPOS="329"/><String ID="p822_w294" CONTENT="know" HPOS="345" VPOS="1661" WIDTH="95" HEIGHT="75" STYLEREFS="font0"/><SP WIDTH="16" VPOS="1661" HPOS="440"/><String ID="p822_w295" CONTENT="where" HPOS="456" VPOS="1661" WIDTH="107" HEIGHT="75" STYLEREFS="font0"/><SP WIDTH="17" VPOS="1661" HPOS="563"/><String ID="p822_w296" CONTENT="it" HPOS="580" VPOS="1661" WIDTH="25" HEIGHT="75" STYLEREFS="font0"/><SP WIDTH="16" VPOS="1661" HPOS="605"/><String ID="p822_w297" CONTENT="lies." HPOS="621" VPOS="1661" WIDTH="70" HEIGHT="75" STYLEREFS="font0"/></TextLine><TextLine WIDTH="1033" HEIGHT="75" ID="p822_t35" HPOS="209" VPOS="1709"><String ID="p822_w298" CONTENT="Buoy" HPOS="209" VPOS="1709" WIDTH="114" HEIGHT="75" STYLEREFS="font0"/><SP WIDTH="19" VPOS="1709" HPOS="323"/><String ID="p822_w299" CONTENT="is" HPOS="342" VPOS="1709" WIDTH="26" HEIGHT="75" STYLEREFS="font0"/><SP WIDTH="18" VPOS="1709" HPOS="368"/><String ID="p822_w300" CONTENT="aifo" HPOS="386" VPOS="1709" WIDTH="65" HEIGHT="75" STYLEREFS="font0"/><SP WIDTH="27" VPOS="1709" HPOS="451"/><String ID="p822_w301" CONTENT="a" HPOS="478" VPOS="1709" WIDTH="19" HEIGHT="75" STYLEREFS="font0"/><SP WIDTH="27" VPOS="1709" HPOS="497"/><String ID="p822_w302" CONTENT="piece" HPOS="524" VPOS="1709" WIDTH="87" HEIGHT="75" STYLEREFS="font0"/><SP WIDTH="24" VPOS="1709" HPOS="611"/><String ID="p822_w303" CONTENT="of" HPOS="635" VPOS="1709" WIDTH="39" HEIGHT="75" STYLEREFS="font0"/><SP WIDTH="23" VPOS="1709" HPOS="674"/><String ID="p822_w304" CONTENT="wood," HPOS="697" VPOS="1709" WIDTH="110" HEIGHT="75" STYLEREFS="font0"/><SP WIDTH="24" VPOS="1709" HPOS="807"/><String ID="p822_w305" CONTENT="or" HPOS="831" VPOS="1709" WIDTH="37" HEIGHT="75" STYLEREFS="font0"/><SP WIDTH="22" VPOS="1709" HPOS="868"/><String ID="p822_w306" CONTENT="cork," HPOS="890" VPOS="1709" WIDTH="90" HEIGHT="75" STYLEREFS="font0"/><SP WIDTH="26" VPOS="1709" HPOS="980"/><String ID="p822_w307" CONTENT="fometimes" HPOS="1006" VPOS="1709" WIDTH="179" HEIGHT="75" STYLEREFS="font0"/><SP WIDTH="18" VPOS="1709" HPOS="1185"/><String ID="p822_w308" CONTENT="an" HPOS="1203" VPOS="1709" WIDTH="39" HEIGHT="75" STYLEREFS="font0"/></TextLine><TextLine WIDTH="992" HEIGHT="75" ID="p822_t36" HPOS="256" VPOS="1754"><String ID="p822_w309" CONTENT="empty" HPOS="256" VPOS="1754" WIDTH="109" HEIGHT="75" STYLEREFS="font0"/><SP WIDTH="26" VPOS="1754" HPOS="365"/><String ID="p822_w310" CONTENT="calk," HPOS="391" VPOS="1754" WIDTH="83" HEIGHT="75" STYLEREFS="font0"/><SP WIDTH="25" VPOS="1754" HPOS="474"/><String ID="p822_w311" CONTENT="well" HPOS="499" VPOS="1754" WIDTH="73" HEIGHT="75" STYLEREFS="font0"/><SP WIDTH="28" VPOS="1754" HPOS="572"/><String ID="p822_w312" CONTENT="clofed," HPOS="600" VPOS="1754" WIDTH="118" HEIGHT="75" STYLEREFS="font0"/><SP WIDTH="25" VPOS="1754" HPOS="718"/><String ID="p822_w313" CONTENT="fwimming" HPOS="743" VPOS="1754" WIDTH="175" HEIGHT="75" STYLEREFS="font0"/><SP WIDTH="15" VPOS="1754" HPOS="918"/><String ID="p822_w314" CONTENT="on" HPOS="933" VPOS="1754" WIDTH="42" HEIGHT="75" STYLEREFS="font0"/><SP WIDTH="23" VPOS="1754" HPOS="975"/><String ID="p822_w315" CONTENT="the" HPOS="998" VPOS="1754" WIDTH="55" HEIGHT="75" STYLEREFS="font0"/><SP WIDTH="16" VPOS="1754" HPOS="1053"/><String ID="p822_w316" CONTENT="furface" HPOS="1069" VPOS="1754" WIDTH="123" HEIGHT="75" STYLEREFS="font0"/><SP WIDTH="17" VPOS="1754" HPOS="1192"/><String ID="p822_w317" CONTENT="of" HPOS="1209" VPOS="1754" WIDTH="39" HEIGHT="75" STYLEREFS="font0"/></TextLine><TextLine WIDTH="989" HEIGHT="75" ID="p822_t37" HPOS="254" VPOS="1803"><String ID="p822_w318" CONTENT="the" HPOS="254" VPOS="1803" WIDTH="56" HEIGHT="75" STYLEREFS="font0"/><SP WIDTH="18" VPOS="1803" HPOS="310"/><String ID="p822_w319" CONTENT="water," HPOS="328" VPOS="1803" WIDTH="111" HEIGHT="75" STYLEREFS="font0"/><SP WIDTH="25" VPOS="1803" HPOS="439"/><String ID="p822_w320" CONTENT="and" HPOS="464" VPOS="1803" WIDTH="62" HEIGHT="75" STYLEREFS="font0"/><SP WIDTH="17" VPOS="1803" HPOS="526"/><String ID="p822_w321" CONTENT="faftened," HPOS="543" VPOS="1803" WIDTH="151" HEIGHT="75" STYLEREFS="font0"/><SP WIDTH="25" VPOS="1803" HPOS="694"/><String ID="p822_w322" CONTENT="by" HPOS="719" VPOS="1803" WIDTH="43" HEIGHT="75" STYLEREFS="font0"/><SP WIDTH="18" VPOS="1803" HPOS="762"/><String ID="p822_w323" CONTENT="a" HPOS="780" VPOS="1803" WIDTH="17" HEIGHT="75" STYLEREFS="font0"/><SP WIDTH="12" VPOS="1803" HPOS="797"/><String ID="p822_w324" CONTENT="chain" HPOS="809" VPOS="1803" WIDTH="92" HEIGHT="75" STYLEREFS="font0"/><SP WIDTH="13" VPOS="1803" HPOS="901"/><String ID="p822_w325" CONTENT="or" HPOS="914" VPOS="1803" WIDTH="36" HEIGHT="75" STYLEREFS="font0"/><SP WIDTH="13" VPOS="1803" HPOS="950"/><String ID="p822_w326" CONTENT="cord," HPOS="963" VPOS="1803" WIDTH="90" HEIGHT="75" STYLEREFS="font0"/><SP WIDTH="26" VPOS="1803" HPOS="1053"/><String ID="p822_w327" CONTENT="to" HPOS="1079" VPOS="1803" WIDTH="34" HEIGHT="75" STYLEREFS="font0"/><SP WIDTH="13" VPOS="1803" HPOS="1113"/><String ID="p822_w328" CONTENT="a" HPOS="1126" VPOS="1803" WIDTH="18" HEIGHT="75" STYLEREFS="font0"/><SP WIDTH="11" VPOS="1803" HPOS="1144"/><String ID="p822_w329" CONTENT="large" HPOS="1155" VPOS="1803" WIDTH="88" HEIGHT="75" STYLEREFS="font0"/></TextLine><TextLine WIDTH="987" HEIGHT="75" ID="p822_t38" HPOS="255" VPOS="1847"><String ID="p822_w330" CONTENT="ftone," HPOS="255" VPOS="1847" WIDTH="98" HEIGHT="75" STYLEREFS="font0"/><SP WIDTH="26" VPOS="1847" HPOS="353"/><String ID="p822_w331" CONTENT="piece" HPOS="379" VPOS="1847" WIDTH="87" HEIGHT="75" STYLEREFS="font0"/><SP WIDTH="17" VPOS="1847" HPOS="466"/><String ID="p822_w332" CONTENT="of" HPOS="483" VPOS="1847" WIDTH="39" HEIGHT="75" STYLEREFS="font0"/><SP WIDTH="11" VPOS="1847" HPOS="522"/><String ID="p822_w333" CONTENT="broken" HPOS="533" VPOS="1847" WIDTH="122" HEIGHT="75" STYLEREFS="font0"/><SP WIDTH="18" VPOS="1847" HPOS="655"/><String ID="p822_w334" CONTENT="cannon," HPOS="673" VPOS="1847" WIDTH="134" HEIGHT="75" STYLEREFS="font0"/><SP WIDTH="26" VPOS="1847" HPOS="807"/><String ID="p822_w335" CONTENT="or" HPOS="833" VPOS="1847" WIDTH="37" HEIGHT="75" STYLEREFS="font0"/><SP WIDTH="24" VPOS="1847" HPOS="870"/><String ID="p822_w336" CONTENT="the" HPOS="894" VPOS="1847" WIDTH="55" HEIGHT="75" STYLEREFS="font0"/><SP WIDTH="17" VPOS="1847" HPOS="949"/><String ID="p822_w337" CONTENT="like," HPOS="966" VPOS="1847" WIDTH="76" HEIGHT="75" STYLEREFS="font0"/><SP WIDTH="25" VPOS="1847" HPOS="1042"/><String ID="p822_w338" CONTENT="ferving" HPOS="1067" VPOS="1847" WIDTH="124" HEIGHT="75" STYLEREFS="font0"/><SP WIDTH="17" VPOS="1847" HPOS="1191"/><String ID="p822_w339" CONTENT="to" HPOS="1208" VPOS="1847" WIDTH="34" HEIGHT="75" STYLEREFS="font0"/></TextLine><TextLine WIDTH="986" HEIGHT="75" ID="p822_t39" HPOS="255" VPOS="1894"><String ID="p822_w340" CONTENT="mark" HPOS="255" VPOS="1894" WIDTH="91" HEIGHT="75" STYLEREFS="font0"/><SP WIDTH="12" VPOS="1894" HPOS="346"/><String ID="p822_w341" CONTENT="the" HPOS="358" VPOS="1894" WIDTH="55" HEIGHT="75" STYLEREFS="font0"/><SP WIDTH="11" VPOS="1894" HPOS="413"/><String ID="p822_w342" CONTENT="dangerous" HPOS="424" VPOS="1894" WIDTH="178" HEIGHT="75" STYLEREFS="font0"/><SP WIDTH="9" VPOS="1894" HPOS="602"/><String ID="p822_w343" CONTENT="places" HPOS="611" VPOS="1894" WIDTH="105" HEIGHT="75" STYLEREFS="font0"/><SP WIDTH="14" VPOS="1894" HPOS="716"/><String ID="p822_w344" CONTENT="near" HPOS="730" VPOS="1894" WIDTH="74" HEIGHT="75" STYLEREFS="font0"/><SP WIDTH="13" VPOS="1894" HPOS="804"/><String ID="p822_w345" CONTENT="a" HPOS="817" VPOS="1894" WIDTH="17" HEIGHT="75" STYLEREFS="font0"/><SP WIDTH="12" VPOS="1894" HPOS="834"/><String ID="p822_w346" CONTENT="coaft," HPOS="846" VPOS="1894" WIDTH="98" HEIGHT="75" STYLEREFS="font0"/><SP WIDTH="18" VPOS="1894" HPOS="944"/><String ID="p822_w347" CONTENT="as" HPOS="962" VPOS="1894" WIDTH="33" HEIGHT="75" STYLEREFS="font0"/><SP WIDTH="14" VPOS="1894" HPOS="995"/><String ID="p822_w348" CONTENT="rocks," HPOS="1009" VPOS="1894" WIDTH="105" HEIGHT="75" STYLEREFS="font0"/><SP WIDTH="14" VPOS="1894" HPOS="1114"/><String ID="p822_w349" CONTENT="fhoals," HPOS="1128" VPOS="1894" WIDTH="113" HEIGHT="75" STYLEREFS="font0"/></TextLine><TextLine WIDTH="584" HEIGHT="75" ID="p822_t40" HPOS="258" VPOS="1943"><String ID="p822_w350" CONTENT="wrecks" HPOS="258" VPOS="1943" WIDTH="122" HEIGHT="75" STYLEREFS="font0"/><SP WIDTH="17" VPOS="1943" HPOS="380"/><String ID="p822_w351" CONTENT="of" HPOS="397" VPOS="1943" WIDTH="39" HEIGHT="75" STYLEREFS="font0"/><SP WIDTH="21" VPOS="1943" HPOS="436"/><String ID="p822_w352" CONTENT="veflels," HPOS="457" VPOS="1943" WIDTH="122" HEIGHT="75" STYLEREFS="font0"/><SP WIDTH="25" VPOS="1943" HPOS="579"/><String ID="p822_w353" CONTENT="anchors," HPOS="604" VPOS="1943" WIDTH="148" HEIGHT="75" STYLEREFS="font0"/><SP WIDTH="25" VPOS="1943" HPOS="752"/><String ID="p822_w354" CONTENT="foe." HPOS="777" VPOS="1943" WIDTH="65" HEIGHT="75" STYLEREFS="font0"/></TextLine><TextLine WIDTH="945" HEIGHT="75" ID="p822_t41" HPOS="302" VPOS="1988"><String ID="p822_w355" CONTENT="There" HPOS="302" VPOS="1988" WIDTH="112" HEIGHT="75" STYLEREFS="font0"/><SP WIDTH="27" VPOS="1988" HPOS="414"/><String ID="p822_w356" CONTENT="are" HPOS="441" VPOS="1988" WIDTH="53" HEIGHT="75" STYLEREFS="font0"/><SP WIDTH="27" VPOS="1988" HPOS="494"/><String ID="p822_w357" CONTENT="fometimes," HPOS="521" VPOS="1988" WIDTH="192" HEIGHT="75" STYLEREFS="font0"/><SP WIDTH="24" VPOS="1988" HPOS="713"/><String ID="p822_w358" CONTENT="inftead" HPOS="737" VPOS="1988" WIDTH="119" HEIGHT="75" STYLEREFS="font0"/><SP WIDTH="29" VPOS="1988" HPOS="856"/><String ID="p822_w359" CONTENT="of" HPOS="885" VPOS="1988" WIDTH="40" HEIGHT="75" STYLEREFS="font0"/><SP WIDTH="22" VPOS="1988" HPOS="925"/><String ID="p822_w360" CONTENT="buoys," HPOS="947" VPOS="1988" WIDTH="115" HEIGHT="75" STYLEREFS="font0"/><SP WIDTH="25" VPOS="1988" HPOS="1062"/><String ID="p822_w361" CONTENT="pieces" HPOS="1087" VPOS="1988" WIDTH="104" HEIGHT="75" STYLEREFS="font0"/><SP WIDTH="16" VPOS="1988" HPOS="1191"/><String ID="p822_w362" CONTENT="of" HPOS="1207" VPOS="1988" WIDTH="40" HEIGHT="75" STYLEREFS="font0"/></TextLine><TextLine WIDTH="982" HEIGHT="75" ID="p822_t42" HPOS="256" VPOS="2036"><String ID="p822_w363" CONTENT="wood" HPOS="256" VPOS="2036" WIDTH="96" HEIGHT="75" STYLEREFS="font0"/><SP WIDTH="16" VPOS="2036" HPOS="352"/><String ID="p822_w364" CONTENT="placed" HPOS="368" VPOS="2036" WIDTH="110" HEIGHT="75" STYLEREFS="font0"/><SP WIDTH="16" VPOS="2036" HPOS="478"/><String ID="p822_w365" CONTENT="in" HPOS="494" VPOS="2036" WIDTH="33" HEIGHT="75" STYLEREFS="font0"/><SP WIDTH="16" VPOS="2036" HPOS="527"/><String ID="p822_w366" CONTENT="form" HPOS="543" VPOS="2036" WIDTH="84" HEIGHT="75" STYLEREFS="font0"/><SP WIDTH="24" VPOS="2036" HPOS="627"/><String ID="p822_w367" CONTENT="of" HPOS="651" VPOS="2036" WIDTH="40" HEIGHT="75" STYLEREFS="font0"/><SP WIDTH="19" VPOS="2036" HPOS="691"/><String ID="p822_w368" CONTENT="mafts," HPOS="710" VPOS="2036" WIDTH="105" HEIGHT="75" STYLEREFS="font0"/><SP WIDTH="26" VPOS="2036" HPOS="815"/><String ID="p822_w369" CONTENT="in" HPOS="841" VPOS="2036" WIDTH="32" HEIGHT="75" STYLEREFS="font0"/><SP WIDTH="16" VPOS="2036" HPOS="873"/><String ID="p822_w370" CONTENT="confpicuous" HPOS="889" VPOS="2036" WIDTH="207" HEIGHT="75" STYLEREFS="font0"/><SP WIDTH="16" VPOS="2036" HPOS="1096"/><String ID="p822_w371" CONTENT="places" HPOS="1112" VPOS="2036" WIDTH="104" HEIGHT="75" STYLEREFS="font0"/><SP WIDTH="12" VPOS="2036" HPOS="1216"/><String ID="p822_w372" CONTENT=";" HPOS="1228" VPOS="2036" WIDTH="10" HEIGHT="75" STYLEREFS="font0"/></TextLine><TextLine WIDTH="984" HEIGHT="75" ID="p822_t43" HPOS="258" VPOS="2080"><String ID="p822_w373" CONTENT="and" HPOS="258" VPOS="2080" WIDTH="62" HEIGHT="75" STYLEREFS="font0"/><SP WIDTH="16" VPOS="2080" HPOS="320"/><String ID="p822_w374" CONTENT="fometimes" HPOS="336" VPOS="2080" WIDTH="179" HEIGHT="75" STYLEREFS="font0"/><SP WIDTH="26" VPOS="2080" HPOS="515"/><String ID="p822_w375" CONTENT="large" HPOS="541" VPOS="2080" WIDTH="88" HEIGHT="75" STYLEREFS="font0"/><SP WIDTH="26" VPOS="2080" HPOS="629"/><String ID="p822_w376" CONTENT="trees" HPOS="655" VPOS="2080" WIDTH="83" HEIGHT="75" STYLEREFS="font0"/><SP WIDTH="23" VPOS="2080" HPOS="738"/><String ID="p822_w377" CONTENT="are" HPOS="761" VPOS="2080" WIDTH="54" HEIGHT="75" STYLEREFS="font0"/><SP WIDTH="27" VPOS="2080" HPOS="815"/><String ID="p822_w378" CONTENT="planted" HPOS="842" VPOS="2080" WIDTH="129" HEIGHT="75" STYLEREFS="font0"/><SP WIDTH="17" VPOS="2080" HPOS="971"/><String ID="p822_w379" CONTENT="in" HPOS="988" VPOS="2080" WIDTH="32" HEIGHT="75" STYLEREFS="font0"/><SP WIDTH="16" VPOS="2080" HPOS="1020"/><String ID="p822_w380" CONTENT="a" HPOS="1036" VPOS="2080" WIDTH="18" HEIGHT="75" STYLEREFS="font0"/><SP WIDTH="15" VPOS="2080" HPOS="1054"/><String ID="p822_w381" CONTENT="particular" HPOS="1069" VPOS="2080" WIDTH="173" HEIGHT="75" STYLEREFS="font0"/></TextLine><TextLine WIDTH="984" HEIGHT="75" ID="p822_t44" HPOS="259" VPOS="2128"><String ID="p822_w382" CONTENT="manner," HPOS="259" VPOS="2128" WIDTH="142" HEIGHT="75" STYLEREFS="font0"/><SP WIDTH="24" VPOS="2128" HPOS="401"/><String ID="p822_w383" CONTENT="in" HPOS="425" VPOS="2128" WIDTH="32" HEIGHT="75" STYLEREFS="font0"/><SP WIDTH="19" VPOS="2128" HPOS="457"/><String ID="p822_w384" CONTENT="number" HPOS="476" VPOS="2128" WIDTH="131" HEIGHT="75" STYLEREFS="font0"/><SP WIDTH="13" VPOS="2128" HPOS="607"/><String ID="p822_w385" CONTENT="two" HPOS="620" VPOS="2128" WIDTH="66" HEIGHT="75" STYLEREFS="font0"/><SP WIDTH="16" VPOS="2128" HPOS="686"/><String ID="p822_w386" CONTENT="at" HPOS="702" VPOS="2128" WIDTH="32" HEIGHT="75" STYLEREFS="font0"/><SP WIDTH="16" VPOS="2128" HPOS="734"/><String ID="p822_w387" CONTENT="leaft," HPOS="750" VPOS="2128" WIDTH="86" HEIGHT="75" STYLEREFS="font0"/><SP WIDTH="27" VPOS="2128" HPOS="836"/><String ID="p822_w388" CONTENT="to" HPOS="863" VPOS="2128" WIDTH="34" HEIGHT="75" STYLEREFS="font0"/><SP WIDTH="12" VPOS="2128" HPOS="897"/><String ID="p822_w389" CONTENT="be" HPOS="909" VPOS="2128" WIDTH="40" HEIGHT="75" STYLEREFS="font0"/><SP WIDTH="13" VPOS="2128" HPOS="949"/><String ID="p822_w390" CONTENT="taken" HPOS="962" VPOS="2128" WIDTH="95" HEIGHT="75" STYLEREFS="font0"/><SP WIDTH="16" VPOS="2128" HPOS="1057"/><String ID="p822_w391" CONTENT="in" HPOS="1073" VPOS="2128" WIDTH="31" HEIGHT="75" STYLEREFS="font0"/><SP WIDTH="18" VPOS="2128" HPOS="1104"/><String ID="p822_w392" CONTENT="a" HPOS="1122" VPOS="2128" WIDTH="18" HEIGHT="75" STYLEREFS="font0"/><SP WIDTH="17" VPOS="2128" HPOS="1140"/><String ID="p822_w393" CONTENT="right" HPOS="1157" VPOS="2128" WIDTH="86" HEIGHT="75" STYLEREFS="font0"/></TextLine><TextLine WIDTH="985" HEIGHT="75" ID="p822_t45" HPOS="258" VPOS="2176"><String ID="p822_w394" CONTENT="line," HPOS="258" VPOS="2176" WIDTH="76" HEIGHT="75" STYLEREFS="font0"/><SP WIDTH="24" VPOS="2176" HPOS="334"/><String ID="p822_w395" CONTENT="the" HPOS="358" VPOS="2176" WIDTH="55" HEIGHT="75" STYLEREFS="font0"/><SP WIDTH="17" VPOS="2176" HPOS="413"/><String ID="p822_w396" CONTENT="one" HPOS="430" VPOS="2176" WIDTH="59" HEIGHT="75" STYLEREFS="font0"/><SP WIDTH="16" VPOS="2176" HPOS="489"/><String ID="p822_w397" CONTENT="hiding" HPOS="505" VPOS="2176" WIDTH="112" HEIGHT="75" STYLEREFS="font0"/><SP WIDTH="16" VPOS="2176" HPOS="617"/><String ID="p822_w398" CONTENT="the" HPOS="633" VPOS="2176" WIDTH="55" HEIGHT="75" STYLEREFS="font0"/><SP WIDTH="17" VPOS="2176" HPOS="688"/><String ID="p822_w399" CONTENT="other," HPOS="705" VPOS="2176" WIDTH="108" HEIGHT="75" STYLEREFS="font0"/><SP WIDTH="24" VPOS="2176" HPOS="813"/><String ID="p822_w400" CONTENT="fo" HPOS="837" VPOS="2176" WIDTH="33" HEIGHT="75" STYLEREFS="font0"/><SP WIDTH="18" VPOS="2176" HPOS="870"/><String ID="p822_w401" CONTENT="as" HPOS="888" VPOS="2176" WIDTH="32" HEIGHT="75" STYLEREFS="font0"/><SP WIDTH="25" VPOS="2176" HPOS="920"/><String ID="p822_w402" CONTENT="the" HPOS="945" VPOS="2176" WIDTH="54" HEIGHT="75" STYLEREFS="font0"/><SP WIDTH="17" VPOS="2176" HPOS="999"/><String ID="p822_w403" CONTENT="two" HPOS="1016" VPOS="2176" WIDTH="65" HEIGHT="75" STYLEREFS="font0"/><SP WIDTH="17" VPOS="2176" HPOS="1081"/><String ID="p822_w404" CONTENT="may" HPOS="1098" VPOS="2176" WIDTH="73" HEIGHT="75" STYLEREFS="font0"/><SP WIDTH="17" VPOS="2176" HPOS="1171"/><String ID="p822_w405" CONTENT="ap-" HPOS="1188" VPOS="2176" WIDTH="55" HEIGHT="75" STYLEREFS="font0"/></TextLine><TextLine WIDTH="616" HEIGHT="75" ID="p822_t46" HPOS="258" VPOS="2223"><String ID="p822_w406" CONTENT="pear" HPOS="258" VPOS="2223" WIDTH="74" HEIGHT="75" STYLEREFS="font0"/><SP WIDTH="16" VPOS="2223" HPOS="332"/><String ID="p822_w407" CONTENT="to" HPOS="348" VPOS="2223" WIDTH="35" HEIGHT="75" STYLEREFS="font0"/><SP WIDTH="16" VPOS="2223" HPOS="383"/><String ID="p822_w408" CONTENT="the" HPOS="399" VPOS="2223" WIDTH="54" HEIGHT="75" STYLEREFS="font0"/><SP WIDTH="18" VPOS="2223" HPOS="453"/><String ID="p822_w409" CONTENT="eye" HPOS="471" VPOS="2223" WIDTH="58" HEIGHT="75" STYLEREFS="font0"/><SP WIDTH="17" VPOS="2223" HPOS="529"/><String ID="p822_w410" CONTENT="no" HPOS="546" VPOS="2223" WIDTH="41" HEIGHT="75" STYLEREFS="font0"/><SP WIDTH="16" VPOS="2223" HPOS="587"/><String ID="p822_w411" CONTENT="more" HPOS="603" VPOS="2223" WIDTH="89" HEIGHT="75" STYLEREFS="font0"/><SP WIDTH="16" VPOS="2223" HPOS="692"/><String ID="p822_w412" CONTENT="than" HPOS="708" VPOS="2223" WIDTH="76" HEIGHT="75" STYLEREFS="font0"/><SP WIDTH="18" VPOS="2223" HPOS="784"/><String ID="p822_w413" CONTENT="one." HPOS="802" VPOS="2223" WIDTH="72" HEIGHT="75" STYLEREFS="font0"/></TextLine><TextLine WIDTH="1032" HEIGHT="75" ID="p822_t47" HPOS="213" VPOS="2270"><String ID="p822_w414" CONTENT="Stream" HPOS="213" VPOS="2270" WIDTH="131" HEIGHT="75" STYLEREFS="font0"/><SP WIDTH="17" VPOS="2270" HPOS="344"/><String ID="p822_w415" CONTENT="//^e" HPOS="361" VPOS="2270" WIDTH="52" HEIGHT="75" STYLEREFS="font0"/><SP WIDTH="16" VPOS="2270" HPOS="413"/><String ID="p822_w416" CONTENT="Buoy" HPOS="429" VPOS="2270" WIDTH="112" HEIGHT="75" STYLEREFS="font0"/><SP WIDTH="17" VPOS="2270" HPOS="541"/><String ID="p822_w417" CONTENT="is" HPOS="558" VPOS="2270" WIDTH="28" HEIGHT="75" STYLEREFS="font0"/><SP WIDTH="16" VPOS="2270" HPOS="586"/><String ID="p822_w418" CONTENT="to" HPOS="602" VPOS="2270" WIDTH="35" HEIGHT="75" STYLEREFS="font0"/><SP WIDTH="17" VPOS="2270" HPOS="637"/><String ID="p822_w419" CONTENT="let" HPOS="654" VPOS="2270" WIDTH="44" HEIGHT="75" STYLEREFS="font0"/><SP WIDTH="17" VPOS="2270" HPOS="698"/><String ID="p822_w420" CONTENT="the" HPOS="715" VPOS="2270" WIDTH="55" HEIGHT="75" STYLEREFS="font0"/><SP WIDTH="17" VPOS="2270" HPOS="770"/><String ID="p822_w421" CONTENT="anchor" HPOS="787" VPOS="2270" WIDTH="120" HEIGHT="75" STYLEREFS="font0"/><SP WIDTH="16" VPOS="2270" HPOS="907"/><String ID="p822_w422" CONTENT="fall" HPOS="923" VPOS="2270" WIDTH="58" HEIGHT="75" STYLEREFS="font0"/><SP WIDTH="18" VPOS="2270" HPOS="981"/><String ID="p822_w423" CONTENT="while" HPOS="999" VPOS="2270" WIDTH="95" HEIGHT="75" STYLEREFS="font0"/><SP WIDTH="18" VPOS="2270" HPOS="1094"/><String ID="p822_w424" CONTENT="the" HPOS="1112" VPOS="2270" WIDTH="55" HEIGHT="75" STYLEREFS="font0"/><SP WIDTH="12" VPOS="2270" HPOS="1167"/><String ID="p822_w425" CONTENT="fttip" HPOS="1179" VPOS="2270" WIDTH="66" HEIGHT="75" STYLEREFS="font0"/></TextLine><TextLine WIDTH="157" HEIGHT="75" ID="p822_t48" HPOS="259" VPOS="2318"><String ID="p822_w426" CONTENT="has" HPOS="259" VPOS="2318" WIDTH="57" HEIGHT="75" STYLEREFS="font0"/><SP WIDTH="17" VPOS="2318" HPOS="316"/><String ID="p822_w427" CONTENT="way." HPOS="333" VPOS="2318" WIDTH="83" HEIGHT="75" STYLEREFS="font0"/></TextLine><TextLine WIDTH="1030" HEIGHT="75" ID="p822_t49" HPOS="214" VPOS="2367"><String ID="p822_w428" CONTENT="To" HPOS="214" VPOS="2367" WIDTH="44" HEIGHT="75" STYLEREFS="font0"/><SP WIDTH="20" VPOS="2367" HPOS="258"/><String ID="p822_w429" CONTENT="buo" HPOS="278" VPOS="2367" WIDTH="76" HEIGHT="75" STYLEREFS="font0"/><SP WIDTH="8" VPOS="2367" HPOS="354"/><String ID="p822_w430" CONTENT="y" HPOS="362" VPOS="2367" WIDTH="20" HEIGHT="75" STYLEREFS="font0"/><SP WIDTH="21" VPOS="2367" HPOS="382"/><String ID="p822_w431" CONTENT="up" HPOS="403" VPOS="2367" WIDTH="39" HEIGHT="75" STYLEREFS="font0"/><SP WIDTH="19" VPOS="2367" HPOS="442"/><String ID="p822_w432" CONTENT="the" HPOS="461" VPOS="2367" WIDTH="51" HEIGHT="75" STYLEREFS="font0"/><SP WIDTH="15" VPOS="2367" HPOS="512"/><String ID="p822_w433" CONTENT="cable" HPOS="527" VPOS="2367" WIDTH="89" HEIGHT="75" STYLEREFS="font0"/><SP WIDTH="26" VPOS="2367" HPOS="616"/><String ID="p822_w434" CONTENT="is" HPOS="642" VPOS="2367" WIDTH="26" HEIGHT="75" STYLEREFS="font0"/><SP WIDTH="25" VPOS="2367" HPOS="668"/><String ID="p822_w435" CONTENT="to" HPOS="693" VPOS="2367" WIDTH="35" HEIGHT="75" STYLEREFS="font0"/><SP WIDTH="22" VPOS="2367" HPOS="728"/><String ID="p822_w436" CONTENT="fatten" HPOS="750" VPOS="2367" WIDTH="99" HEIGHT="75" STYLEREFS="font0"/><SP WIDTH="16" VPOS="2367" HPOS="849"/><String ID="p822_w437" CONTENT="fome" HPOS="865" VPOS="2367" WIDTH="85" HEIGHT="75" STYLEREFS="font0"/><SP WIDTH="16" VPOS="2367" HPOS="950"/><String ID="p822_w438" CONTENT="pieces" HPOS="966" VPOS="2367" WIDTH="102" HEIGHT="75" STYLEREFS="font0"/><SP WIDTH="18" VPOS="2367" HPOS="1068"/><String ID="p822_w439" CONTENT="of" HPOS="1086" VPOS="2367" WIDTH="40" HEIGHT="75" STYLEREFS="font0"/><SP WIDTH="11" VPOS="2367" HPOS="1126"/><String ID="p822_w440" CONTENT="wood," HPOS="1137" VPOS="2367" WIDTH="107" HEIGHT="75" STYLEREFS="font0"/></TextLine><TextLine WIDTH="985" HEIGHT="75" ID="p822_t50" HPOS="260" VPOS="2410"><String ID="p822_w441" CONTENT="barrels," HPOS="260" VPOS="2410" WIDTH="134" HEIGHT="75" STYLEREFS="font0"/><SP WIDTH="26" VPOS="2410" HPOS="394"/><String ID="p822_w442" CONTENT="foe." HPOS="420" VPOS="2410" WIDTH="65" HEIGHT="75" STYLEREFS="font0"/><SP WIDTH="25" VPOS="2410" HPOS="485"/><String ID="p822_w443" CONTENT="to" HPOS="510" VPOS="2410" WIDTH="37" HEIGHT="75" STYLEREFS="font0"/><SP WIDTH="23" VPOS="2410" HPOS="547"/><String ID="p822_w444" CONTENT="the" HPOS="570" VPOS="2410" WIDTH="56" HEIGHT="75" STYLEREFS="font0"/><SP WIDTH="25" VPOS="2410" HPOS="626"/><String ID="p822_w445" CONTENT="cable," HPOS="651" VPOS="2410" WIDTH="102" HEIGHT="75" STYLEREFS="font0"/><SP WIDTH="26" VPOS="2410" HPOS="753"/><String ID="p822_w446" CONTENT="near" HPOS="779" VPOS="2410" WIDTH="75" HEIGHT="75" STYLEREFS="font0"/><SP WIDTH="19" VPOS="2410" HPOS="854"/><String ID="p822_w447" CONTENT="the" HPOS="873" VPOS="2410" WIDTH="55" HEIGHT="75" STYLEREFS="font0"/><SP WIDTH="20" VPOS="2410" HPOS="928"/><String ID="p822_w448" CONTENT="anchor," HPOS="948" VPOS="2410" WIDTH="130" HEIGHT="75" STYLEREFS="font0"/><SP WIDTH="26" VPOS="2410" HPOS="1078"/><String ID="p822_w449" CONTENT="that" HPOS="1104" VPOS="2410" WIDTH="70" HEIGHT="75" STYLEREFS="font0"/><SP WIDTH="17" VPOS="2410" HPOS="1174"/><String ID="p822_w450" CONTENT="the" HPOS="1191" VPOS="2410" WIDTH="54" HEIGHT="75" STYLEREFS="font0"/></TextLine><TextLine WIDTH="985" HEIGHT="75" ID="p822_t51" HPOS="262" VPOS="2457"><String ID="p822_w451" CONTENT="cable" HPOS="262" VPOS="2457" WIDTH="88" HEIGHT="75" STYLEREFS="font0"/><SP WIDTH="16" VPOS="2457" HPOS="350"/><String ID="p822_w452" CONTENT="may" HPOS="366" VPOS="2457" WIDTH="73" HEIGHT="75" STYLEREFS="font0"/><SP WIDTH="17" VPOS="2457" HPOS="439"/><String ID="p822_w453" CONTENT="not" HPOS="456" VPOS="2457" WIDTH="56" HEIGHT="75" STYLEREFS="font0"/><SP WIDTH="19" VPOS="2457" HPOS="512"/><String ID="p822_w454" CONTENT="touch" HPOS="531" VPOS="2457" WIDTH="96" HEIGHT="75" STYLEREFS="font0"/><SP WIDTH="26" VPOS="2457" HPOS="627"/><String ID="p822_w455" CONTENT="the" HPOS="653" VPOS="2457" WIDTH="55" HEIGHT="75" STYLEREFS="font0"/><SP WIDTH="17" VPOS="2457" HPOS="708"/><String ID="p822_w456" CONTENT="ground," HPOS="725" VPOS="2457" WIDTH="137" HEIGHT="75" STYLEREFS="font0"/><SP WIDTH="24" VPOS="2457" HPOS="862"/><String ID="p822_w457" CONTENT="in" HPOS="886" VPOS="2457" WIDTH="32" HEIGHT="75" STYLEREFS="font0"/><SP WIDTH="17" VPOS="2457" HPOS="918"/><String ID="p822_w458" CONTENT="cafe" HPOS="935" VPOS="2457" WIDTH="68" HEIGHT="75" STYLEREFS="font0"/><SP WIDTH="23" VPOS="2457" HPOS="1003"/><String ID="p822_w459" CONTENT="it" HPOS="1026" VPOS="2457" WIDTH="26" HEIGHT="75" STYLEREFS="font0"/><SP WIDTH="17" VPOS="2457" HPOS="1052"/><String ID="p822_w460" CONTENT="be" HPOS="1069" VPOS="2457" WIDTH="39" HEIGHT="75" STYLEREFS="font0"/><SP WIDTH="16" VPOS="2457" HPOS="1108"/><String ID="p822_w461" CONTENT="foul" HPOS="1124" VPOS="2457" WIDTH="69" HEIGHT="75" STYLEREFS="font0"/><SP WIDTH="16" VPOS="2457" HPOS="1193"/><String ID="p822_w462" CONTENT="or" HPOS="1209" VPOS="2457" WIDTH="38" HEIGHT="75" STYLEREFS="font0"/></TextLine><TextLine WIDTH="771" HEIGHT="75" ID="p822_t52" HPOS="263" VPOS="2503"><String ID="p822_w463" CONTENT="rocky," HPOS="263" VPOS="2503" WIDTH="110" HEIGHT="75" STYLEREFS="font0"/><SP WIDTH="24" VPOS="2503" HPOS="373"/><String ID="p822_w464" CONTENT="left" HPOS="397" VPOS="2503" WIDTH="57" HEIGHT="75" STYLEREFS="font0"/><SP WIDTH="16" VPOS="2503" HPOS="454"/><String ID="p822_w465" CONTENT="it" HPOS="470" VPOS="2503" WIDTH="24" HEIGHT="75" STYLEREFS="font0"/><SP WIDTH="17" VPOS="2503" HPOS="494"/><String ID="p822_w466" CONTENT="Ihould" HPOS="511" VPOS="2503" WIDTH="111" HEIGHT="75" STYLEREFS="font0"/><SP WIDTH="17" VPOS="2503" HPOS="622"/><String ID="p822_w467" CONTENT="be" HPOS="639" VPOS="2503" WIDTH="38" HEIGHT="75" STYLEREFS="font0"/><SP WIDTH="17" VPOS="2503" HPOS="677"/><String ID="p822_w468" CONTENT="fretted" HPOS="694" VPOS="2503" WIDTH="120" HEIGHT="75" STYLEREFS="font0"/><SP WIDTH="17" VPOS="2503" HPOS="814"/><String ID="p822_w469" CONTENT="and" HPOS="831" VPOS="2503" WIDTH="62" HEIGHT="75" STYLEREFS="font0"/><SP WIDTH="12" VPOS="2503" HPOS="893"/><String ID="p822_w470" CONTENT="cut" HPOS="905" VPOS="2503" WIDTH="54" HEIGHT="75" STYLEREFS="font0"/><SP WIDTH="17" VPOS="2503" HPOS="959"/><String ID="p822_w471" CONTENT="off." HPOS="976" VPOS="2503" WIDTH="58" HEIGHT="75" STYLEREFS="font0"/></TextLine><TextLine WIDTH="1031" HEIGHT="75" ID="p822_t53" HPOS="213" VPOS="2547"><String ID="p822_w472" CONTENT="BUOYANT," HPOS="213" VPOS="2547" WIDTH="250" HEIGHT="75" STYLEREFS="font0"/><SP WIDTH="26" VPOS="2547" HPOS="463"/><String ID="p822_w473" CONTENT="fomething" HPOS="489" VPOS="2547" WIDTH="177" HEIGHT="75" STYLEREFS="font0"/><SP WIDTH="26" VPOS="2547" HPOS="666"/><String ID="p822_w474" CONTENT="which," HPOS="692" VPOS="2547" WIDTH="118" HEIGHT="75" STYLEREFS="font0"/><SP WIDTH="26" VPOS="2547" HPOS="810"/><String ID="p822_w475" CONTENT="by" HPOS="836" VPOS="2547" WIDTH="44" HEIGHT="75" STYLEREFS="font0"/><SP WIDTH="24" VPOS="2547" HPOS="880"/><String ID="p822_w476" CONTENT="its" HPOS="904" VPOS="2547" WIDTH="42" HEIGHT="75" STYLEREFS="font0"/><SP WIDTH="18" VPOS="2547" HPOS="946"/><String ID="p822_w477" CONTENT="aptnefs" HPOS="964" VPOS="2547" WIDTH="123" HEIGHT="75" STYLEREFS="font0"/><SP WIDTH="17" VPOS="2547" HPOS="1087"/><String ID="p822_w478" CONTENT="to" HPOS="1104" VPOS="2547" WIDTH="35" HEIGHT="75" STYLEREFS="font0"/><SP WIDTH="17" VPOS="2547" HPOS="1139"/><String ID="p822_w479" CONTENT="float," HPOS="1156" VPOS="2547" WIDTH="88" HEIGHT="75" STYLEREFS="font0"/></TextLine><TextLine WIDTH="983" HEIGHT="75" ID="p822_t54" HPOS="261" VPOS="2596"><String ID="p822_w480" CONTENT="bears" HPOS="261" VPOS="2596" WIDTH="90" HEIGHT="75" STYLEREFS="font0"/><SP WIDTH="27" VPOS="2596" HPOS="351"/><String ID="p822_w481" CONTENT="up" HPOS="378" VPOS="2596" WIDTH="42" HEIGHT="75" STYLEREFS="font0"/><SP WIDTH="28" VPOS="2596" HPOS="420"/><String ID="p822_w482" CONTENT="other" HPOS="448" VPOS="2596" WIDTH="95" HEIGHT="75" STYLEREFS="font0"/><SP WIDTH="26" VPOS="2596" HPOS="543"/><String ID="p822_w483" CONTENT="more" HPOS="569" VPOS="2596" WIDTH="90" HEIGHT="75" STYLEREFS="font0"/><SP WIDTH="26" VPOS="2596" HPOS="659"/><String ID="p822_w484" CONTENT="ponderous" HPOS="685" VPOS="2596" WIDTH="180" HEIGHT="75" STYLEREFS="font0"/><SP WIDTH="23" VPOS="2596" HPOS="865"/><String ID="p822_w485" CONTENT="and" HPOS="888" VPOS="2596" WIDTH="63" HEIGHT="75" STYLEREFS="font0"/><SP WIDTH="16" VPOS="2596" HPOS="951"/><String ID="p822_w486" CONTENT="weighty" HPOS="967" VPOS="2596" WIDTH="141" HEIGHT="75" STYLEREFS="font0"/><SP WIDTH="16" VPOS="2596" HPOS="1108"/><String ID="p822_w487" CONTENT="things." HPOS="1124" VPOS="2596" WIDTH="120" HEIGHT="75" STYLEREFS="font0"/></TextLine><TextLine WIDTH="204" HEIGHT="75" ID="p822_t55" HPOS="263" VPOS="2645"><String ID="p822_w488" CONTENT="See" HPOS="263" VPOS="2645" WIDTH="61" HEIGHT="75" STYLEREFS="font0"/><SP WIDTH="17" VPOS="2645" HPOS="324"/><String ID="p822_w489" CONTENT="Buoy." HPOS="341" VPOS="2645" WIDTH="126" HEIGHT="75" STYLEREFS="font0"/></TextLine><TextLine WIDTH="1033" HEIGHT="75" ID="p822_t56" HPOS="213" VPOS="2687"><String ID="p822_w490" CONTENT="BUPHAGA," HPOS="213" VPOS="2687" WIDTH="248" HEIGHT="75" STYLEREFS="font0"/><SP WIDTH="25" VPOS="2687" HPOS="461"/><String ID="p822_w491" CONTENT="in" HPOS="486" VPOS="2687" WIDTH="32" HEIGHT="75" STYLEREFS="font0"/><SP WIDTH="28" VPOS="2687" HPOS="518"/><String ID="p822_w492" CONTENT="ornithology," HPOS="546" VPOS="2687" WIDTH="219" HEIGHT="75" STYLEREFS="font0"/><SP WIDTH="25" VPOS="2687" HPOS="765"/><String ID="p822_w493" CONTENT="a" HPOS="790" VPOS="2687" WIDTH="19" HEIGHT="75" STYLEREFS="font0"/><SP WIDTH="24" VPOS="2687" HPOS="809"/><String ID="p822_w494" CONTENT="genus" HPOS="833" VPOS="2687" WIDTH="97" HEIGHT="75" STYLEREFS="font0"/><SP WIDTH="17" VPOS="2687" HPOS="930"/><String ID="p822_w495" CONTENT="belonging" HPOS="947" VPOS="2687" WIDTH="172" HEIGHT="75" STYLEREFS="font0"/><SP WIDTH="16" VPOS="2687" HPOS="1119"/><String ID="p822_w496" CONTENT="to" HPOS="1135" VPOS="2687" WIDTH="35" HEIGHT="75" STYLEREFS="font0"/><SP WIDTH="20" VPOS="2687" HPOS="1170"/><String ID="p822_w497" CONTENT="the" HPOS="1190" VPOS="2687" WIDTH="56" HEIGHT="75" STYLEREFS="font0"/></TextLine><TextLine WIDTH="984" HEIGHT="75" ID="p822_t57" HPOS="262" VPOS="2732"><String ID="p822_w498" CONTENT="order" HPOS="262" VPOS="2732" WIDTH="95" HEIGHT="75" STYLEREFS="font0"/><SP WIDTH="15" VPOS="2732" HPOS="357"/><String ID="p822_w499" CONTENT="of" HPOS="372" VPOS="2732" WIDTH="40" HEIGHT="75" STYLEREFS="font0"/><SP WIDTH="12" VPOS="2732" HPOS="412"/><String ID="p822_w500" CONTENT="pieje." HPOS="424" VPOS="2732" WIDTH="88" HEIGHT="75" STYLEREFS="font0"/><SP WIDTH="49" VPOS="2732" HPOS="512"/><String ID="p822_w501" CONTENT="The" HPOS="561" VPOS="2732" WIDTH="78" HEIGHT="75" STYLEREFS="font0"/><SP WIDTH="26" VPOS="2732" HPOS="639"/><String ID="p822_w502" CONTENT="beak" HPOS="665" VPOS="2732" WIDTH="82" HEIGHT="75" STYLEREFS="font0"/><SP WIDTH="28" VPOS="2732" HPOS="747"/><String ID="p822_w503" CONTENT="is" HPOS="775" VPOS="2732" WIDTH="27" HEIGHT="75" STYLEREFS="font0"/><SP WIDTH="17" VPOS="2732" HPOS="802"/><String ID="p822_w504" CONTENT="ftreight" HPOS="819" VPOS="2732" WIDTH="131" HEIGHT="75" STYLEREFS="font0"/><SP WIDTH="17" VPOS="2732" HPOS="950"/><String ID="p822_w505" CONTENT="and" HPOS="967" VPOS="2732" WIDTH="62" HEIGHT="75" STYLEREFS="font0"/><SP WIDTH="17" VPOS="2732" HPOS="1029"/><String ID="p822_w506" CONTENT="quadrangu-" HPOS="1046" VPOS="2732" WIDTH="200" HEIGHT="75" STYLEREFS="font0"/></TextLine><TextLine WIDTH="983" HEIGHT="75" ID="p822_t58" HPOS="262" VPOS="2783"><String ID="p822_w507" CONTENT="lar" HPOS="262" VPOS="2783" WIDTH="47" HEIGHT="75" STYLEREFS="font0"/><SP WIDTH="12" VPOS="2783" HPOS="309"/><String ID="p822_w508" CONTENT=";" HPOS="321" VPOS="2783" WIDTH="10" HEIGHT="75" STYLEREFS="font0"/><SP WIDTH="26" VPOS="2783" HPOS="331"/><String ID="p822_w509" CONTENT="the" HPOS="357" VPOS="2783" WIDTH="58" HEIGHT="75" STYLEREFS="font0"/><SP WIDTH="16" VPOS="2783" HPOS="415"/><String ID="p822_w510" CONTENT="mandibles" HPOS="431" VPOS="2783" WIDTH="175" HEIGHT="75" STYLEREFS="font0"/><SP WIDTH="28" VPOS="2783" HPOS="606"/><String ID="p822_w511" CONTENT="are" HPOS="634" VPOS="2783" WIDTH="53" HEIGHT="75" STYLEREFS="font0"/><SP WIDTH="27" VPOS="2783" HPOS="687"/><String ID="p822_w512" CONTENT="gibbous," HPOS="714" VPOS="2783" WIDTH="149" HEIGHT="75" STYLEREFS="font0"/><SP WIDTH="23" VPOS="2783" HPOS="863"/><String ID="p822_w513" CONTENT="entire," HPOS="886" VPOS="2783" WIDTH="116" HEIGHT="75" STYLEREFS="font0"/><SP WIDTH="26" VPOS="2783" HPOS="1002"/><String ID="p822_w514" CONTENT="and" HPOS="1028" VPOS="2783" WIDTH="64" HEIGHT="75" STYLEREFS="font0"/><SP WIDTH="14" VPOS="2783" HPOS="1092"/><String ID="p822_w515" CONTENT="the" HPOS="1106" VPOS="2783" WIDTH="54" HEIGHT="75" STYLEREFS="font0"/><SP WIDTH="17" VPOS="2783" HPOS="1160"/><String ID="p822_w516" CONTENT="gib-" HPOS="1177" VPOS="2783" WIDTH="68" HEIGHT="75" STYLEREFS="font0"/></TextLine><TextLine WIDTH="987" HEIGHT="75" ID="p822_t59" HPOS="260" VPOS="2829"><String ID="p822_w517" CONTENT="bolity" HPOS="260" VPOS="2829" WIDTH="102" HEIGHT="75" STYLEREFS="font0"/><SP WIDTH="15" VPOS="2829" HPOS="362"/><String ID="p822_w518" CONTENT="is" HPOS="377" VPOS="2829" WIDTH="28" HEIGHT="75" STYLEREFS="font0"/><SP WIDTH="17" VPOS="2829" HPOS="405"/><String ID="p822_w519" CONTENT="greater" HPOS="422" VPOS="2829" WIDTH="126" HEIGHT="75" STYLEREFS="font0"/><SP WIDTH="27" VPOS="2829" HPOS="548"/><String ID="p822_w520" CONTENT="on" HPOS="575" VPOS="2829" WIDTH="43" HEIGHT="75" STYLEREFS="font0"/><SP WIDTH="18" VPOS="2829" HPOS="618"/><String ID="p822_w521" CONTENT="the" HPOS="636" VPOS="2829" WIDTH="54" HEIGHT="75" STYLEREFS="font0"/><SP WIDTH="16" VPOS="2829" HPOS="690"/><String ID="p822_w522" CONTENT="outfide." HPOS="706" VPOS="2829" WIDTH="133" HEIGHT="75" STYLEREFS="font0"/><SP WIDTH="49" VPOS="2829" HPOS="839"/><String ID="p822_w523" CONTENT="The" HPOS="888" VPOS="2829" WIDTH="77" HEIGHT="75" STYLEREFS="font0"/><SP WIDTH="17" VPOS="2829" HPOS="965"/><String ID="p822_w524" CONTENT="feet" HPOS="982" VPOS="2829" WIDTH="65" HEIGHT="75" STYLEREFS="font0"/><SP WIDTH="17" VPOS="2829" HPOS="1047"/><String ID="p822_w525" CONTENT="are" HPOS="1064" VPOS="2829" WIDTH="52" HEIGHT="75" STYLEREFS="font0"/><SP WIDTH="17" VPOS="2829" HPOS="1116"/><String ID="p822_w526" CONTENT="of" HPOS="1133" VPOS="2829" WIDTH="40" HEIGHT="75" STYLEREFS="font0"/><SP WIDTH="18" VPOS="2829" HPOS="1173"/><String ID="p822_w527" CONTENT="the" HPOS="1191" VPOS="2829" WIDTH="56" HEIGHT="75" STYLEREFS="font0"/></TextLine><TextLine WIDTH="990" HEIGHT="75" ID="p822_t60" HPOS="262" VPOS="2870"><String ID="p822_w528" CONTENT="ambulatory" HPOS="262" VPOS="2870" WIDTH="200" HEIGHT="75" STYLEREFS="font0"/><SP WIDTH="11" VPOS="2870" HPOS="462"/><String ID="p822_w529" CONTENT="kind." HPOS="473" VPOS="2870" WIDTH="89" HEIGHT="75" STYLEREFS="font0"/><SP WIDTH="49" VPOS="2870" HPOS="562"/><String ID="p822_w530" CONTENT="The" HPOS="611" VPOS="2870" WIDTH="77" HEIGHT="75" STYLEREFS="font0"/><SP WIDTH="26" VPOS="2870" HPOS="688"/><String ID="p822_w531" CONTENT="body" HPOS="714" VPOS="2870" WIDTH="88" HEIGHT="75" STYLEREFS="font0"/><SP WIDTH="16" VPOS="2870" HPOS="802"/><String ID="p822_w532" CONTENT="is" HPOS="818" VPOS="2870" WIDTH="27" HEIGHT="75" STYLEREFS="font0"/><SP WIDTH="17" VPOS="2870" HPOS="845"/><String ID="p822_w533" CONTENT="greyifh" HPOS="862" VPOS="2870" WIDTH="122" HEIGHT="75" STYLEREFS="font0"/><SP WIDTH="18" VPOS="2870" HPOS="984"/><String ID="p822_w534" CONTENT="above," HPOS="1002" VPOS="2870" WIDTH="112" HEIGHT="75" STYLEREFS="font0"/><SP WIDTH="20" VPOS="2870" HPOS="1114"/><String ID="p822_w535" CONTENT="and" HPOS="1134" VPOS="2870" WIDTH="62" HEIGHT="75" STYLEREFS="font0"/><SP WIDTH="16" VPOS="2870" HPOS="1196"/><String ID="p822_w536" CONTENT="of" HPOS="1212" VPOS="2870" WIDTH="40" HEIGHT="75" STYLEREFS="font0"/></TextLine><TextLine WIDTH="983" HEIGHT="75" ID="p822_t61" HPOS="262" VPOS="2922"><String ID="p822_w537" CONTENT="a" HPOS="262" VPOS="2922" WIDTH="17" HEIGHT="75" STYLEREFS="font0"/><SP WIDTH="16" VPOS="2922" HPOS="279"/><String ID="p822_w538" CONTENT="dirty" HPOS="295" VPOS="2922" WIDTH="87" HEIGHT="75" STYLEREFS="font0"/><SP WIDTH="17" VPOS="2922" HPOS="382"/><String ID="p822_w539" CONTENT="yellow" HPOS="399" VPOS="2922" WIDTH="116" HEIGHT="75" STYLEREFS="font0"/><SP WIDTH="12" VPOS="2922" HPOS="515"/><String ID="p822_w540" CONTENT="below" HPOS="527" VPOS="2922" WIDTH="104" HEIGHT="75" STYLEREFS="font0"/><SP WIDTH="16" VPOS="2922" HPOS="631"/><String ID="p822_w541" CONTENT=";" HPOS="647" VPOS="2922" WIDTH="10" HEIGHT="75" STYLEREFS="font0"/><SP WIDTH="26" VPOS="2922" HPOS="657"/><String ID="p822_w542" CONTENT="the" HPOS="683" VPOS="2922" WIDTH="56" HEIGHT="75" STYLEREFS="font0"/><SP WIDTH="18" VPOS="2922" HPOS="739"/><String ID="p822_w543" CONTENT="tail" HPOS="757" VPOS="2922" WIDTH="56" HEIGHT="75" STYLEREFS="font0"/><SP WIDTH="17" VPOS="2922" HPOS="813"/><String ID="p822_w544" CONTENT="is" HPOS="830" VPOS="2922" WIDTH="26" HEIGHT="75" STYLEREFS="font0"/><SP WIDTH="18" VPOS="2922" HPOS="856"/><String ID="p822_w545" CONTENT="fhaped" HPOS="874" VPOS="2922" WIDTH="114" HEIGHT="75" STYLEREFS="font0"/><SP WIDTH="17" VPOS="2922" HPOS="988"/><String ID="p822_w546" CONTENT="like" HPOS="1005" VPOS="2922" WIDTH="64" HEIGHT="75" STYLEREFS="font0"/><SP WIDTH="17" VPOS="2922" HPOS="1069"/><String ID="p822_w547" CONTENT="a" HPOS="1086" VPOS="2922" WIDTH="19" HEIGHT="75" STYLEREFS="font0"/><SP WIDTH="16" VPOS="2922" HPOS="1105"/><String ID="p822_w548" CONTENT="wedge." HPOS="1121" VPOS="2922" WIDTH="124" HEIGHT="75" STYLEREFS="font0"/></TextLine><TextLine WIDTH="986" HEIGHT="75" ID="p822_t62" HPOS="260" VPOS="2967"><String ID="p822_w549" CONTENT="It" HPOS="260" VPOS="2967" WIDTH="32" HEIGHT="75" STYLEREFS="font0"/><SP WIDTH="28" VPOS="2967" HPOS="292"/><String ID="p822_w550" CONTENT="is" HPOS="320" VPOS="2967" WIDTH="26" HEIGHT="75" STYLEREFS="font0"/><SP WIDTH="29" VPOS="2967" HPOS="346"/><String ID="p822_w551" CONTENT="a" HPOS="375" VPOS="2967" WIDTH="18" HEIGHT="75" STYLEREFS="font0"/><SP WIDTH="26" VPOS="2967" HPOS="393"/><String ID="p822_w552" CONTENT="native" HPOS="419" VPOS="2967" WIDTH="105" HEIGHT="75" STYLEREFS="font0"/><SP WIDTH="27" VPOS="2967" HPOS="524"/><String ID="p822_w553" CONTENT="of" HPOS="551" VPOS="2967" WIDTH="40" HEIGHT="75" STYLEREFS="font0"/><SP WIDTH="29" VPOS="2967" HPOS="591"/><String ID="p822_w554" CONTENT="Senegal;" HPOS="620" VPOS="2967" WIDTH="158" HEIGHT="75" STYLEREFS="font0"/><SP WIDTH="27" VPOS="2967" HPOS="778"/><String ID="p822_w555" CONTENT="and" HPOS="805" VPOS="2967" WIDTH="62" HEIGHT="75" STYLEREFS="font0"/><SP WIDTH="32" VPOS="2967" HPOS="867"/><String ID="p822_w556" CONTENT="frequently" HPOS="899" VPOS="2967" WIDTH="184" HEIGHT="75" STYLEREFS="font0"/><SP WIDTH="32" VPOS="2967" HPOS="1083"/><String ID="p822_w557" CONTENT="perches" HPOS="1115" VPOS="2967" WIDTH="131" HEIGHT="75" STYLEREFS="font0"/></TextLine><TextLine WIDTH="986" HEIGHT="75" ID="p822_t63" HPOS="259" VPOS="3014"><String ID="p822_w558" CONTENT="upon" HPOS="259" VPOS="3014" WIDTH="85" HEIGHT="75" STYLEREFS="font0"/><SP WIDTH="16" VPOS="3014" HPOS="344"/><String ID="p822_w559" CONTENT="oxen," HPOS="360" VPOS="3014" WIDTH="96" HEIGHT="75" STYLEREFS="font0"/><SP WIDTH="27" VPOS="3014" HPOS="456"/><String ID="p822_w560" CONTENT="and" HPOS="483" VPOS="3014" WIDTH="62" HEIGHT="75" STYLEREFS="font0"/><SP WIDTH="15" VPOS="3014" HPOS="545"/><String ID="p822_w561" CONTENT="picks" HPOS="560" VPOS="3014" WIDTH="89" HEIGHT="75" STYLEREFS="font0"/><SP WIDTH="17" VPOS="3014" HPOS="649"/><String ID="p822_w562" CONTENT="out" HPOS="666" VPOS="3014" WIDTH="57" HEIGHT="75" STYLEREFS="font0"/><SP WIDTH="16" VPOS="3014" HPOS="723"/><String ID="p822_w563" CONTENT="the" HPOS="739" VPOS="3014" WIDTH="57" HEIGHT="75" STYLEREFS="font0"/><SP WIDTH="15" VPOS="3014" HPOS="796"/><String ID="p822_w564" CONTENT="worms" HPOS="811" VPOS="3014" WIDTH="116" HEIGHT="75" STYLEREFS="font0"/><SP WIDTH="18" VPOS="3014" HPOS="927"/><String ID="p822_w565" CONTENT="from" HPOS="945" VPOS="3014" WIDTH="83" HEIGHT="75" STYLEREFS="font0"/><SP WIDTH="12" VPOS="3014" HPOS="1028"/><String ID="p822_w566" CONTENT="their" HPOS="1040" VPOS="3014" WIDTH="84" HEIGHT="75" STYLEREFS="font0"/><SP WIDTH="11" VPOS="3014" HPOS="1124"/><String ID="p822_w567" CONTENT="backs." HPOS="1135" VPOS="3014" WIDTH="110" HEIGHT="75" STYLEREFS="font0"/></TextLine><TextLine WIDTH="1033" HEIGHT="75" ID="p822_t64" HPOS="213" VPOS="3057"><String ID="p822_w568" CONTENT="BUPHTHALMUM," HPOS="213" VPOS="3057" WIDTH="400" HEIGHT="75" STYLEREFS="font0"/><SP WIDTH="25" VPOS="3057" HPOS="613"/><String ID="p822_w569" CONTENT="a" HPOS="638" VPOS="3057" WIDTH="19" HEIGHT="75" STYLEREFS="font0"/><SP WIDTH="27" VPOS="3057" HPOS="657"/><String ID="p822_w570" CONTENT="genus" HPOS="684" VPOS="3057" WIDTH="97" HEIGHT="75" STYLEREFS="font0"/><SP WIDTH="18" VPOS="3057" HPOS="781"/><String ID="p822_w571" CONTENT="of" HPOS="799" VPOS="3057" WIDTH="39" HEIGHT="75" STYLEREFS="font0"/><SP WIDTH="11" VPOS="3057" HPOS="838"/><String ID="p822_w572" CONTENT="the" HPOS="849" VPOS="3057" WIDTH="56" HEIGHT="75" STYLEREFS="font0"/><SP WIDTH="16" VPOS="3057" HPOS="905"/><String ID="p822_w573" CONTENT="fyngenefia" HPOS="921" VPOS="3057" WIDTH="176" HEIGHT="75" STYLEREFS="font0"/><SP WIDTH="17" VPOS="3057" HPOS="1097"/><String ID="p822_w574" CONTENT="polyga-" HPOS="1114" VPOS="3057" WIDTH="132" HEIGHT="75" STYLEREFS="font0"/></TextLine><TextLine WIDTH="991" HEIGHT="75" ID="p822_t65" HPOS="1336" VPOS="255"><String ID="p822_w575" CONTENT="mia" HPOS="1336" VPOS="255" WIDTH="63" HEIGHT="75" STYLEREFS="font0"/><SP WIDTH="16" VPOS="255" HPOS="1399"/><String ID="p822_w576" CONTENT="fuperflua" HPOS="1415" VPOS="255" WIDTH="154" HEIGHT="75" STYLEREFS="font0"/><SP WIDTH="12" VPOS="255" HPOS="1569"/><String ID="p822_w577" CONTENT="clafs." HPOS="1581" VPOS="255" WIDTH="91" HEIGHT="75" STYLEREFS="font0"/><SP WIDTH="49" VPOS="255" HPOS="1672"/><String ID="p822_w578" CONTENT="The" HPOS="1721" VPOS="255" WIDTH="78" HEIGHT="75" STYLEREFS="font0"/><SP WIDTH="12" VPOS="255" HPOS="1799"/><String ID="p822_w579" CONTENT="receptacle" HPOS="1811" VPOS="255" WIDTH="178" HEIGHT="75" STYLEREFS="font0"/><SP WIDTH="12" VPOS="255" HPOS="1989"/><String ID="p822_w580" CONTENT="is" HPOS="2001" VPOS="255" WIDTH="26" HEIGHT="75" STYLEREFS="font0"/><SP WIDTH="17" VPOS="255" HPOS="2027"/><String ID="p822_w581" CONTENT="paleaceous;" HPOS="2044" VPOS="255" WIDTH="206" HEIGHT="75" STYLEREFS="font0"/><SP WIDTH="19" VPOS="255" HPOS="2250"/><String ID="p822_w582" CONTENT="the" HPOS="2269" VPOS="255" WIDTH="58" HEIGHT="75" STYLEREFS="font0"/></TextLine><TextLine WIDTH="988" HEIGHT="75" ID="p822_t66" HPOS="1337" VPOS="302"><String ID="p822_w583" CONTENT="margin" HPOS="1337" VPOS="302" WIDTH="121" HEIGHT="75" STYLEREFS="font0"/><SP WIDTH="29" VPOS="302" HPOS="1458"/><String ID="p822_w584" CONTENT="of" HPOS="1487" VPOS="302" WIDTH="41" HEIGHT="75" STYLEREFS="font0"/><SP WIDTH="24" VPOS="302" HPOS="1528"/><String ID="p822_w585" CONTENT="the" HPOS="1552" VPOS="302" WIDTH="56" HEIGHT="75" STYLEREFS="font0"/><SP WIDTH="28" VPOS="302" HPOS="1608"/><String ID="p822_w586" CONTENT="pappus" HPOS="1636" VPOS="302" WIDTH="119" HEIGHT="75" STYLEREFS="font0"/><SP WIDTH="29" VPOS="302" HPOS="1755"/><String ID="p822_w587" CONTENT="is" HPOS="1784" VPOS="302" WIDTH="27" HEIGHT="75" STYLEREFS="font0"/><SP WIDTH="28" VPOS="302" HPOS="1811"/><String ID="p822_w588" CONTENT="obfolete;" HPOS="1839" VPOS="302" WIDTH="163" HEIGHT="75" STYLEREFS="font0"/><SP WIDTH="28" VPOS="302" HPOS="2002"/><String ID="p822_w589" CONTENT="the" HPOS="2030" VPOS="302" WIDTH="55" HEIGHT="75" STYLEREFS="font0"/><SP WIDTH="28" VPOS="302" HPOS="2085"/><String ID="p822_w590" CONTENT="fides" HPOS="2113" VPOS="302" WIDTH="78" HEIGHT="75" STYLEREFS="font0"/><SP WIDTH="26" VPOS="302" HPOS="2191"/><String ID="p822_w591" CONTENT="of" HPOS="2217" VPOS="302" WIDTH="41" HEIGHT="75" STYLEREFS="font0"/><SP WIDTH="11" VPOS="302" HPOS="2258"/><String ID="p822_w592" CONTENT="the" HPOS="2269" VPOS="302" WIDTH="56" HEIGHT="75" STYLEREFS="font0"/></TextLine><TextLine WIDTH="987" HEIGHT="75" ID="p822_t67" HPOS="1337" VPOS="348"><String ID="p822_w593" CONTENT="feeds" HPOS="1337" VPOS="348" WIDTH="87" HEIGHT="75" STYLEREFS="font0"/><SP WIDTH="18" VPOS="348" HPOS="1424"/><String ID="p822_w594" CONTENT="are" HPOS="1442" VPOS="348" WIDTH="53" HEIGHT="75" STYLEREFS="font0"/><SP WIDTH="17" VPOS="348" HPOS="1495"/><String ID="p822_w595" CONTENT="marginated;" HPOS="1512" VPOS="348" WIDTH="218" HEIGHT="75" STYLEREFS="font0"/><SP WIDTH="29" VPOS="348" HPOS="1730"/><String ID="p822_w596" CONTENT="and" HPOS="1759" VPOS="348" WIDTH="62" HEIGHT="75" STYLEREFS="font0"/><SP WIDTH="17" VPOS="348" HPOS="1821"/><String ID="p822_w597" CONTENT="the" HPOS="1838" VPOS="348" WIDTH="54" HEIGHT="75" STYLEREFS="font0"/><SP WIDTH="22" VPOS="348" HPOS="1892"/><String ID="p822_w598" CONTENT="ftigmata" HPOS="1914" VPOS="348" WIDTH="144" HEIGHT="75" STYLEREFS="font0"/><SP WIDTH="17" VPOS="348" HPOS="2058"/><String ID="p822_w599" CONTENT="of" HPOS="2075" VPOS="348" WIDTH="39" HEIGHT="75" STYLEREFS="font0"/><SP WIDTH="12" VPOS="348" HPOS="2114"/><String ID="p822_w600" CONTENT="the" HPOS="2126" VPOS="348" WIDTH="55" HEIGHT="75" STYLEREFS="font0"/><SP WIDTH="17" VPOS="348" HPOS="2181"/><String ID="p822_w601" CONTENT="herma-" HPOS="2198" VPOS="348" WIDTH="126" HEIGHT="75" STYLEREFS="font0"/></TextLine><TextLine WIDTH="989" HEIGHT="75" ID="p822_t68" HPOS="1336" VPOS="396"><String ID="p822_w602" CONTENT="phrodite" HPOS="1336" VPOS="396" WIDTH="148" HEIGHT="75" STYLEREFS="font0"/><SP WIDTH="17" VPOS="396" HPOS="1484"/><String ID="p822_w603" CONTENT="flofcules" HPOS="1501" VPOS="396" WIDTH="145" HEIGHT="75" STYLEREFS="font0"/><SP WIDTH="17" VPOS="396" HPOS="1646"/><String ID="p822_w604" CONTENT="are" HPOS="1663" VPOS="396" WIDTH="53" HEIGHT="75" STYLEREFS="font0"/><SP WIDTH="13" VPOS="396" HPOS="1716"/><String ID="p822_w605" CONTENT="undivided." HPOS="1729" VPOS="396" WIDTH="185" HEIGHT="75" STYLEREFS="font0"/><SP WIDTH="48" VPOS="396" HPOS="1914"/><String ID="p822_w606" CONTENT="The" HPOS="1962" VPOS="396" WIDTH="78" HEIGHT="75" STYLEREFS="font0"/><SP WIDTH="12" VPOS="396" HPOS="2040"/><String ID="p822_w607" CONTENT="fpecies" HPOS="2052" VPOS="396" WIDTH="117" HEIGHT="75" STYLEREFS="font0"/><SP WIDTH="19" VPOS="396" HPOS="2169"/><String ID="p822_w608" CONTENT="are" HPOS="2188" VPOS="396" WIDTH="52" HEIGHT="75" STYLEREFS="font0"/><SP WIDTH="18" VPOS="396" HPOS="2240"/><String ID="p822_w609" CONTENT="ten," HPOS="2258" VPOS="396" WIDTH="67" HEIGHT="75" STYLEREFS="font0"/></TextLine><TextLine WIDTH="670" HEIGHT="75" ID="p822_t69" HPOS="1337" VPOS="442"><String ID="p822_w610" CONTENT="none" HPOS="1337" VPOS="442" WIDTH="81" HEIGHT="75" STYLEREFS="font0"/><SP WIDTH="16" VPOS="442" HPOS="1418"/><String ID="p822_w611" CONTENT="of" HPOS="1434" VPOS="442" WIDTH="41" HEIGHT="75" STYLEREFS="font0"/><SP WIDTH="11" VPOS="442" HPOS="1475"/><String ID="p822_w612" CONTENT="which" HPOS="1486" VPOS="442" WIDTH="106" HEIGHT="75" STYLEREFS="font0"/><SP WIDTH="16" VPOS="442" HPOS="1592"/><String ID="p822_w613" CONTENT="are" HPOS="1608" VPOS="442" WIDTH="54" HEIGHT="75" STYLEREFS="font0"/><SP WIDTH="18" VPOS="442" HPOS="1662"/><String ID="p822_w614" CONTENT="natives" HPOS="1680" VPOS="442" WIDTH="120" HEIGHT="75" STYLEREFS="font0"/><SP WIDTH="18" VPOS="442" HPOS="1800"/><String ID="p822_w615" CONTENT="of" HPOS="1818" VPOS="442" WIDTH="40" HEIGHT="75" STYLEREFS="font0"/><SP WIDTH="12" VPOS="442" HPOS="1858"/><String ID="p822_w616" CONTENT="Britain." HPOS="1870" VPOS="442" WIDTH="137" HEIGHT="75" STYLEREFS="font0"/></TextLine><TextLine WIDTH="1037" HEIGHT="75" ID="p822_t70" HPOS="1288" VPOS="491"><String ID="p822_w617" CONTENT="BUPLEURUM," HPOS="1288" VPOS="491" WIDTH="320" HEIGHT="75" STYLEREFS="font0"/><SP WIDTH="27" VPOS="491" HPOS="1608"/><String ID="p822_w618" CONTENT="in" HPOS="1635" VPOS="491" WIDTH="31" HEIGHT="75" STYLEREFS="font0"/><SP WIDTH="29" VPOS="491" HPOS="1666"/><String ID="p822_w619" CONTENT="botany," HPOS="1695" VPOS="491" WIDTH="131" HEIGHT="75" STYLEREFS="font0"/><SP WIDTH="27" VPOS="491" HPOS="1826"/><String ID="p822_w620" CONTENT="a" HPOS="1853" VPOS="491" WIDTH="18" HEIGHT="75" STYLEREFS="font0"/><SP WIDTH="28" VPOS="491" HPOS="1871"/><String ID="p822_w621" CONTENT="genus" HPOS="1899" VPOS="491" WIDTH="98" HEIGHT="75" STYLEREFS="font0"/><SP WIDTH="18" VPOS="491" HPOS="1997"/><String ID="p822_w622" CONTENT="of" HPOS="2015" VPOS="491" WIDTH="40" HEIGHT="75" STYLEREFS="font0"/><SP WIDTH="11" VPOS="491" HPOS="2055"/><String ID="p822_w623" CONTENT="the" HPOS="2066" VPOS="491" WIDTH="54" HEIGHT="75" STYLEREFS="font0"/><SP WIDTH="17" VPOS="491" HPOS="2120"/><String ID="p822_w624" CONTENT="pentandria" HPOS="2137" VPOS="491" WIDTH="188" HEIGHT="75" STYLEREFS="font0"/></TextLine><TextLine WIDTH="990" HEIGHT="75" ID="p822_t71" HPOS="1335" VPOS="535"><String ID="p822_w625" CONTENT="digynia" HPOS="1335" VPOS="535" WIDTH="129" HEIGHT="75" STYLEREFS="font0"/><SP WIDTH="15" VPOS="535" HPOS="1464"/><String ID="p822_w626" CONTENT="clafs." HPOS="1479" VPOS="535" WIDTH="91" HEIGHT="75" STYLEREFS="font0"/><SP WIDTH="48" VPOS="535" HPOS="1570"/><String ID="p822_w627" CONTENT="The" HPOS="1618" VPOS="535" WIDTH="77" HEIGHT="75" STYLEREFS="font0"/><SP WIDTH="13" VPOS="535" HPOS="1695"/><String ID="p822_w628" CONTENT="involucrum" HPOS="1708" VPOS="535" WIDTH="199" HEIGHT="75" STYLEREFS="font0"/><SP WIDTH="20" VPOS="535" HPOS="1907"/><String ID="p822_w629" CONTENT="of" HPOS="1927" VPOS="535" WIDTH="39" HEIGHT="75" STYLEREFS="font0"/><SP WIDTH="13" VPOS="535" HPOS="1966"/><String ID="p822_w630" CONTENT="the" HPOS="1979" VPOS="535" WIDTH="54" HEIGHT="75" STYLEREFS="font0"/><SP WIDTH="20" VPOS="535" HPOS="2033"/><String ID="p822_w631" CONTENT="umbells" HPOS="2053" VPOS="535" WIDTH="135" HEIGHT="75" STYLEREFS="font0"/><SP WIDTH="13" VPOS="535" HPOS="2188"/><String ID="p822_w632" CONTENT="is" HPOS="2201" VPOS="535" WIDTH="24" HEIGHT="75" STYLEREFS="font0"/><SP WIDTH="13" VPOS="535" HPOS="2225"/><String ID="p822_w633" CONTENT="large" HPOS="2238" VPOS="535" WIDTH="87" HEIGHT="75" STYLEREFS="font0"/></TextLine><TextLine WIDTH="988" HEIGHT="75" ID="p822_t72" HPOS="1335" VPOS="582"><String ID="p822_w634" CONTENT="and" HPOS="1335" VPOS="582" WIDTH="63" HEIGHT="75" STYLEREFS="font0"/><SP WIDTH="31" VPOS="582" HPOS="1398"/><String ID="p822_w635" CONTENT="five-leaved;" HPOS="1429" VPOS="582" WIDTH="207" HEIGHT="75" STYLEREFS="font0"/><SP WIDTH="47" VPOS="582" HPOS="1636"/><String ID="p822_w636" CONTENT="the" HPOS="1683" VPOS="582" WIDTH="55" HEIGHT="75" STYLEREFS="font0"/><SP WIDTH="28" VPOS="582" HPOS="1738"/><String ID="p822_w637" CONTENT="fruit" HPOS="1766" VPOS="582" WIDTH="79" HEIGHT="75" STYLEREFS="font0"/><SP WIDTH="31" VPOS="582" HPOS="1845"/><String ID="p822_w638" CONTENT="is" HPOS="1876" VPOS="582" WIDTH="26" HEIGHT="75" STYLEREFS="font0"/><SP WIDTH="33" VPOS="582" HPOS="1902"/><String ID="p822_w639" CONTENT="ftriated," HPOS="1935" VPOS="582" WIDTH="141" HEIGHT="75" STYLEREFS="font0"/><SP WIDTH="41" VPOS="582" HPOS="2076"/><String ID="p822_w640" CONTENT="comprefleu," HPOS="2117" VPOS="582" WIDTH="206" HEIGHT="75" STYLEREFS="font0"/></TextLine><TextLine WIDTH="989" HEIGHT="75" ID="p822_t73" HPOS="1335" VPOS="629"><String ID="p822_w641" CONTENT="and" HPOS="1335" VPOS="629" WIDTH="62" HEIGHT="75" STYLEREFS="font0"/><SP WIDTH="24" VPOS="629" HPOS="1397"/><String ID="p822_w642" CONTENT="roundifii." HPOS="1421" VPOS="629" WIDTH="159" HEIGHT="75" STYLEREFS="font0"/><SP WIDTH="50" VPOS="629" HPOS="1580"/><String ID="p822_w643" CONTENT="The" HPOS="1630" VPOS="629" WIDTH="77" HEIGHT="75" STYLEREFS="font0"/><SP WIDTH="27" VPOS="629" HPOS="1707"/><String ID="p822_w644" CONTENT="fpecies" HPOS="1734" VPOS="629" WIDTH="118" HEIGHT="75" STYLEREFS="font0"/><SP WIDTH="29" VPOS="629" HPOS="1852"/><String ID="p822_w645" CONTENT="are" HPOS="1881" VPOS="629" WIDTH="53" HEIGHT="75" STYLEREFS="font0"/><SP WIDTH="26" VPOS="629" HPOS="1934"/><String ID="p822_w646" CONTENT="feventeen," HPOS="1960" VPOS="629" WIDTH="178" HEIGHT="75" STYLEREFS="font0"/><SP WIDTH="26" VPOS="629" HPOS="2138"/><String ID="p822_w647" CONTENT="only" HPOS="2164" VPOS="629" WIDTH="77" HEIGHT="75" STYLEREFS="font0"/><SP WIDTH="17" VPOS="629" HPOS="2241"/><String ID="p822_w648" CONTENT="two" HPOS="2258" VPOS="629" WIDTH="66" HEIGHT="75" STYLEREFS="font0"/></TextLine><TextLine WIDTH="989" HEIGHT="75" ID="p822_t74" HPOS="1334" VPOS="676"><String ID="p822_w649" CONTENT="of" HPOS="1334" VPOS="676" WIDTH="38" HEIGHT="75" STYLEREFS="font0"/><SP WIDTH="20" VPOS="676" HPOS="1372"/><String ID="p822_w650" CONTENT="which" HPOS="1392" VPOS="676" WIDTH="105" HEIGHT="75" STYLEREFS="font0"/><SP WIDTH="18" VPOS="676" HPOS="1497"/><String ID="p822_w651" CONTENT="are" HPOS="1515" VPOS="676" WIDTH="53" HEIGHT="75" STYLEREFS="font0"/><SP WIDTH="17" VPOS="676" HPOS="1568"/><String ID="p822_w652" CONTENT="natives" HPOS="1585" VPOS="676" WIDTH="121" HEIGHT="75" STYLEREFS="font0"/><SP WIDTH="28" VPOS="676" HPOS="1706"/><String ID="p822_w653" CONTENT="of" HPOS="1734" VPOS="676" WIDTH="41" HEIGHT="75" STYLEREFS="font0"/><SP WIDTH="19" VPOS="676" HPOS="1775"/><String ID="p822_w654" CONTENT="Britain," HPOS="1794" VPOS="676" WIDTH="137" HEIGHT="75" STYLEREFS="font0"/><SP WIDTH="26" VPOS="676" HPOS="1931"/><String ID="p822_w655" CONTENT="viz." HPOS="1957" VPOS="676" WIDTH="70" HEIGHT="75" STYLEREFS="font0"/><SP WIDTH="38" VPOS="676" HPOS="2027"/><String ID="p822_w656" CONTENT="the" HPOS="2065" VPOS="676" WIDTH="55" HEIGHT="75" STYLEREFS="font0"/><SP WIDTH="22" VPOS="676" HPOS="2120"/><String ID="p822_w657" CONTENT="rotundifo-" HPOS="2142" VPOS="676" WIDTH="181" HEIGHT="75" STYLEREFS="font0"/></TextLine><TextLine WIDTH="993" HEIGHT="75" ID="p822_t75" HPOS="1332" VPOS="721"><String ID="p822_w658" CONTENT="lium," HPOS="1332" VPOS="721" WIDTH="91" HEIGHT="75" STYLEREFS="font0"/><SP WIDTH="32" VPOS="721" HPOS="1423"/><String ID="p822_w659" CONTENT="or" HPOS="1455" VPOS="721" WIDTH="37" HEIGHT="75" STYLEREFS="font0"/><SP WIDTH="28" VPOS="721" HPOS="1492"/><String ID="p822_w660" CONTENT="thorow-wax;" HPOS="1520" VPOS="721" WIDTH="239" HEIGHT="75" STYLEREFS="font0"/><SP WIDTH="27" VPOS="721" HPOS="1759"/><String ID="p822_w661" CONTENT="and" HPOS="1786" VPOS="721" WIDTH="63" HEIGHT="75" STYLEREFS="font0"/><SP WIDTH="25" VPOS="721" HPOS="1849"/><String ID="p822_w662" CONTENT="the" HPOS="1874" VPOS="721" WIDTH="55" HEIGHT="75" STYLEREFS="font0"/><SP WIDTH="28" VPOS="721" HPOS="1929"/><String ID="p822_w663" CONTENT="tenuiflimum," HPOS="1957" VPOS="721" WIDTH="218" HEIGHT="75" STYLEREFS="font0"/><SP WIDTH="28" VPOS="721" HPOS="2175"/><String ID="p822_w664" CONTENT="or" HPOS="2203" VPOS="721" WIDTH="39" HEIGHT="75" STYLEREFS="font0"/><SP WIDTH="27" VPOS="721" HPOS="2242"/><String ID="p822_w665" CONTENT="the" HPOS="2269" VPOS="721" WIDTH="56" HEIGHT="75" STYLEREFS="font0"/></TextLine><TextLine WIDTH="278" HEIGHT="75" ID="p822_t76" HPOS="1336" VPOS="769"><String ID="p822_w666" CONTENT="leaft" HPOS="1336" VPOS="769" WIDTH="73" HEIGHT="75" STYLEREFS="font0"/><SP WIDTH="17" VPOS="769" HPOS="1409"/><String ID="p822_w667" CONTENT="hare’s-ear." HPOS="1426" VPOS="769" WIDTH="188" HEIGHT="75" STYLEREFS="font0"/></TextLine><TextLine WIDTH="1039" HEIGHT="75" ID="p822_t77" HPOS="1288" VPOS="817"><String ID="p822_w668" CONTENT="BUPRESTIS," HPOS="1288" VPOS="817" WIDTH="278" HEIGHT="75" STYLEREFS="font0"/><SP WIDTH="26" VPOS="817" HPOS="1566"/><String ID="p822_w669" CONTENT="in" HPOS="1592" VPOS="817" WIDTH="32" HEIGHT="75" STYLEREFS="font0"/><SP WIDTH="18" VPOS="817" HPOS="1624"/><String ID="p822_w670" CONTENT="zoology," HPOS="1642" VPOS="817" WIDTH="151" HEIGHT="75" STYLEREFS="font0"/><SP WIDTH="27" VPOS="817" HPOS="1793"/><String ID="p822_w671" CONTENT="a" HPOS="1820" VPOS="817" WIDTH="19" HEIGHT="75" STYLEREFS="font0"/><SP WIDTH="16" VPOS="817" HPOS="1839"/><String ID="p822_w672" CONTENT="genus" HPOS="1855" VPOS="817" WIDTH="98" HEIGHT="75" STYLEREFS="font0"/><SP WIDTH="18" VPOS="817" HPOS="1953"/><String ID="p822_w673" CONTENT="of" HPOS="1971" VPOS="817" WIDTH="39" HEIGHT="75" STYLEREFS="font0"/><SP WIDTH="11" VPOS="817" HPOS="2010"/><String ID="p822_w674" CONTENT="infers" HPOS="2021" VPOS="817" WIDTH="111" HEIGHT="75" STYLEREFS="font0"/><SP WIDTH="18" VPOS="817" HPOS="2132"/><String ID="p822_w675" CONTENT="belonging" HPOS="2150" VPOS="817" WIDTH="177" HEIGHT="75" STYLEREFS="font0"/></TextLine><TextLine WIDTH="986" HEIGHT="75" ID="p822_t78" HPOS="1338" VPOS="862"><String ID="p822_w676" CONTENT="to" HPOS="1338" VPOS="862" WIDTH="33" HEIGHT="75" STYLEREFS="font0"/><SP WIDTH="16" VPOS="862" HPOS="1371"/><String ID="p822_w677" CONTENT="the" HPOS="1387" VPOS="862" WIDTH="55" HEIGHT="75" STYLEREFS="font0"/><SP WIDTH="17" VPOS="862" HPOS="1442"/><String ID="p822_w678" CONTENT="order" HPOS="1459" VPOS="862" WIDTH="94" HEIGHT="75" STYLEREFS="font0"/><SP WIDTH="17" VPOS="862" HPOS="1553"/><String ID="p822_w679" CONTENT="of" HPOS="1570" VPOS="862" WIDTH="40" HEIGHT="75" STYLEREFS="font0"/><SP WIDTH="23" VPOS="862" HPOS="1610"/><String ID="p822_w680" CONTENT="coleoptera." HPOS="1633" VPOS="862" WIDTH="193" HEIGHT="75" STYLEREFS="font0"/><SP WIDTH="49" VPOS="862" HPOS="1826"/><String ID="p822_w681" CONTENT="The" HPOS="1875" VPOS="862" WIDTH="78" HEIGHT="75" STYLEREFS="font0"/><SP WIDTH="24" VPOS="862" HPOS="1953"/><String ID="p822_w682" CONTENT="feelers" HPOS="1977" VPOS="862" WIDTH="115" HEIGHT="75" STYLEREFS="font0"/><SP WIDTH="17" VPOS="862" HPOS="2092"/><String ID="p822_w683" CONTENT="are" HPOS="2109" VPOS="862" WIDTH="54" HEIGHT="75" STYLEREFS="font0"/><SP WIDTH="16" VPOS="862" HPOS="2163"/><String ID="p822_w684" CONTENT="like" HPOS="2179" VPOS="862" WIDTH="64" HEIGHT="75" STYLEREFS="font0"/><SP WIDTH="16" VPOS="862" HPOS="2243"/><String ID="p822_w685" CONTENT="bri-" HPOS="2259" VPOS="862" WIDTH="65" HEIGHT="75" STYLEREFS="font0"/></TextLine><TextLine WIDTH="988" HEIGHT="75" ID="p822_t79" HPOS="1337" VPOS="909"><String ID="p822_w686" CONTENT="ftles," HPOS="1337" VPOS="909" WIDTH="83" HEIGHT="75" STYLEREFS="font0"/><SP WIDTH="27" VPOS="909" HPOS="1420"/><String ID="p822_w687" CONTENT="and" HPOS="1447" VPOS="909" WIDTH="61" HEIGHT="75" STYLEREFS="font0"/><SP WIDTH="18" VPOS="909" HPOS="1508"/><String ID="p822_w688" CONTENT="about" HPOS="1526" VPOS="909" WIDTH="97" HEIGHT="75" STYLEREFS="font0"/><SP WIDTH="26" VPOS="909" HPOS="1623"/><String ID="p822_w689" CONTENT="the" HPOS="1649" VPOS="909" WIDTH="54" HEIGHT="75" STYLEREFS="font0"/><SP WIDTH="17" VPOS="909" HPOS="1703"/><String ID="p822_w690" CONTENT="length" HPOS="1720" VPOS="909" WIDTH="109" HEIGHT="75" STYLEREFS="font0"/><SP WIDTH="19" VPOS="909" HPOS="1829"/><String ID="p822_w691" CONTENT="of" HPOS="1848" VPOS="909" WIDTH="40" HEIGHT="75" STYLEREFS="font0"/><SP WIDTH="23" VPOS="909" HPOS="1888"/><String ID="p822_w692" CONTENT="the" HPOS="1911" VPOS="909" WIDTH="55" HEIGHT="75" STYLEREFS="font0"/><SP WIDTH="17" VPOS="909" HPOS="1966"/><String ID="p822_w693" CONTENT="breaft" HPOS="1983" VPOS="909" WIDTH="101" HEIGHT="75" STYLEREFS="font0"/><SP WIDTH="15" VPOS="909" HPOS="2084"/><String ID="p822_w694" CONTENT=";" HPOS="2099" VPOS="909" WIDTH="10" HEIGHT="75" STYLEREFS="font0"/><SP WIDTH="28" VPOS="909" HPOS="2109"/><String ID="p822_w695" CONTENT="the" HPOS="2137" VPOS="909" WIDTH="56" HEIGHT="75" STYLEREFS="font0"/><SP WIDTH="16" VPOS="909" HPOS="2193"/><String ID="p822_w696" CONTENT="lead" HPOS="2209" VPOS="909" WIDTH="72" HEIGHT="75" STYLEREFS="font0"/><SP WIDTH="16" VPOS="909" HPOS="2281"/><String ID="p822_w697" CONTENT="is" HPOS="2297" VPOS="909" WIDTH="28" HEIGHT="75" STYLEREFS="font0"/></TextLine><TextLine WIDTH="987" HEIGHT="75" ID="p822_t80" HPOS="1336" VPOS="956"><String ID="p822_w698" CONTENT="half" HPOS="1336" VPOS="956" WIDTH="73" HEIGHT="75" STYLEREFS="font0"/><SP WIDTH="12" VPOS="956" HPOS="1409"/><String ID="p822_w699" CONTENT="retraded" HPOS="1421" VPOS="956" WIDTH="155" HEIGHT="75" STYLEREFS="font0"/><SP WIDTH="17" VPOS="956" HPOS="1576"/><String ID="p822_w700" CONTENT="into" HPOS="1593" VPOS="956" WIDTH="67" HEIGHT="75" STYLEREFS="font0"/><SP WIDTH="18" VPOS="956" HPOS="1660"/><String ID="p822_w701" CONTENT="the" HPOS="1678" VPOS="956" WIDTH="55" HEIGHT="75" STYLEREFS="font0"/><SP WIDTH="25" VPOS="956" HPOS="1733"/><String ID="p822_w702" CONTENT="thorax." HPOS="1758" VPOS="956" WIDTH="131" HEIGHT="75" STYLEREFS="font0"/><SP WIDTH="49" VPOS="956" HPOS="1889"/><String ID="p822_w703" CONTENT="There" HPOS="1938" VPOS="956" WIDTH="113" HEIGHT="75" STYLEREFS="font0"/><SP WIDTH="17" VPOS="956" HPOS="2051"/><String ID="p822_w704" CONTENT="are" HPOS="2068" VPOS="956" WIDTH="53" HEIGHT="75" STYLEREFS="font0"/><SP WIDTH="17" VPOS="956" HPOS="2121"/><String ID="p822_w705" CONTENT="twenty-fe-" HPOS="2138" VPOS="956" WIDTH="185" HEIGHT="75" STYLEREFS="font0"/></TextLine><TextLine WIDTH="988" HEIGHT="75" ID="p822_t81" HPOS="1337" VPOS="1002"><String ID="p822_w706" CONTENT="ven" HPOS="1337" VPOS="1002" WIDTH="58" HEIGHT="75" STYLEREFS="font0"/><SP WIDTH="17" VPOS="1002" HPOS="1395"/><String ID="p822_w707" CONTENT="fpecies" HPOS="1412" VPOS="1002" WIDTH="117" HEIGHT="75" STYLEREFS="font0"/><SP WIDTH="17" VPOS="1002" HPOS="1529"/><String ID="p822_w708" CONTENT="of" HPOS="1546" VPOS="1002" WIDTH="40" HEIGHT="75" STYLEREFS="font0"/><SP WIDTH="20" VPOS="1002" HPOS="1586"/><String ID="p822_w709" CONTENT="this" HPOS="1606" VPOS="1002" WIDTH="64" HEIGHT="75" STYLEREFS="font0"/><SP WIDTH="16" VPOS="1002" HPOS="1670"/><String ID="p822_w710" CONTENT="infed," HPOS="1686" VPOS="1002" WIDTH="107" HEIGHT="75" STYLEREFS="font0"/><SP WIDTH="26" VPOS="1002" HPOS="1793"/><String ID="p822_w711" CONTENT="moft" HPOS="1819" VPOS="1002" WIDTH="78" HEIGHT="75" STYLEREFS="font0"/><SP WIDTH="17" VPOS="1002" HPOS="1897"/><String ID="p822_w712" CONTENT="of" HPOS="1914" VPOS="1002" WIDTH="40" HEIGHT="75" STYLEREFS="font0"/><SP WIDTH="19" VPOS="1002" HPOS="1954"/><String ID="p822_w713" CONTENT="them" HPOS="1973" VPOS="1002" WIDTH="88" HEIGHT="75" STYLEREFS="font0"/><SP WIDTH="17" VPOS="1002" HPOS="2061"/><String ID="p822_w714" CONTENT="natives" HPOS="2078" VPOS="1002" WIDTH="121" HEIGHT="75" STYLEREFS="font0"/><SP WIDTH="18" VPOS="1002" HPOS="2199"/><String ID="p822_w715" CONTENT="of" HPOS="2217" VPOS="1002" WIDTH="40" HEIGHT="75" STYLEREFS="font0"/><SP WIDTH="11" VPOS="1002" HPOS="2257"/><String ID="p822_w716" CONTENT="the" HPOS="2268" VPOS="1002" WIDTH="57" HEIGHT="75" STYLEREFS="font0"/></TextLine><TextLine WIDTH="118" HEIGHT="75" ID="p822_t82" HPOS="1337" VPOS="1049"><String ID="p822_w717" CONTENT="Indies." HPOS="1337" VPOS="1049" WIDTH="118" HEIGHT="75" STYLEREFS="font0"/></TextLine><TextLine WIDTH="1031" HEIGHT="75" ID="p822_t83" HPOS="1288" VPOS="1097"><String ID="p822_w718" CONTENT="BUQUOI," HPOS="1288" VPOS="1097" WIDTH="202" HEIGHT="75" STYLEREFS="font0"/><SP WIDTH="26" VPOS="1097" HPOS="1490"/><String ID="p822_w719" CONTENT="a" HPOS="1516" VPOS="1097" WIDTH="17" HEIGHT="75" STYLEREFS="font0"/><SP WIDTH="29" VPOS="1097" HPOS="1533"/><String ID="p822_w720" CONTENT="town" HPOS="1562" VPOS="1097" WIDTH="86" HEIGHT="75" STYLEREFS="font0"/><SP WIDTH="29" VPOS="1097" HPOS="1648"/><String ID="p822_w721" CONTENT="of" HPOS="1677" VPOS="1097" WIDTH="40" HEIGHT="75" STYLEREFS="font0"/><SP WIDTH="23" VPOS="1097" HPOS="1717"/><String ID="p822_w722" CONTENT="Artois," HPOS="1740" VPOS="1097" WIDTH="126" HEIGHT="75" STYLEREFS="font0"/><SP WIDTH="26" VPOS="1097" HPOS="1866"/><String ID="p822_w723" CONTENT="in" HPOS="1892" VPOS="1097" WIDTH="31" HEIGHT="75" STYLEREFS="font0"/><SP WIDTH="19" VPOS="1097" HPOS="1923"/><String ID="p822_w724" CONTENT="the" HPOS="1942" VPOS="1097" WIDTH="56" HEIGHT="75" STYLEREFS="font0"/><SP WIDTH="28" VPOS="1097" HPOS="1998"/><String ID="p822_w725" CONTENT="French" HPOS="2026" VPOS="1097" WIDTH="126" HEIGHT="75" STYLEREFS="font0"/><SP WIDTH="24" VPOS="1097" HPOS="2152"/><String ID="p822_w726" CONTENT="Nether-" HPOS="2176" VPOS="1097" WIDTH="143" HEIGHT="75" STYLEREFS="font0"/></TextLine><TextLine WIDTH="988" HEIGHT="75" ID="p822_t84" HPOS="1335" VPOS="1143"><String ID="p822_w727" CONTENT="lands," HPOS="1335" VPOS="1143" WIDTH="104" HEIGHT="75" STYLEREFS="font0"/><SP WIDTH="25" VPOS="1143" HPOS="1439"/><String ID="p822_w728" CONTENT="fituated" HPOS="1464" VPOS="1143" WIDTH="133" HEIGHT="75" STYLEREFS="font0"/><SP WIDTH="16" VPOS="1143" HPOS="1597"/><String ID="p822_w729" CONTENT="on" HPOS="1613" VPOS="1143" WIDTH="42" HEIGHT="75" STYLEREFS="font0"/><SP WIDTH="25" VPOS="1143" HPOS="1655"/><String ID="p822_w730" CONTENT="the" HPOS="1680" VPOS="1143" WIDTH="55" HEIGHT="75" STYLEREFS="font0"/><SP WIDTH="23" VPOS="1143" HPOS="1735"/><String ID="p822_w731" CONTENT="confines" HPOS="1758" VPOS="1143" WIDTH="138" HEIGHT="75" STYLEREFS="font0"/><SP WIDTH="25" VPOS="1143" HPOS="1896"/><String ID="p822_w732" CONTENT="of" HPOS="1921" VPOS="1143" WIDTH="40" HEIGHT="75" STYLEREFS="font0"/><SP WIDTH="16" VPOS="1143" HPOS="1961"/><String ID="p822_w733" CONTENT="Picardy:" HPOS="1977" VPOS="1143" WIDTH="158" HEIGHT="75" STYLEREFS="font0"/><SP WIDTH="36" VPOS="1143" HPOS="2135"/><String ID="p822_w734" CONTENT="E." HPOS="2171" VPOS="1143" WIDTH="44" HEIGHT="75" STYLEREFS="font0"/><SP WIDTH="18" VPOS="1143" HPOS="2215"/><String ID="p822_w735" CONTENT="long." HPOS="2233" VPOS="1143" WIDTH="90" HEIGHT="75" STYLEREFS="font0"/></TextLine><TextLine WIDTH="531" HEIGHT="75" ID="p822_t85" HPOS="1339" VPOS="1173"><String ID="p822_w736" CONTENT="2" HPOS="1339" VPOS="1191" WIDTH="16" HEIGHT="75" STYLEREFS="font0"/><String ID="p822_w737" CONTENT="0" HPOS="1355" VPOS="1173" WIDTH="25" HEIGHT="49" STYLEREFS="font1"/><SP WIDTH="20" VPOS="1173" HPOS="1380"/><String ID="p822_w738" CONTENT="4o\" HPOS="1400" VPOS="1191" WIDTH="69" HEIGHT="75" STYLEREFS="font0"/><SP WIDTH="26" VPOS="1191" HPOS="1469"/><String ID="p822_w739" CONTENT="and" HPOS="1495" VPOS="1191" WIDTH="61" HEIGHT="75" STYLEREFS="font0"/><SP WIDTH="17" VPOS="1191" HPOS="1556"/><String ID="p822_w740" CONTENT="N." HPOS="1573" VPOS="1191" WIDTH="47" HEIGHT="75" STYLEREFS="font0"/><SP WIDTH="18" VPOS="1191" HPOS="1620"/><String ID="p822_w741" CONTENT="lat." HPOS="1638" VPOS="1191" WIDTH="57" HEIGHT="75" STYLEREFS="font0"/><SP WIDTH="23" VPOS="1191" HPOS="1695"/><String ID="p822_w742" CONTENT="50°" HPOS="1718" VPOS="1191" WIDTH="64" HEIGHT="75" STYLEREFS="font0"/><SP WIDTH="26" VPOS="1191" HPOS="1782"/><String ID="p822_w743" CONTENT="I2" HPOS="1808" VPOS="1191" WIDTH="36" HEIGHT="75" STYLEREFS="font0"/><String ID="p822_w744" CONTENT="," HPOS="1844" VPOS="1173" WIDTH="13" HEIGHT="49" STYLEREFS="font1"/><String ID="p822_w745" CONTENT="." HPOS="1857" VPOS="1191" WIDTH="13" HEIGHT="75" STYLEREFS="font0"/></TextLine><TextLine WIDTH="1035" HEIGHT="75" ID="p822_t86" HPOS="1289" VPOS="1237"><String ID="p822_w746" CONTENT="BUR," HPOS="1289" VPOS="1237" WIDTH="112" HEIGHT="75" STYLEREFS="font0"/><SP WIDTH="27" VPOS="1237" HPOS="1401"/><String ID="p822_w747" CONTENT="a" HPOS="1428" VPOS="1237" WIDTH="17" HEIGHT="75" STYLEREFS="font0"/><SP WIDTH="16" VPOS="1237" HPOS="1445"/><String ID="p822_w748" CONTENT="broad" HPOS="1461" VPOS="1237" WIDTH="101" HEIGHT="75" STYLEREFS="font0"/><SP WIDTH="16" VPOS="1237" HPOS="1562"/><String ID="p822_w749" CONTENT="ring" HPOS="1578" VPOS="1237" WIDTH="69" HEIGHT="75" STYLEREFS="font0"/><SP WIDTH="24" VPOS="1237" HPOS="1647"/><String ID="p822_w750" CONTENT="of" HPOS="1671" VPOS="1237" WIDTH="39" HEIGHT="75" STYLEREFS="font0"/><SP WIDTH="23" VPOS="1237" HPOS="1710"/><String ID="p822_w751" CONTENT="iron," HPOS="1733" VPOS="1237" WIDTH="81" HEIGHT="75" STYLEREFS="font0"/><SP WIDTH="26" VPOS="1237" HPOS="1814"/><String ID="p822_w752" CONTENT="behind" HPOS="1840" VPOS="1237" WIDTH="118" HEIGHT="75" STYLEREFS="font0"/><SP WIDTH="17" VPOS="1237" HPOS="1958"/><String ID="p822_w753" CONTENT="the" HPOS="1975" VPOS="1237" WIDTH="55" HEIGHT="75" STYLEREFS="font0"/><SP WIDTH="28" VPOS="1237" HPOS="2030"/><String ID="p822_w754" CONTENT="place" HPOS="2058" VPOS="1237" WIDTH="88" HEIGHT="75" STYLEREFS="font0"/><SP WIDTH="17" VPOS="1237" HPOS="2146"/><String ID="p822_w755" CONTENT="made" HPOS="2163" VPOS="1237" WIDTH="92" HEIGHT="75" STYLEREFS="font0"/><SP WIDTH="17" VPOS="1237" HPOS="2255"/><String ID="p822_w756" CONTENT="for" HPOS="2272" VPOS="1237" WIDTH="52" HEIGHT="75" STYLEREFS="font0"/></TextLine><TextLine WIDTH="986" HEIGHT="75" ID="p822_t87" HPOS="1337" VPOS="1282"><String ID="p822_w757" CONTENT="the" HPOS="1337" VPOS="1282" WIDTH="54" HEIGHT="75" STYLEREFS="font0"/><SP WIDTH="15" VPOS="1282" HPOS="1391"/><String ID="p822_w758" CONTENT="hand" HPOS="1406" VPOS="1282" WIDTH="86" HEIGHT="75" STYLEREFS="font0"/><SP WIDTH="17" VPOS="1282" HPOS="1492"/><String ID="p822_w759" CONTENT="on" HPOS="1509" VPOS="1282" WIDTH="41" HEIGHT="75" STYLEREFS="font0"/><SP WIDTH="18" VPOS="1282" HPOS="1550"/><String ID="p822_w760" CONTENT="the" HPOS="1568" VPOS="1282" WIDTH="54" HEIGHT="75" STYLEREFS="font0"/><SP WIDTH="17" VPOS="1282" HPOS="1622"/><String ID="p822_w761" CONTENT="fpears" HPOS="1639" VPOS="1282" WIDTH="103" HEIGHT="75" STYLEREFS="font0"/><SP WIDTH="18" VPOS="1282" HPOS="1742"/><String ID="p822_w762" CONTENT="ufed" HPOS="1760" VPOS="1282" WIDTH="76" HEIGHT="75" STYLEREFS="font0"/><SP WIDTH="17" VPOS="1282" HPOS="1836"/><String ID="p822_w763" CONTENT="formerly" HPOS="1853" VPOS="1282" WIDTH="153" HEIGHT="75" STYLEREFS="font0"/><SP WIDTH="16" VPOS="1282" HPOS="2006"/><String ID="p822_w764" CONTENT="in" HPOS="2022" VPOS="1282" WIDTH="31" HEIGHT="75" STYLEREFS="font0"/><SP WIDTH="19" VPOS="1282" HPOS="2053"/><String ID="p822_w765" CONTENT="tilting," HPOS="2072" VPOS="1282" WIDTH="118" HEIGHT="75" STYLEREFS="font0"/><SP WIDTH="27" VPOS="1282" HPOS="2190"/><String ID="p822_w766" CONTENT="which" HPOS="2217" VPOS="1282" WIDTH="106" HEIGHT="75" STYLEREFS="font0"/></TextLine><TextLine WIDTH="987" HEIGHT="75" ID="p822_t88" HPOS="1335" VPOS="1327"><String ID="p822_w767" CONTENT="bur" HPOS="1335" VPOS="1327" WIDTH="59" HEIGHT="75" STYLEREFS="font0"/><SP WIDTH="18" VPOS="1327" HPOS="1394"/><String ID="p822_w768" CONTENT="was" HPOS="1412" VPOS="1327" WIDTH="63" HEIGHT="75" STYLEREFS="font0"/><SP WIDTH="25" VPOS="1327" HPOS="1475"/><String ID="p822_w769" CONTENT="brought" HPOS="1500" VPOS="1327" WIDTH="139" HEIGHT="75" STYLEREFS="font0"/><SP WIDTH="26" VPOS="1327" HPOS="1639"/><String ID="p822_w770" CONTENT="to" HPOS="1665" VPOS="1327" WIDTH="35" HEIGHT="75" STYLEREFS="font0"/><SP WIDTH="16" VPOS="1327" HPOS="1700"/><String ID="p822_w771" CONTENT="reft," HPOS="1716" VPOS="1327" WIDTH="72" HEIGHT="75" STYLEREFS="font0"/><SP WIDTH="27" VPOS="1327" HPOS="1788"/><String ID="p822_w772" CONTENT="when" HPOS="1815" VPOS="1327" WIDTH="91" HEIGHT="75" STYLEREFS="font0"/><SP WIDTH="20" VPOS="1327" HPOS="1906"/><String ID="p822_w773" CONTENT="the" HPOS="1926" VPOS="1327" WIDTH="54" HEIGHT="75" STYLEREFS="font0"/><SP WIDTH="24" VPOS="1327" HPOS="1980"/><String ID="p822_w774" CONTENT="tilter" HPOS="2004" VPOS="1327" WIDTH="88" HEIGHT="75" STYLEREFS="font0"/><SP WIDTH="17" VPOS="1327" HPOS="2092"/><String ID="p822_w775" CONTENT="charged" HPOS="2109" VPOS="1327" WIDTH="139" HEIGHT="75" STYLEREFS="font0"/><SP WIDTH="24" VPOS="1327" HPOS="2248"/><String ID="p822_w776" CONTENT="his" HPOS="2272" VPOS="1327" WIDTH="50" HEIGHT="75" STYLEREFS="font0"/></TextLine><TextLine WIDTH="99" HEIGHT="75" ID="p822_t89" HPOS="1338" VPOS="1373"><String ID="p822_w777" CONTENT="fpear." HPOS="1338" VPOS="1373" WIDTH="99" HEIGHT="75" STYLEREFS="font0"/></TextLine><TextLine WIDTH="1033" HEIGHT="75" ID="p822_t90" HPOS="1289" VPOS="1422"><String ID="p822_w778" CONTENT="BURBAS," HPOS="1289" VPOS="1422" WIDTH="203" HEIGHT="75" STYLEREFS="font0"/><SP WIDTH="26" VPOS="1422" HPOS="1492"/><String ID="p822_w779" CONTENT="in" HPOS="1518" VPOS="1422" WIDTH="33" HEIGHT="75" STYLEREFS="font0"/><SP WIDTH="17" VPOS="1422" HPOS="1551"/><String ID="p822_w780" CONTENT="commerce," HPOS="1568" VPOS="1422" WIDTH="189" HEIGHT="75" STYLEREFS="font0"/><SP WIDTH="26" VPOS="1422" HPOS="1757"/><String ID="p822_w781" CONTENT="a" HPOS="1783" VPOS="1422" WIDTH="17" HEIGHT="75" STYLEREFS="font0"/><SP WIDTH="20" VPOS="1422" HPOS="1800"/><String ID="p822_w782" CONTENT="fmall" HPOS="1820" VPOS="1422" WIDTH="89" HEIGHT="75" STYLEREFS="font0"/><SP WIDTH="16" VPOS="1422" HPOS="1909"/><String ID="p822_w783" CONTENT="coin" HPOS="1925" VPOS="1422" WIDTH="72" HEIGHT="75" STYLEREFS="font0"/><SP WIDTH="28" VPOS="1422" HPOS="1997"/><String ID="p822_w784" CONTENT="at" HPOS="2025" VPOS="1422" WIDTH="31" HEIGHT="75" STYLEREFS="font0"/><SP WIDTH="19" VPOS="1422" HPOS="2056"/><String ID="p822_w785" CONTENT="Algiers," HPOS="2075" VPOS="1422" WIDTH="142" HEIGHT="75" STYLEREFS="font0"/><SP WIDTH="25" VPOS="1422" HPOS="2217"/><String ID="p822_w786" CONTENT="with" HPOS="2242" VPOS="1422" WIDTH="80" HEIGHT="75" STYLEREFS="font0"/></TextLine><TextLine WIDTH="986" HEIGHT="75" ID="p822_t91" HPOS="1336" VPOS="1467"><String ID="p822_w787" CONTENT="the" HPOS="1336" VPOS="1467" WIDTH="55" HEIGHT="75" STYLEREFS="font0"/><SP WIDTH="17" VPOS="1467" HPOS="1391"/><String ID="p822_w788" CONTENT="arms" HPOS="1408" VPOS="1467" WIDTH="82" HEIGHT="75" STYLEREFS="font0"/><SP WIDTH="17" VPOS="1467" HPOS="1490"/><String ID="p822_w789" CONTENT="of" HPOS="1507" VPOS="1467" WIDTH="40" HEIGHT="75" STYLEREFS="font0"/><SP WIDTH="11" VPOS="1467" HPOS="1547"/><String ID="p822_w790" CONTENT="the" HPOS="1558" VPOS="1467" WIDTH="55" HEIGHT="75" STYLEREFS="font0"/><SP WIDTH="16" VPOS="1467" HPOS="1613"/><String ID="p822_w791" CONTENT="dey" HPOS="1629" VPOS="1467" WIDTH="63" HEIGHT="75" STYLEREFS="font0"/><SP WIDTH="16" VPOS="1467" HPOS="1692"/><String ID="p822_w792" CONTENT="ftruck" HPOS="1708" VPOS="1467" WIDTH="105" HEIGHT="75" STYLEREFS="font0"/><SP WIDTH="22" VPOS="1467" HPOS="1813"/><String ID="p822_w793" CONTENT="on" HPOS="1835" VPOS="1467" WIDTH="40" HEIGHT="75" STYLEREFS="font0"/><SP WIDTH="25" VPOS="1467" HPOS="1875"/><String ID="p822_w794" CONTENT="both" HPOS="1900" VPOS="1467" WIDTH="78" HEIGHT="75" STYLEREFS="font0"/><SP WIDTH="18" VPOS="1467" HPOS="1978"/><String ID="p822_w795" CONTENT="fides" HPOS="1996" VPOS="1467" WIDTH="78" HEIGHT="75" STYLEREFS="font0"/><SP WIDTH="15" VPOS="1467" HPOS="2074"/><String ID="p822_w796" CONTENT=":" HPOS="2089" VPOS="1467" WIDTH="8" HEIGHT="75" STYLEREFS="font0"/><SP WIDTH="33" VPOS="1467" HPOS="2097"/><String ID="p822_w797" CONTENT="it" HPOS="2130" VPOS="1467" WIDTH="25" HEIGHT="75" STYLEREFS="font0"/><SP WIDTH="17" VPOS="1467" HPOS="2155"/><String ID="p822_w798" CONTENT="is" HPOS="2172" VPOS="1467" WIDTH="27" HEIGHT="75" STYLEREFS="font0"/><SP WIDTH="17" VPOS="1467" HPOS="2199"/><String ID="p822_w799" CONTENT="worth" HPOS="2216" VPOS="1467" WIDTH="106" HEIGHT="75" STYLEREFS="font0"/></TextLine><TextLine WIDTH="240" HEIGHT="75" ID="p822_t92" HPOS="1337" VPOS="1513"><String ID="p822_w800" CONTENT="half" HPOS="1337" VPOS="1513" WIDTH="72" HEIGHT="75" STYLEREFS="font0"/><SP WIDTH="12" VPOS="1513" HPOS="1409"/><String ID="p822_w801" CONTENT="an" HPOS="1421" VPOS="1513" WIDTH="38" HEIGHT="75" STYLEREFS="font0"/><SP WIDTH="18" VPOS="1513" HPOS="1459"/><String ID="p822_w802" CONTENT="afper." HPOS="1477" VPOS="1513" WIDTH="100" HEIGHT="75" STYLEREFS="font0"/></TextLine><TextLine WIDTH="29" HEIGHT="49" ID="p822_t93" HPOS="1829" VPOS="1545"><String ID="p822_w803" CONTENT="%" HPOS="1829" VPOS="1545" WIDTH="29" HEIGHT="49" STYLEREFS="font2"/></TextLine><TextLine WIDTH="1032" HEIGHT="75" ID="p822_t94" HPOS="1291" VPOS="1561"><String ID="p822_w804" CONTENT="BURCHAUSEN," HPOS="1291" VPOS="1561" WIDTH="344" HEIGHT="75" STYLEREFS="font0"/><SP WIDTH="33" VPOS="1561" HPOS="1635"/><String ID="p822_w805" CONTENT="a" HPOS="1668" VPOS="1561" WIDTH="18" HEIGHT="75" STYLEREFS="font0"/><SP WIDTH="24" VPOS="1561" HPOS="1686"/><String ID="p822_w806" CONTENT="town" HPOS="1710" VPOS="1561" WIDTH="87" HEIGHT="75" STYLEREFS="font0"/><SP WIDTH="25" VPOS="1561" HPOS="1797"/><String ID="p822_w807" CONTENT="of" HPOS="1822" VPOS="1561" WIDTH="41" HEIGHT="75" STYLEREFS="font0"/><SP WIDTH="18" VPOS="1561" HPOS="1863"/><String ID="p822_w808" CONTENT="Germany," HPOS="1881" VPOS="1561" WIDTH="179" HEIGHT="75" STYLEREFS="font0"/><SP WIDTH="24" VPOS="1561" HPOS="2060"/><String ID="p822_w809" CONTENT="in" HPOS="2084" VPOS="1561" WIDTH="33" HEIGHT="75" STYLEREFS="font0"/><SP WIDTH="24" VPOS="1561" HPOS="2117"/><String ID="p822_w810" CONTENT="the" HPOS="2141" VPOS="1561" WIDTH="55" HEIGHT="75" STYLEREFS="font0"/><SP WIDTH="26" VPOS="1561" HPOS="2196"/><String ID="p822_w811" CONTENT="lower" HPOS="2222" VPOS="1561" WIDTH="101" HEIGHT="75" STYLEREFS="font0"/></TextLine><TextLine WIDTH="902" HEIGHT="75" ID="p822_t95" HPOS="1337" VPOS="1588"><String ID="p822_w812" CONTENT="Bavaria," HPOS="1337" VPOS="1606" WIDTH="148" HEIGHT="75" STYLEREFS="font0"/><SP WIDTH="18" VPOS="1606" HPOS="1485"/><String ID="p822_w813" CONTENT="fituated" HPOS="1503" VPOS="1606" WIDTH="134" HEIGHT="75" STYLEREFS="font0"/><SP WIDTH="16" VPOS="1606" HPOS="1637"/><String ID="p822_w814" CONTENT="on" HPOS="1653" VPOS="1606" WIDTH="41" HEIGHT="75" STYLEREFS="font0"/><SP WIDTH="12" VPOS="1606" HPOS="1694"/><String ID="p822_w815" CONTENT="the" HPOS="1706" VPOS="1606" WIDTH="55" HEIGHT="75" STYLEREFS="font0"/><SP WIDTH="12" VPOS="1606" HPOS="1761"/><String ID="p822_w816" CONTENT="river" HPOS="1773" VPOS="1606" WIDTH="83" HEIGHT="75" STYLEREFS="font0"/><SP WIDTH="13" VPOS="1606" HPOS="1856"/><String ID="p822_w817" CONTENT="Saltz" HPOS="1869" VPOS="1606" WIDTH="93" HEIGHT="75" STYLEREFS="font0"/><SP WIDTH="13" VPOS="1606" HPOS="1962"/><String ID="p822_w818" CONTENT=":" HPOS="1975" VPOS="1606" WIDTH="8" HEIGHT="75" STYLEREFS="font0"/><SP WIDTH="28" VPOS="1606" HPOS="1983"/><String ID="p822_w819" CONTENT="E." HPOS="2011" VPOS="1606" WIDTH="43" HEIGHT="75" STYLEREFS="font0"/><SP WIDTH="18" VPOS="1606" HPOS="2054"/><String ID="p822_w820" CONTENT="long." HPOS="2072" VPOS="1606" WIDTH="88" HEIGHT="75" STYLEREFS="font0"/><SP WIDTH="19" VPOS="1606" HPOS="2160"/><String ID="p822_w821" CONTENT="13" HPOS="2179" VPOS="1606" WIDTH="38" HEIGHT="75" STYLEREFS="font0"/><String ID="p822_w822" CONTENT="0" HPOS="2217" VPOS="1588" WIDTH="22" HEIGHT="49" STYLEREFS="font1"/></TextLine><TextLine WIDTH="352" HEIGHT="75" ID="p822_t96" HPOS="1339" VPOS="1635"><String ID="p822_w823" CONTENT="and" HPOS="1339" VPOS="1653" WIDTH="61" HEIGHT="75" STYLEREFS="font0"/><SP WIDTH="17" VPOS="1653" HPOS="1400"/><String ID="p822_w824" CONTENT="N." HPOS="1417" VPOS="1653" WIDTH="46" HEIGHT="75" STYLEREFS="font0"/><SP WIDTH="20" VPOS="1653" HPOS="1463"/><String ID="p822_w825" CONTENT="lat." HPOS="1483" VPOS="1653" WIDTH="57" HEIGHT="75" STYLEREFS="font0"/><SP WIDTH="20" VPOS="1653" HPOS="1540"/><String ID="p822_w826" CONTENT="4S" HPOS="1560" VPOS="1653" WIDTH="42" HEIGHT="75" STYLEREFS="font0"/><String ID="p822_w827" CONTENT="0" HPOS="1602" VPOS="1635" WIDTH="24" HEIGHT="49" STYLEREFS="font1"/><SP WIDTH="22" VPOS="1635" HPOS="1626"/><String ID="p822_w828" CONTENT="5'" HPOS="1648" VPOS="1653" WIDTH="31" HEIGHT="75" STYLEREFS="font0"/><String ID="p822_w829" CONTENT="." HPOS="1679" VPOS="1653" WIDTH="12" HEIGHT="75" STYLEREFS="font0"/></TextLine><TextLine WIDTH="1031" HEIGHT="75" ID="p822_t97" HPOS="1289" VPOS="1701"><String ID="p822_w830" CONTENT="BURDEN," HPOS="1289" VPOS="1701" WIDTH="219" HEIGHT="75" STYLEREFS="font0"/><SP WIDTH="24" VPOS="1701" HPOS="1508"/><String ID="p822_w831" CONTENT="or" HPOS="1532" VPOS="1701" WIDTH="37" HEIGHT="75" STYLEREFS="font0"/><SP WIDTH="16" VPOS="1701" HPOS="1569"/><String ID="p822_w832" CONTENT="Burdon," HPOS="1585" VPOS="1701" WIDTH="182" HEIGHT="75" STYLEREFS="font0"/><SP WIDTH="25" VPOS="1701" HPOS="1767"/><String ID="p822_w833" CONTENT="in" HPOS="1792" VPOS="1701" WIDTH="32" HEIGHT="75" STYLEREFS="font0"/><SP WIDTH="17" VPOS="1701" HPOS="1824"/><String ID="p822_w834" CONTENT="mufic," HPOS="1841" VPOS="1701" WIDTH="107" HEIGHT="75" STYLEREFS="font0"/><SP WIDTH="26" VPOS="1701" HPOS="1948"/><String ID="p822_w835" CONTENT="the" HPOS="1974" VPOS="1701" WIDTH="56" HEIGHT="75" STYLEREFS="font0"/><SP WIDTH="30" VPOS="1701" HPOS="2030"/><String ID="p822_w836" CONTENT="drone" HPOS="2060" VPOS="1701" WIDTH="100" HEIGHT="75" STYLEREFS="font0"/><SP WIDTH="16" VPOS="1701" HPOS="2160"/><String ID="p822_w837" CONTENT="or" HPOS="2176" VPOS="1701" WIDTH="38" HEIGHT="75" STYLEREFS="font0"/><SP WIDTH="23" VPOS="1701" HPOS="2214"/><String ID="p822_w838" CONTENT="bals," HPOS="2237" VPOS="1701" WIDTH="83" HEIGHT="75" STYLEREFS="font0"/></TextLine><TextLine WIDTH="985" HEIGHT="75" ID="p822_t98" HPOS="1339" VPOS="1746"><String ID="p822_w839" CONTENT="and" HPOS="1339" VPOS="1746" WIDTH="62" HEIGHT="75" STYLEREFS="font0"/><SP WIDTH="16" VPOS="1746" HPOS="1401"/><String ID="p822_w840" CONTENT="the" HPOS="1417" VPOS="1746" WIDTH="55" HEIGHT="75" STYLEREFS="font0"/><SP WIDTH="16" VPOS="1746" HPOS="1472"/><String ID="p822_w841" CONTENT="pipe" HPOS="1488" VPOS="1746" WIDTH="72" HEIGHT="75" STYLEREFS="font0"/><SP WIDTH="17" VPOS="1746" HPOS="1560"/><String ID="p822_w842" CONTENT="or" HPOS="1577" VPOS="1746" WIDTH="36" HEIGHT="75" STYLEREFS="font0"/><SP WIDTH="23" VPOS="1746" HPOS="1613"/><String ID="p822_w843" CONTENT="firing" HPOS="1636" VPOS="1746" WIDTH="97" HEIGHT="75" STYLEREFS="font0"/><SP WIDTH="16" VPOS="1746" HPOS="1733"/><String ID="p822_w844" CONTENT="which" HPOS="1749" VPOS="1746" WIDTH="105" HEIGHT="75" STYLEREFS="font0"/><SP WIDTH="17" VPOS="1746" HPOS="1854"/><String ID="p822_w845" CONTENT="plays" HPOS="1871" VPOS="1746" WIDTH="88" HEIGHT="75" STYLEREFS="font0"/><SP WIDTH="14" VPOS="1746" HPOS="1959"/><String ID="p822_w846" CONTENT="it:" HPOS="1973" VPOS="1746" WIDTH="47" HEIGHT="75" STYLEREFS="font0"/><SP WIDTH="27" VPOS="1746" HPOS="2020"/><String ID="p822_w847" CONTENT="Hence" HPOS="2047" VPOS="1746" WIDTH="110" HEIGHT="75" STYLEREFS="font0"/><SP WIDTH="13" VPOS="1746" HPOS="2157"/><String ID="p822_w848" CONTENT="that" HPOS="2170" VPOS="1746" WIDTH="70" HEIGHT="75" STYLEREFS="font0"/><SP WIDTH="13" VPOS="1746" HPOS="2240"/><String ID="p822_w849" CONTENT="part" HPOS="2253" VPOS="1746" WIDTH="71" HEIGHT="75" STYLEREFS="font0"/></TextLine><TextLine WIDTH="984" HEIGHT="75" ID="p822_t99" HPOS="1338" VPOS="1794"><String ID="p822_w850" CONTENT="of" HPOS="1338" VPOS="1794" WIDTH="38" HEIGHT="75" STYLEREFS="font0"/><SP WIDTH="12" VPOS="1794" HPOS="1376"/><String ID="p822_w851" CONTENT="a" HPOS="1388" VPOS="1794" WIDTH="18" HEIGHT="75" STYLEREFS="font0"/><SP WIDTH="18" VPOS="1794" HPOS="1406"/><String ID="p822_w852" CONTENT="fong," HPOS="1424" VPOS="1794" WIDTH="89" HEIGHT="75" STYLEREFS="font0"/><SP WIDTH="26" VPOS="1794" HPOS="1513"/><String ID="p822_w853" CONTENT="that" HPOS="1539" VPOS="1794" WIDTH="71" HEIGHT="75" STYLEREFS="font0"/><SP WIDTH="16" VPOS="1794" HPOS="1610"/><String ID="p822_w854" CONTENT="is" HPOS="1626" VPOS="1794" WIDTH="26" HEIGHT="75" STYLEREFS="font0"/><SP WIDTH="18" VPOS="1794" HPOS="1652"/><String ID="p822_w855" CONTENT="repeated" HPOS="1670" VPOS="1794" WIDTH="151" HEIGHT="75" STYLEREFS="font0"/><SP WIDTH="15" VPOS="1794" HPOS="1821"/><String ID="p822_w856" CONTENT="at" HPOS="1836" VPOS="1794" WIDTH="32" HEIGHT="75" STYLEREFS="font0"/><SP WIDTH="18" VPOS="1794" HPOS="1868"/><String ID="p822_w857" CONTENT="the" HPOS="1886" VPOS="1794" WIDTH="55" HEIGHT="75" STYLEREFS="font0"/><SP WIDTH="16" VPOS="1794" HPOS="1941"/><String ID="p822_w858" CONTENT="end" HPOS="1957" VPOS="1794" WIDTH="62" HEIGHT="75" STYLEREFS="font0"/><SP WIDTH="17" VPOS="1794" HPOS="2019"/><String ID="p822_w859" CONTENT="of" HPOS="2036" VPOS="1794" WIDTH="41" HEIGHT="75" STYLEREFS="font0"/><SP WIDTH="10" VPOS="1794" HPOS="2077"/><String ID="p822_w860" CONTENT="every" HPOS="2087" VPOS="1794" WIDTH="96" HEIGHT="75" STYLEREFS="font0"/><SP WIDTH="20" VPOS="1794" HPOS="2183"/><String ID="p822_w861" CONTENT="llanza," HPOS="2203" VPOS="1794" WIDTH="119" HEIGHT="75" STYLEREFS="font0"/></TextLine><TextLine WIDTH="466" HEIGHT="75" ID="p822_t100" HPOS="1336" VPOS="1840"><String ID="p822_w862" CONTENT="is" HPOS="1336" VPOS="1840" WIDTH="27" HEIGHT="75" STYLEREFS="font0"/><SP WIDTH="16" VPOS="1840" HPOS="1363"/><String ID="p822_w863" CONTENT="called" HPOS="1379" VPOS="1840" WIDTH="102" HEIGHT="75" STYLEREFS="font0"/><SP WIDTH="17" VPOS="1840" HPOS="1481"/><String ID="p822_w864" CONTENT="the" HPOS="1498" VPOS="1840" WIDTH="55" HEIGHT="75" STYLEREFS="font0"/><SP WIDTH="20" VPOS="1840" HPOS="1553"/><String ID="p822_w865" CONTENT="burden" HPOS="1573" VPOS="1840" WIDTH="121" HEIGHT="75" STYLEREFS="font0"/><SP WIDTH="17" VPOS="1840" HPOS="1694"/><String ID="p822_w866" CONTENT="of" HPOS="1711" VPOS="1840" WIDTH="41" HEIGHT="75" STYLEREFS="font0"/><SP WIDTH="11" VPOS="1840" HPOS="1752"/><String ID="p822_w867" CONTENT="it." HPOS="1763" VPOS="1840" WIDTH="39" HEIGHT="75" STYLEREFS="font0"/></TextLine><TextLine WIDTH="936" HEIGHT="75" ID="p822_t101" HPOS="1387" VPOS="1886"><String ID="p822_w868" CONTENT="A" HPOS="1387" VPOS="1886" WIDTH="30" HEIGHT="75" STYLEREFS="font0"/><SP WIDTH="17" VPOS="1886" HPOS="1417"/><String ID="p822_w869" CONTENT="chord" HPOS="1434" VPOS="1886" WIDTH="101" HEIGHT="75" STYLEREFS="font0"/><SP WIDTH="18" VPOS="1886" HPOS="1535"/><String ID="p822_w870" CONTENT="which" HPOS="1553" VPOS="1886" WIDTH="105" HEIGHT="75" STYLEREFS="font0"/><SP WIDTH="20" VPOS="1886" HPOS="1658"/><String ID="p822_w871" CONTENT="is" HPOS="1678" VPOS="1886" WIDTH="26" HEIGHT="75" STYLEREFS="font0"/><SP WIDTH="17" VPOS="1886" HPOS="1704"/><String ID="p822_w872" CONTENT="to" HPOS="1721" VPOS="1886" WIDTH="37" HEIGHT="75" STYLEREFS="font0"/><SP WIDTH="15" VPOS="1886" HPOS="1758"/><String ID="p822_w873" CONTENT="be" HPOS="1773" VPOS="1886" WIDTH="39" HEIGHT="75" STYLEREFS="font0"/><SP WIDTH="18" VPOS="1886" HPOS="1812"/><String ID="p822_w874" CONTENT="divided," HPOS="1830" VPOS="1886" WIDTH="143" HEIGHT="75" STYLEREFS="font0"/><SP WIDTH="24" VPOS="1886" HPOS="1973"/><String ID="p822_w875" CONTENT="to" HPOS="1997" VPOS="1886" WIDTH="36" HEIGHT="75" STYLEREFS="font0"/><SP WIDTH="15" VPOS="1886" HPOS="2033"/><String ID="p822_w876" CONTENT="perform" HPOS="2048" VPOS="1886" WIDTH="141" HEIGHT="75" STYLEREFS="font0"/><SP WIDTH="18" VPOS="1886" HPOS="2189"/><String ID="p822_w877" CONTENT="the" HPOS="2207" VPOS="1886" WIDTH="55" HEIGHT="75" STYLEREFS="font0"/><SP WIDTH="12" VPOS="1886" HPOS="2262"/><String ID="p822_w878" CONTENT="in-" HPOS="2274" VPOS="1886" WIDTH="49" HEIGHT="75" STYLEREFS="font0"/></TextLine><TextLine WIDTH="988" HEIGHT="75" ID="p822_t102" HPOS="1335" VPOS="1933"><String ID="p822_w879" CONTENT="tervals" HPOS="1335" VPOS="1933" WIDTH="119" HEIGHT="75" STYLEREFS="font0"/><SP WIDTH="24" VPOS="1933" HPOS="1454"/><String ID="p822_w880" CONTENT="of" HPOS="1478" VPOS="1933" WIDTH="41" HEIGHT="75" STYLEREFS="font0"/><SP WIDTH="22" VPOS="1933" HPOS="1519"/><String ID="p822_w881" CONTENT="mufic," HPOS="1541" VPOS="1933" WIDTH="108" HEIGHT="75" STYLEREFS="font0"/><SP WIDTH="26" VPOS="1933" HPOS="1649"/><String ID="p822_w882" CONTENT="when" HPOS="1675" VPOS="1933" WIDTH="92" HEIGHT="75" STYLEREFS="font0"/><SP WIDTH="28" VPOS="1933" HPOS="1767"/><String ID="p822_w883" CONTENT="open" HPOS="1795" VPOS="1933" WIDTH="81" HEIGHT="75" STYLEREFS="font0"/><SP WIDTH="27" VPOS="1933" HPOS="1876"/><String ID="p822_w884" CONTENT="and" HPOS="1903" VPOS="1933" WIDTH="63" HEIGHT="75" STYLEREFS="font0"/><SP WIDTH="28" VPOS="1933" HPOS="1966"/><String ID="p822_w885" CONTENT="undivided," HPOS="1994" VPOS="1933" WIDTH="182" HEIGHT="75" STYLEREFS="font0"/><SP WIDTH="26" VPOS="1933" HPOS="2176"/><String ID="p822_w886" CONTENT="is" HPOS="2202" VPOS="1933" WIDTH="27" HEIGHT="75" STYLEREFS="font0"/><SP WIDTH="28" VPOS="1933" HPOS="2229"/><String ID="p822_w887" CONTENT="alfo" HPOS="2257" VPOS="1933" WIDTH="66" HEIGHT="75" STYLEREFS="font0"/></TextLine><TextLine WIDTH="335" HEIGHT="75" ID="p822_t103" HPOS="1337" VPOS="1978"><String ID="p822_w888" CONTENT="called" HPOS="1337" VPOS="1978" WIDTH="102" HEIGHT="75" STYLEREFS="font0"/><SP WIDTH="22" VPOS="1978" HPOS="1439"/><String ID="p822_w889" CONTENT="the" HPOS="1461" VPOS="1978" WIDTH="55" HEIGHT="75" STYLEREFS="font0"/><SP WIDTH="23" VPOS="1978" HPOS="1516"/><String ID="p822_w890" CONTENT="burden." HPOS="1539" VPOS="1978" WIDTH="133" HEIGHT="75" STYLEREFS="font0"/></TextLine><TextLine WIDTH="1034" HEIGHT="75" ID="p822_t104" HPOS="1289" VPOS="2024"><String ID="p822_w891" CONTENT="Burden" HPOS="1289" VPOS="2024" WIDTH="160" HEIGHT="75" STYLEREFS="font0"/><SP WIDTH="26" VPOS="2024" HPOS="1449"/><String ID="p822_w892" CONTENT="of" HPOS="1475" VPOS="2024" WIDTH="43" HEIGHT="75" STYLEREFS="font0"/><SP WIDTH="7" VPOS="2024" HPOS="1518"/><String ID="p822_w893" CONTENT="a" HPOS="1525" VPOS="2024" WIDTH="23" HEIGHT="75" STYLEREFS="font0"/><SP WIDTH="4" VPOS="2024" HPOS="1548"/><String ID="p822_w894" CONTENT="Jhip" HPOS="1552" VPOS="2024" WIDTH="79" HEIGHT="75" STYLEREFS="font0"/><SP WIDTH="17" VPOS="2024" HPOS="1631"/><String ID="p822_w895" CONTENT="is" HPOS="1648" VPOS="2024" WIDTH="27" HEIGHT="75" STYLEREFS="font0"/><SP WIDTH="16" VPOS="2024" HPOS="1675"/><String ID="p822_w896" CONTENT="its" HPOS="1691" VPOS="2024" WIDTH="42" HEIGHT="75" STYLEREFS="font0"/><SP WIDTH="18" VPOS="2024" HPOS="1733"/><String ID="p822_w897" CONTENT="contents," HPOS="1751" VPOS="2024" WIDTH="158" HEIGHT="75" STYLEREFS="font0"/><SP WIDTH="26" VPOS="2024" HPOS="1909"/><String ID="p822_w898" CONTENT="or" HPOS="1935" VPOS="2024" WIDTH="37" HEIGHT="75" STYLEREFS="font0"/><SP WIDTH="16" VPOS="2024" HPOS="1972"/><String ID="p822_w899" CONTENT="number" HPOS="1988" VPOS="2024" WIDTH="134" HEIGHT="75" STYLEREFS="font0"/><SP WIDTH="22" VPOS="2024" HPOS="2122"/><String ID="p822_w900" CONTENT="of" HPOS="2144" VPOS="2024" WIDTH="41" HEIGHT="75" STYLEREFS="font0"/><SP WIDTH="22" VPOS="2024" HPOS="2185"/><String ID="p822_w901" CONTENT="tons" HPOS="2207" VPOS="2024" WIDTH="72" HEIGHT="75" STYLEREFS="font0"/><SP WIDTH="17" VPOS="2024" HPOS="2279"/><String ID="p822_w902" CONTENT="it" HPOS="2296" VPOS="2024" WIDTH="27" HEIGHT="75" STYLEREFS="font0"/></TextLine><TextLine WIDTH="986" HEIGHT="75" ID="p822_t105" HPOS="1335" VPOS="2072"><String ID="p822_w903" CONTENT="will" HPOS="1335" VPOS="2072" WIDTH="64" HEIGHT="75" STYLEREFS="font0"/><SP WIDTH="16" VPOS="2072" HPOS="1399"/><String ID="p822_w904" CONTENT="CAxry." HPOS="1415" VPOS="2072" WIDTH="104" HEIGHT="75" STYLEREFS="font0"/><SP WIDTH="48" VPOS="2072" HPOS="1519"/><String ID="p822_w905" CONTENT="The" HPOS="1567" VPOS="2072" WIDTH="76" HEIGHT="75" STYLEREFS="font0"/><SP WIDTH="23" VPOS="2072" HPOS="1643"/><String ID="p822_w906" CONTENT="burden" HPOS="1666" VPOS="2072" WIDTH="121" HEIGHT="75" STYLEREFS="font0"/><SP WIDTH="16" VPOS="2072" HPOS="1787"/><String ID="p822_w907" CONTENT="of" HPOS="1803" VPOS="2072" WIDTH="41" HEIGHT="75" STYLEREFS="font0"/><SP WIDTH="18" VPOS="2072" HPOS="1844"/><String ID="p822_w908" CONTENT="a" HPOS="1862" VPOS="2072" WIDTH="17" HEIGHT="75" STYLEREFS="font0"/><SP WIDTH="17" VPOS="2072" HPOS="1879"/><String ID="p822_w909" CONTENT="fhip" HPOS="1896" VPOS="2072" WIDTH="66" HEIGHT="75" STYLEREFS="font0"/><SP WIDTH="17" VPOS="2072" HPOS="1962"/><String ID="p822_w910" CONTENT="may" HPOS="1979" VPOS="2072" WIDTH="72" HEIGHT="75" STYLEREFS="font0"/><SP WIDTH="16" VPOS="2072" HPOS="2051"/><String ID="p822_w911" CONTENT="be" HPOS="2067" VPOS="2072" WIDTH="40" HEIGHT="75" STYLEREFS="font0"/><SP WIDTH="16" VPOS="2072" HPOS="2107"/><String ID="p822_w912" CONTENT="determined" HPOS="2123" VPOS="2072" WIDTH="198" HEIGHT="75" STYLEREFS="font0"/></TextLine><TextLine WIDTH="989" HEIGHT="75" ID="p822_t106" HPOS="1335" VPOS="2118"><String ID="p822_w913" CONTENT="thus" HPOS="1335" VPOS="2118" WIDTH="75" HEIGHT="75" STYLEREFS="font0"/><SP WIDTH="15" VPOS="2118" HPOS="1410"/><String ID="p822_w914" CONTENT=":" HPOS="1425" VPOS="2118" WIDTH="9" HEIGHT="75" STYLEREFS="font0"/><SP WIDTH="27" VPOS="2118" HPOS="1434"/><String ID="p822_w915" CONTENT="multiply" HPOS="1461" VPOS="2118" WIDTH="147" HEIGHT="75" STYLEREFS="font0"/><SP WIDTH="16" VPOS="2118" HPOS="1608"/><String ID="p822_w916" CONTENT="the" HPOS="1624" VPOS="2118" WIDTH="56" HEIGHT="75" STYLEREFS="font0"/><SP WIDTH="23" VPOS="2118" HPOS="1680"/><String ID="p822_w917" CONTENT="length" HPOS="1703" VPOS="2118" WIDTH="112" HEIGHT="75" STYLEREFS="font0"/><SP WIDTH="28" VPOS="2118" HPOS="1815"/><String ID="p822_w918" CONTENT="of" HPOS="1843" VPOS="2118" WIDTH="41" HEIGHT="75" STYLEREFS="font0"/><SP WIDTH="24" VPOS="2118" HPOS="1884"/><String ID="p822_w919" CONTENT="the" HPOS="1908" VPOS="2118" WIDTH="54" HEIGHT="75" STYLEREFS="font0"/><SP WIDTH="27" VPOS="2118" HPOS="1962"/><String ID="p822_w920" CONTENT="keel," HPOS="1989" VPOS="2118" WIDTH="83" HEIGHT="75" STYLEREFS="font0"/><SP WIDTH="25" VPOS="2118" HPOS="2072"/><String ID="p822_w921" CONTENT="taken" HPOS="2097" VPOS="2118" WIDTH="95" HEIGHT="75" STYLEREFS="font0"/><SP WIDTH="17" VPOS="2118" HPOS="2192"/><String ID="p822_w922" CONTENT="within" HPOS="2209" VPOS="2118" WIDTH="115" HEIGHT="75" STYLEREFS="font0"/></TextLine><TextLine WIDTH="987" HEIGHT="75" ID="p822_t107" HPOS="1337" VPOS="2165"><String ID="p822_w923" CONTENT="board," HPOS="1337" VPOS="2165" WIDTH="112" HEIGHT="75" STYLEREFS="font0"/><SP WIDTH="17" VPOS="2165" HPOS="1449"/><String ID="p822_w924" CONTENT="by" HPOS="1466" VPOS="2165" WIDTH="44" HEIGHT="75" STYLEREFS="font0"/><SP WIDTH="16" VPOS="2165" HPOS="1510"/><String ID="p822_w925" CONTENT="the" HPOS="1526" VPOS="2165" WIDTH="55" HEIGHT="75" STYLEREFS="font0"/><SP WIDTH="13" VPOS="2165" HPOS="1581"/><String ID="p822_w926" CONTENT="breadth" HPOS="1594" VPOS="2165" WIDTH="134" HEIGHT="75" STYLEREFS="font0"/><SP WIDTH="18" VPOS="2165" HPOS="1728"/><String ID="p822_w927" CONTENT="of" HPOS="1746" VPOS="2165" WIDTH="41" HEIGHT="75" STYLEREFS="font0"/><SP WIDTH="12" VPOS="2165" HPOS="1787"/><String ID="p822_w928" CONTENT="the" HPOS="1799" VPOS="2165" WIDTH="55" HEIGHT="75" STYLEREFS="font0"/><SP WIDTH="18" VPOS="2165" HPOS="1854"/><String ID="p822_w929" CONTENT="(hip," HPOS="1872" VPOS="2165" WIDTH="76" HEIGHT="75" STYLEREFS="font0"/><SP WIDTH="18" VPOS="2165" HPOS="1948"/><String ID="p822_w930" CONTENT="within" HPOS="1966" VPOS="2165" WIDTH="111" HEIGHT="75" STYLEREFS="font0"/><SP WIDTH="12" VPOS="2165" HPOS="2077"/><String ID="p822_w931" CONTENT="board," HPOS="2089" VPOS="2165" WIDTH="112" HEIGHT="75" STYLEREFS="font0"/><SP WIDTH="27" VPOS="2165" HPOS="2201"/><String ID="p822_w932" CONTENT="taken" HPOS="2228" VPOS="2165" WIDTH="96" HEIGHT="75" STYLEREFS="font0"/></TextLine><TextLine WIDTH="983" HEIGHT="75" ID="p822_t108" HPOS="1339" VPOS="2212"><String ID="p822_w933" CONTENT="from" HPOS="1339" VPOS="2212" WIDTH="83" HEIGHT="75" STYLEREFS="font0"/><SP WIDTH="17" VPOS="2212" HPOS="1422"/><String ID="p822_w934" CONTENT="the" HPOS="1439" VPOS="2212" WIDTH="55" HEIGHT="75" STYLEREFS="font0"/><SP WIDTH="18" VPOS="2212" HPOS="1494"/><String ID="p822_w935" CONTENT="midftiip-beam," HPOS="1512" VPOS="2212" WIDTH="253" HEIGHT="75" STYLEREFS="font0"/><SP WIDTH="18" VPOS="2212" HPOS="1765"/><String ID="p822_w936" CONTENT="from" HPOS="1783" VPOS="2212" WIDTH="84" HEIGHT="75" STYLEREFS="font0"/><SP WIDTH="17" VPOS="2212" HPOS="1867"/><String ID="p822_w937" CONTENT="plank" HPOS="1884" VPOS="2212" WIDTH="95" HEIGHT="75" STYLEREFS="font0"/><SP WIDTH="12" VPOS="2212" HPOS="1979"/><String ID="p822_w938" CONTENT="to" HPOS="1991" VPOS="2212" WIDTH="35" HEIGHT="75" STYLEREFS="font0"/><SP WIDTH="12" VPOS="2212" HPOS="2026"/><String ID="p822_w939" CONTENT="plank," HPOS="2038" VPOS="2212" WIDTH="108" HEIGHT="75" STYLEREFS="font0"/><SP WIDTH="19" VPOS="2212" HPOS="2146"/><String ID="p822_w940" CONTENT="and" HPOS="2165" VPOS="2212" WIDTH="63" HEIGHT="75" STYLEREFS="font0"/><SP WIDTH="13" VPOS="2212" HPOS="2228"/><String ID="p822_w941" CONTENT="mul-" HPOS="2241" VPOS="2212" WIDTH="81" HEIGHT="75" STYLEREFS="font0"/></TextLine><TextLine WIDTH="983" HEIGHT="75" ID="p822_t109" HPOS="1339" VPOS="2258"><String ID="p822_w942" CONTENT="tiply" HPOS="1339" VPOS="2258" WIDTH="81" HEIGHT="75" STYLEREFS="font0"/><SP WIDTH="24" VPOS="2258" HPOS="1420"/><String ID="p822_w943" CONTENT="the" HPOS="1444" VPOS="2258" WIDTH="55" HEIGHT="75" STYLEREFS="font0"/><SP WIDTH="24" VPOS="2258" HPOS="1499"/><String ID="p822_w944" CONTENT="produdt" HPOS="1523" VPOS="2258" WIDTH="133" HEIGHT="75" STYLEREFS="font0"/><SP WIDTH="27" VPOS="2258" HPOS="1656"/><String ID="p822_w945" CONTENT="by" HPOS="1683" VPOS="2258" WIDTH="44" HEIGHT="75" STYLEREFS="font0"/><SP WIDTH="28" VPOS="2258" HPOS="1727"/><String ID="p822_w946" CONTENT="the" HPOS="1755" VPOS="2258" WIDTH="56" HEIGHT="75" STYLEREFS="font0"/><SP WIDTH="24" VPOS="2258" HPOS="1811"/><String ID="p822_w947" CONTENT="depth" HPOS="1835" VPOS="2258" WIDTH="98" HEIGHT="75" STYLEREFS="font0"/><SP WIDTH="28" VPOS="2258" HPOS="1933"/><String ID="p822_w948" CONTENT="of" HPOS="1961" VPOS="2258" WIDTH="40" HEIGHT="75" STYLEREFS="font0"/><SP WIDTH="27" VPOS="2258" HPOS="2001"/><String ID="p822_w949" CONTENT="the" HPOS="2028" VPOS="2258" WIDTH="55" HEIGHT="75" STYLEREFS="font0"/><SP WIDTH="28" VPOS="2258" HPOS="2083"/><String ID="p822_w950" CONTENT="hold," HPOS="2111" VPOS="2258" WIDTH="91" HEIGHT="75" STYLEREFS="font0"/><SP WIDTH="25" VPOS="2258" HPOS="2202"/><String ID="p822_w951" CONTENT="taken" HPOS="2227" VPOS="2258" WIDTH="95" HEIGHT="75" STYLEREFS="font0"/></TextLine><TextLine WIDTH="985" HEIGHT="75" ID="p822_t110" HPOS="1339" VPOS="2302"><String ID="p822_w952" CONTENT="from" HPOS="1339" VPOS="2302" WIDTH="84" HEIGHT="75" STYLEREFS="font0"/><SP WIDTH="17" VPOS="2302" HPOS="1423"/><String ID="p822_w953" CONTENT="the" HPOS="1440" VPOS="2302" WIDTH="55" HEIGHT="75" STYLEREFS="font0"/><SP WIDTH="18" VPOS="2302" HPOS="1495"/><String ID="p822_w954" CONTENT="plank" HPOS="1513" VPOS="2302" WIDTH="94" HEIGHT="75" STYLEREFS="font0"/><SP WIDTH="18" VPOS="2302" HPOS="1607"/><String ID="p822_w955" CONTENT="below" HPOS="1625" VPOS="2302" WIDTH="102" HEIGHT="75" STYLEREFS="font0"/><SP WIDTH="17" VPOS="2302" HPOS="1727"/><String ID="p822_w956" CONTENT="the" HPOS="1744" VPOS="2302" WIDTH="55" HEIGHT="75" STYLEREFS="font0"/><SP WIDTH="15" VPOS="2302" HPOS="1799"/><String ID="p822_w957" CONTENT="keelfon," HPOS="1814" VPOS="2302" WIDTH="140" HEIGHT="75" STYLEREFS="font0"/><SP WIDTH="26" VPOS="2302" HPOS="1954"/><String ID="p822_w958" CONTENT="to" HPOS="1980" VPOS="2302" WIDTH="35" HEIGHT="75" STYLEREFS="font0"/><SP WIDTH="27" VPOS="2302" HPOS="2015"/><String ID="p822_w959" CONTENT="the" HPOS="2042" VPOS="2302" WIDTH="55" HEIGHT="75" STYLEREFS="font0"/><SP WIDTH="28" VPOS="2302" HPOS="2097"/><String ID="p822_w960" CONTENT="under" HPOS="2125" VPOS="2302" WIDTH="101" HEIGHT="75" STYLEREFS="font0"/><SP WIDTH="27" VPOS="2302" HPOS="2226"/><String ID="p822_w961" CONTENT="part" HPOS="2253" VPOS="2302" WIDTH="71" HEIGHT="75" STYLEREFS="font0"/></TextLine><TextLine WIDTH="981" HEIGHT="75" ID="p822_t111" HPOS="1340" VPOS="2352"><String ID="p822_w962" CONTENT="of" HPOS="1340" VPOS="2352" WIDTH="40" HEIGHT="75" STYLEREFS="font0"/><SP WIDTH="18" VPOS="2352" HPOS="1380"/><String ID="p822_w963" CONTENT="the" HPOS="1398" VPOS="2352" WIDTH="55" HEIGHT="75" STYLEREFS="font0"/><SP WIDTH="16" VPOS="2352" HPOS="1453"/><String ID="p822_w964" CONTENT="upper" HPOS="1469" VPOS="2352" WIDTH="99" HEIGHT="75" STYLEREFS="font0"/><SP WIDTH="16" VPOS="2352" HPOS="1568"/><String ID="p822_w965" CONTENT="deck" HPOS="1584" VPOS="2352" WIDTH="80" HEIGHT="75" STYLEREFS="font0"/><SP WIDTH="17" VPOS="2352" HPOS="1664"/><String ID="p822_w966" CONTENT="plank," HPOS="1681" VPOS="2352" WIDTH="109" HEIGHT="75" STYLEREFS="font0"/><SP WIDTH="26" VPOS="2352" HPOS="1790"/><String ID="p822_w967" CONTENT="and" HPOS="1816" VPOS="2352" WIDTH="61" HEIGHT="75" STYLEREFS="font0"/><SP WIDTH="27" VPOS="2352" HPOS="1877"/><String ID="p822_w968" CONTENT="divide" HPOS="1904" VPOS="2352" WIDTH="108" HEIGHT="75" STYLEREFS="font0"/><SP WIDTH="22" VPOS="2352" HPOS="2012"/><String ID="p822_w969" CONTENT="the" HPOS="2034" VPOS="2352" WIDTH="56" HEIGHT="75" STYLEREFS="font0"/><SP WIDTH="23" VPOS="2352" HPOS="2090"/><String ID="p822_w970" CONTENT="laft" HPOS="2113" VPOS="2352" WIDTH="56" HEIGHT="75" STYLEREFS="font0"/><SP WIDTH="18" VPOS="2352" HPOS="2169"/><String ID="p822_w971" CONTENT="product" HPOS="2187" VPOS="2352" WIDTH="134" HEIGHT="75" STYLEREFS="font0"/></TextLine><TextLine WIDTH="984" HEIGHT="75" ID="p822_t112" HPOS="1341" VPOS="2398"><String ID="p822_w972" CONTENT="by" HPOS="1341" VPOS="2398" WIDTH="43" HEIGHT="75" STYLEREFS="font0"/><SP WIDTH="16" VPOS="2398" HPOS="1384"/><String ID="p822_w973" CONTENT="94," HPOS="1400" VPOS="2398" WIDTH="58" HEIGHT="75" STYLEREFS="font0"/><SP WIDTH="25" VPOS="2398" HPOS="1458"/><String ID="p822_w974" CONTENT="then" HPOS="1483" VPOS="2398" WIDTH="76" HEIGHT="75" STYLEREFS="font0"/><SP WIDTH="13" VPOS="2398" HPOS="1559"/><String ID="p822_w975" CONTENT="the" HPOS="1572" VPOS="2398" WIDTH="55" HEIGHT="75" STYLEREFS="font0"/><SP WIDTH="17" VPOS="2398" HPOS="1627"/><String ID="p822_w976" CONTENT="quotient" HPOS="1644" VPOS="2398" WIDTH="146" HEIGHT="75" STYLEREFS="font0"/><SP WIDTH="16" VPOS="2398" HPOS="1790"/><String ID="p822_w977" CONTENT="is" HPOS="1806" VPOS="2398" WIDTH="27" HEIGHT="75" STYLEREFS="font0"/><SP WIDTH="22" VPOS="2398" HPOS="1833"/><String ID="p822_w978" CONTENT="the" HPOS="1855" VPOS="2398" WIDTH="54" HEIGHT="75" STYLEREFS="font0"/><SP WIDTH="16" VPOS="2398" HPOS="1909"/><String ID="p822_w979" CONTENT="content" HPOS="1925" VPOS="2398" WIDTH="131" HEIGHT="75" STYLEREFS="font0"/><SP WIDTH="12" VPOS="2398" HPOS="2056"/><String ID="p822_w980" CONTENT="of" HPOS="2068" VPOS="2398" WIDTH="40" HEIGHT="75" STYLEREFS="font0"/><SP WIDTH="12" VPOS="2398" HPOS="2108"/><String ID="p822_w981" CONTENT="the" HPOS="2120" VPOS="2398" WIDTH="55" HEIGHT="75" STYLEREFS="font0"/><SP WIDTH="13" VPOS="2398" HPOS="2175"/><String ID="p822_w982" CONTENT="tonnage" HPOS="2188" VPOS="2398" WIDTH="137" HEIGHT="75" STYLEREFS="font0"/></TextLine><TextLine WIDTH="483" HEIGHT="75" ID="p822_t113" HPOS="1343" VPOS="2444"><String ID="p822_w983" CONTENT="required." HPOS="1343" VPOS="2444" WIDTH="160" HEIGHT="75" STYLEREFS="font0"/><SP WIDTH="50" VPOS="2444" HPOS="1503"/><String ID="p822_w984" CONTENT="See" HPOS="1553" VPOS="2444" WIDTH="62" HEIGHT="75" STYLEREFS="font0"/><SP WIDTH="16" VPOS="2444" HPOS="1615"/><String ID="p822_w985" CONTENT="Freight." HPOS="1631" VPOS="2444" WIDTH="195" HEIGHT="75" STYLEREFS="font0"/></TextLine><TextLine WIDTH="1031" HEIGHT="75" ID="p822_t114" HPOS="1293" VPOS="2492"><String ID="p822_w986" CONTENT="BURDO," HPOS="1293" VPOS="2492" WIDTH="184" HEIGHT="75" STYLEREFS="font0"/><SP WIDTH="26" VPOS="2492" HPOS="1477"/><String ID="p822_w987" CONTENT="that" HPOS="1503" VPOS="2492" WIDTH="71" HEIGHT="75" STYLEREFS="font0"/><SP WIDTH="14" VPOS="2492" HPOS="1574"/><String ID="p822_w988" CONTENT="kind" HPOS="1588" VPOS="2492" WIDTH="80" HEIGHT="75" STYLEREFS="font0"/><SP WIDTH="16" VPOS="2492" HPOS="1668"/><String ID="p822_w989" CONTENT="of" HPOS="1684" VPOS="2492" WIDTH="40" HEIGHT="75" STYLEREFS="font0"/><SP WIDTH="12" VPOS="2492" HPOS="1724"/><String ID="p822_w990" CONTENT="mule" HPOS="1736" VPOS="2492" WIDTH="83" HEIGHT="75" STYLEREFS="font0"/><SP WIDTH="16" VPOS="2492" HPOS="1819"/><String ID="p822_w991" CONTENT="produced" HPOS="1835" VPOS="2492" WIDTH="163" HEIGHT="75" STYLEREFS="font0"/><SP WIDTH="23" VPOS="2492" HPOS="1998"/><String ID="p822_w992" CONTENT="between" HPOS="2021" VPOS="2492" WIDTH="144" HEIGHT="75" STYLEREFS="font0"/><SP WIDTH="25" VPOS="2492" HPOS="2165"/><String ID="p822_w993" CONTENT="a" HPOS="2190" VPOS="2492" WIDTH="18" HEIGHT="75" STYLEREFS="font0"/><SP WIDTH="23" VPOS="2492" HPOS="2208"/><String ID="p822_w994" CONTENT="horfe" HPOS="2231" VPOS="2492" WIDTH="93" HEIGHT="75" STYLEREFS="font0"/></TextLine><TextLine WIDTH="498" HEIGHT="75" ID="p822_t115" HPOS="1342" VPOS="2537"><String ID="p822_w995" CONTENT="and" HPOS="1342" VPOS="2537" WIDTH="59" HEIGHT="75" STYLEREFS="font0"/><SP WIDTH="19" VPOS="2537" HPOS="1401"/><String ID="p822_w996" CONTENT="a" HPOS="1420" VPOS="2537" WIDTH="18" HEIGHT="75" STYLEREFS="font0"/><SP WIDTH="15" VPOS="2537" HPOS="1438"/><String ID="p822_w997" CONTENT="(he-afs." HPOS="1453" VPOS="2537" WIDTH="127" HEIGHT="75" STYLEREFS="font0"/><SP WIDTH="50" VPOS="2537" HPOS="1580"/><String ID="p822_w998" CONTENT="See" HPOS="1630" VPOS="2537" WIDTH="62" HEIGHT="75" STYLEREFS="font0"/><SP WIDTH="16" VPOS="2537" HPOS="1692"/><String ID="p822_w999" CONTENT="Mule." HPOS="1708" VPOS="2537" WIDTH="132" HEIGHT="75" STYLEREFS="font0"/></TextLine><TextLine WIDTH="1030" HEIGHT="75" ID="p822_t116" HPOS="1293" VPOS="2584"><String ID="p822_w1000" CONTENT="BURDOCK," HPOS="1293" VPOS="2584" WIDTH="249" HEIGHT="75" STYLEREFS="font0"/><SP WIDTH="25" VPOS="2584" HPOS="1542"/><String ID="p822_w1001" CONTENT="in" HPOS="1567" VPOS="2584" WIDTH="32" HEIGHT="75" STYLEREFS="font0"/><SP WIDTH="23" VPOS="2584" HPOS="1599"/><String ID="p822_w1002" CONTENT="botany," HPOS="1622" VPOS="2584" WIDTH="132" HEIGHT="75" STYLEREFS="font0"/><SP WIDTH="25" VPOS="2584" HPOS="1754"/><String ID="p822_w1003" CONTENT="the" HPOS="1779" VPOS="2584" WIDTH="57" HEIGHT="75" STYLEREFS="font0"/><SP WIDTH="22" VPOS="2584" HPOS="1836"/><String ID="p822_w1004" CONTENT="Englilh" HPOS="1858" VPOS="2584" WIDTH="130" HEIGHT="75" STYLEREFS="font0"/><SP WIDTH="16" VPOS="2584" HPOS="1988"/><String ID="p822_w1005" CONTENT="name" HPOS="2004" VPOS="2584" WIDTH="93" HEIGHT="75" STYLEREFS="font0"/><SP WIDTH="15" VPOS="2584" HPOS="2097"/><String ID="p822_w1006" CONTENT="of" HPOS="2112" VPOS="2584" WIDTH="40" HEIGHT="75" STYLEREFS="font0"/><SP WIDTH="19" VPOS="2584" HPOS="2152"/><String ID="p822_w1007" CONTENT="the" HPOS="2171" VPOS="2584" WIDTH="56" HEIGHT="75" STYLEREFS="font0"/><SP WIDTH="16" VPOS="2584" HPOS="2227"/><String ID="p822_w1008" CONTENT="xan-" HPOS="2243" VPOS="2584" WIDTH="80" HEIGHT="75" STYLEREFS="font0"/></TextLine><TextLine WIDTH="481" HEIGHT="75" ID="p822_t117" HPOS="1340" VPOS="2630"><String ID="p822_w1009" CONTENT="thium." HPOS="1340" VPOS="2630" WIDTH="115" HEIGHT="75" STYLEREFS="font0"/><SP WIDTH="50" VPOS="2630" HPOS="1455"/><String ID="p822_w1010" CONTENT="See" HPOS="1505" VPOS="2630" WIDTH="60" HEIGHT="75" STYLEREFS="font0"/><SP WIDTH="21" VPOS="2630" HPOS="1565"/><String ID="p822_w1011" CONTENT="Xanthium." HPOS="1586" VPOS="2630" WIDTH="235" HEIGHT="75" STYLEREFS="font0"/></TextLine><TextLine WIDTH="1030" HEIGHT="75" ID="p822_t118" HPOS="1294" VPOS="2676"><String ID="p822_w1012" CONTENT="BURDUGNO," HPOS="1294" VPOS="2676" WIDTH="293" HEIGHT="75" STYLEREFS="font0"/><SP WIDTH="27" VPOS="2676" HPOS="1587"/><String ID="p822_w1013" CONTENT="a" HPOS="1614" VPOS="2676" WIDTH="18" HEIGHT="75" STYLEREFS="font0"/><SP WIDTH="22" VPOS="2676" HPOS="1632"/><String ID="p822_w1014" CONTENT="town" HPOS="1654" VPOS="2676" WIDTH="87" HEIGHT="75" STYLEREFS="font0"/><SP WIDTH="27" VPOS="2676" HPOS="1741"/><String ID="p822_w1015" CONTENT="of" HPOS="1768" VPOS="2676" WIDTH="40" HEIGHT="75" STYLEREFS="font0"/><SP WIDTH="22" VPOS="2676" HPOS="1808"/><String ID="p822_w1016" CONTENT="the" HPOS="1830" VPOS="2676" WIDTH="56" HEIGHT="75" STYLEREFS="font0"/><SP WIDTH="20" VPOS="2676" HPOS="1886"/><String ID="p822_w1017" CONTENT="Mbrea," HPOS="1906" VPOS="2676" WIDTH="129" HEIGHT="75" STYLEREFS="font0"/><SP WIDTH="24" VPOS="2676" HPOS="2035"/><String ID="p822_w1018" CONTENT="fituated" HPOS="2059" VPOS="2676" WIDTH="134" HEIGHT="75" STYLEREFS="font0"/><SP WIDTH="17" VPOS="2676" HPOS="2193"/><String ID="p822_w1019" CONTENT="on" HPOS="2210" VPOS="2676" WIDTH="41" HEIGHT="75" STYLEREFS="font0"/><SP WIDTH="16" VPOS="2676" HPOS="2251"/><String ID="p822_w1020" CONTENT="the" HPOS="2267" VPOS="2676" WIDTH="57" HEIGHT="75" STYLEREFS="font0"/></TextLine><TextLine WIDTH="602" HEIGHT="75" ID="p822_t119" HPOS="1342" VPOS="2722"><String ID="p822_w1021" CONTENT="river" HPOS="1342" VPOS="2722" WIDTH="81" HEIGHT="75" STYLEREFS="font0"/><SP WIDTH="22" VPOS="2722" HPOS="1423"/><String ID="p822_w1022" CONTENT="Vafilipotomo," HPOS="1445" VPOS="2722" WIDTH="244" HEIGHT="75" STYLEREFS="font0"/><SP WIDTH="26" VPOS="2722" HPOS="1689"/><String ID="p822_w1023" CONTENT="near" HPOS="1715" VPOS="2722" WIDTH="74" HEIGHT="75" STYLEREFS="font0"/><SP WIDTH="17" VPOS="2722" HPOS="1789"/><String ID="p822_w1024" CONTENT="Mifitra." HPOS="1806" VPOS="2722" WIDTH="138" HEIGHT="75" STYLEREFS="font0"/></TextLine><TextLine WIDTH="1029" HEIGHT="75" ID="p822_t120" HPOS="1294" VPOS="2770"><String ID="p822_w1025" CONTENT="BUREN," HPOS="1294" VPOS="2770" WIDTH="179" HEIGHT="75" STYLEREFS="font0"/><SP WIDTH="26" VPOS="2770" HPOS="1473"/><String ID="p822_w1026" CONTENT="a" HPOS="1499" VPOS="2770" WIDTH="18" HEIGHT="75" STYLEREFS="font0"/><SP WIDTH="16" VPOS="2770" HPOS="1517"/><String ID="p822_w1027" CONTENT="town" HPOS="1533" VPOS="2770" WIDTH="87" HEIGHT="75" STYLEREFS="font0"/><SP WIDTH="18" VPOS="2770" HPOS="1620"/><String ID="p822_w1028" CONTENT="of" HPOS="1638" VPOS="2770" WIDTH="40" HEIGHT="75" STYLEREFS="font0"/><SP WIDTH="17" VPOS="2770" HPOS="1678"/><String ID="p822_w1029" CONTENT="Dutch" HPOS="1695" VPOS="2770" WIDTH="114" HEIGHT="75" STYLEREFS="font0"/><SP WIDTH="17" VPOS="2770" HPOS="1809"/><String ID="p822_w1030" CONTENT="Guelderland," HPOS="1826" VPOS="2770" WIDTH="234" HEIGHT="75" STYLEREFS="font0"/><SP WIDTH="26" VPOS="2770" HPOS="2060"/><String ID="p822_w1031" CONTENT="about" HPOS="2086" VPOS="2770" WIDTH="99" HEIGHT="75" STYLEREFS="font0"/><SP WIDTH="15" VPOS="2770" HPOS="2185"/><String ID="p822_w1032" CONTENT="fixteen" HPOS="2200" VPOS="2770" WIDTH="123" HEIGHT="75" STYLEREFS="font0"/></TextLine><TextLine WIDTH="980" HEIGHT="75" ID="p822_t121" HPOS="1342" VPOS="2797"><String ID="p822_w1033" CONTENT="miles" HPOS="1342" VPOS="2815" WIDTH="89" HEIGHT="75" STYLEREFS="font0"/><SP WIDTH="28" VPOS="2815" HPOS="1431"/><String ID="p822_w1034" CONTENT="weft" HPOS="1459" VPOS="2815" WIDTH="74" HEIGHT="75" STYLEREFS="font0"/><SP WIDTH="20" VPOS="2815" HPOS="1533"/><String ID="p822_w1035" CONTENT="of" HPOS="1553" VPOS="2815" WIDTH="46" HEIGHT="75" STYLEREFS="font0"/><SP WIDTH="13" VPOS="2815" HPOS="1599"/><String ID="p822_w1036" CONTENT="Nimeguen" HPOS="1612" VPOS="2815" WIDTH="182" HEIGHT="75" STYLEREFS="font0"/><SP WIDTH="13" VPOS="2815" HPOS="1794"/><String ID="p822_w1037" CONTENT=":" HPOS="1807" VPOS="2815" WIDTH="8" HEIGHT="75" STYLEREFS="font0"/><SP WIDTH="38" VPOS="2815" HPOS="1815"/><String ID="p822_w1038" CONTENT="E." HPOS="1853" VPOS="2815" WIDTH="45" HEIGHT="75" STYLEREFS="font0"/><SP WIDTH="18" VPOS="2815" HPOS="1898"/><String ID="p822_w1039" CONTENT="long." HPOS="1916" VPOS="2815" WIDTH="88" HEIGHT="75" STYLEREFS="font0"/><SP WIDTH="21" VPOS="2815" HPOS="2004"/><String ID="p822_w1040" CONTENT="5" HPOS="2025" VPOS="2815" WIDTH="17" HEIGHT="75" STYLEREFS="font0"/><String ID="p822_w1041" CONTENT="0" HPOS="2042" VPOS="2797" WIDTH="25" HEIGHT="49" STYLEREFS="font1"/><SP WIDTH="28" VPOS="2797" HPOS="2067"/><String ID="p822_w1042" CONTENT="20'," HPOS="2095" VPOS="2815" WIDTH="68" HEIGHT="75" STYLEREFS="font0"/><SP WIDTH="33" VPOS="2815" HPOS="2163"/><String ID="p822_w1043" CONTENT="and" HPOS="2196" VPOS="2815" WIDTH="62" HEIGHT="75" STYLEREFS="font0"/><SP WIDTH="15" VPOS="2815" HPOS="2258"/><String ID="p822_w1044" CONTENT="N." HPOS="2273" VPOS="2815" WIDTH="49" HEIGHT="75" STYLEREFS="font0"/></TextLine><TextLine WIDTH="164" HEIGHT="75" ID="p822_t122" HPOS="1341" VPOS="2863"><String ID="p822_w1045" CONTENT="lat." HPOS="1341" VPOS="2863" WIDTH="56" HEIGHT="75" STYLEREFS="font0"/><SP WIDTH="29" VPOS="2863" HPOS="1397"/><String ID="p822_w1046" CONTENT="J2°." HPOS="1426" VPOS="2863" WIDTH="79" HEIGHT="75" STYLEREFS="font0"/></TextLine><TextLine WIDTH="1031" HEIGHT="75" ID="p822_t123" HPOS="1294" VPOS="2908"><String ID="p822_w1047" CONTENT="Buren" HPOS="1294" VPOS="2908" WIDTH="133" HEIGHT="75" STYLEREFS="font0"/><SP WIDTH="18" VPOS="2908" HPOS="1427"/><String ID="p822_w1048" CONTENT="is" HPOS="1445" VPOS="2908" WIDTH="27" HEIGHT="75" STYLEREFS="font0"/><SP WIDTH="17" VPOS="2908" HPOS="1472"/><String ID="p822_w1049" CONTENT="alfo" HPOS="1489" VPOS="2908" WIDTH="64" HEIGHT="75" STYLEREFS="font0"/><SP WIDTH="17" VPOS="2908" HPOS="1553"/><String ID="p822_w1050" CONTENT="the" HPOS="1570" VPOS="2908" WIDTH="55" HEIGHT="75" STYLEREFS="font0"/><SP WIDTH="16" VPOS="2908" HPOS="1625"/><String ID="p822_w1051" CONTENT="name" HPOS="1641" VPOS="2908" WIDTH="91" HEIGHT="75" STYLEREFS="font0"/><SP WIDTH="17" VPOS="2908" HPOS="1732"/><String ID="p822_w1052" CONTENT="of" HPOS="1749" VPOS="2908" WIDTH="42" HEIGHT="75" STYLEREFS="font0"/><SP WIDTH="9" VPOS="2908" HPOS="1791"/><String ID="p822_w1053" CONTENT="a" HPOS="1800" VPOS="2908" WIDTH="18" HEIGHT="75" STYLEREFS="font0"/><SP WIDTH="16" VPOS="2908" HPOS="1818"/><String ID="p822_w1054" CONTENT="town" HPOS="1834" VPOS="2908" WIDTH="86" HEIGHT="75" STYLEREFS="font0"/><SP WIDTH="16" VPOS="2908" HPOS="1920"/><String ID="p822_w1055" CONTENT="in" HPOS="1936" VPOS="2908" WIDTH="33" HEIGHT="75" STYLEREFS="font0"/><SP WIDTH="11" VPOS="2908" HPOS="1969"/><String ID="p822_w1056" CONTENT="Weftphalia" HPOS="1980" VPOS="2908" WIDTH="200" HEIGHT="75" STYLEREFS="font0"/><SP WIDTH="11" VPOS="2908" HPOS="2180"/><String ID="p822_w1057" CONTENT="in" HPOS="2191" VPOS="2908" WIDTH="31" HEIGHT="75" STYLEREFS="font0"/><SP WIDTH="14" VPOS="2908" HPOS="2222"/><String ID="p822_w1058" CONTENT="Ger-" HPOS="2236" VPOS="2908" WIDTH="89" HEIGHT="75" STYLEREFS="font0"/></TextLine><TextLine WIDTH="981" HEIGHT="75" ID="p822_t124" HPOS="1341" VPOS="2955"><String ID="p822_w1059" CONTENT="many," HPOS="1341" VPOS="2955" WIDTH="105" HEIGHT="75" STYLEREFS="font0"/><SP WIDTH="19" VPOS="2955" HPOS="1446"/><String ID="p822_w1060" CONTENT="about" HPOS="1465" VPOS="2955" WIDTH="96" HEIGHT="75" STYLEREFS="font0"/><SP WIDTH="12" VPOS="2955" HPOS="1561"/><String ID="p822_w1061" CONTENT="five" HPOS="1573" VPOS="2955" WIDTH="60" HEIGHT="75" STYLEREFS="font0"/><SP WIDTH="18" VPOS="2955" HPOS="1633"/><String ID="p822_w1062" CONTENT="miles" HPOS="1651" VPOS="2955" WIDTH="90" HEIGHT="75" STYLEREFS="font0"/><SP WIDTH="17" VPOS="2955" HPOS="1741"/><String ID="p822_w1063" CONTENT="fouth" HPOS="1758" VPOS="2955" WIDTH="92" HEIGHT="75" STYLEREFS="font0"/><SP WIDTH="16" VPOS="2955" HPOS="1850"/><String ID="p822_w1064" CONTENT="of" HPOS="1866" VPOS="2955" WIDTH="40" HEIGHT="75" STYLEREFS="font0"/><SP WIDTH="11" VPOS="2955" HPOS="1906"/><String ID="p822_w1065" CONTENT="the" HPOS="1917" VPOS="2955" WIDTH="56" HEIGHT="75" STYLEREFS="font0"/><SP WIDTH="17" VPOS="2955" HPOS="1973"/><String ID="p822_w1066" CONTENT="city" HPOS="1990" VPOS="2955" WIDTH="65" HEIGHT="75" STYLEREFS="font0"/><SP WIDTH="12" VPOS="2955" HPOS="2055"/><String ID="p822_w1067" CONTENT="of" HPOS="2067" VPOS="2955" WIDTH="39" HEIGHT="75" STYLEREFS="font0"/><SP WIDTH="11" VPOS="2955" HPOS="2106"/><String ID="p822_w1068" CONTENT="Paderborn:" HPOS="2117" VPOS="2955" WIDTH="205" HEIGHT="75" STYLEREFS="font0"/></TextLine><TextLine WIDTH="690" HEIGHT="75" ID="p822_t125" HPOS="1341" VPOS="3002"><String ID="p822_w1069" CONTENT="E." HPOS="1341" VPOS="3002" WIDTH="42" HEIGHT="75" STYLEREFS="font0"/><SP WIDTH="20" VPOS="3002" HPOS="1383"/><String ID="p822_w1070" CONTENT="long." HPOS="1403" VPOS="3002" WIDTH="86" HEIGHT="75" STYLEREFS="font0"/><SP WIDTH="19" VPOS="3002" HPOS="1489"/><String ID="p822_w1071" CONTENT="8°" HPOS="1508" VPOS="3002" WIDTH="40" HEIGHT="75" STYLEREFS="font0"/><SP WIDTH="20" VPOS="3002" HPOS="1548"/><String ID="p822_w1072" CONTENT="25'" HPOS="1568" VPOS="3002" WIDTH="54" HEIGHT="75" STYLEREFS="font0"/><String ID="p822_w1073" CONTENT="," HPOS="1622" VPOS="3002" WIDTH="12" HEIGHT="75" STYLEREFS="font0"/><SP WIDTH="27" VPOS="3002" HPOS="1634"/><String ID="p822_w1074" CONTENT="and" HPOS="1661" VPOS="3002" WIDTH="62" HEIGHT="75" STYLEREFS="font0"/><SP WIDTH="16" VPOS="3002" HPOS="1723"/><String ID="p822_w1075" CONTENT="N." HPOS="1739" VPOS="3002" WIDTH="47" HEIGHT="75" STYLEREFS="font0"/><SP WIDTH="19" VPOS="3002" HPOS="1786"/><String ID="p822_w1076" CONTENT="lat." HPOS="1805" VPOS="3002" WIDTH="57" HEIGHT="75" STYLEREFS="font0"/><SP WIDTH="21" VPOS="3002" HPOS="1862"/><String ID="p822_w1077" CONTENT="51°" HPOS="1883" VPOS="3002" WIDTH="61" HEIGHT="75" STYLEREFS="font0"/><SP WIDTH="21" VPOS="3002" HPOS="1944"/><String ID="p822_w1078" CONTENT="35'" HPOS="1965" VPOS="3002" WIDTH="54" HEIGHT="75" STYLEREFS="font0"/><String ID="p822_w1079" CONTENT="." HPOS="2019" VPOS="3002" WIDTH="12" HEIGHT="75" STYLEREFS="font0"/></TextLine><TextLine WIDTH="1029" HEIGHT="75" ID="p822_t126" HPOS="1293" VPOS="3049"><String ID="p822_w1080" CONTENT="BURFQRD," HPOS="1293" VPOS="3049" WIDTH="246" HEIGHT="75" STYLEREFS="font0"/><SP WIDTH="26" VPOS="3049" HPOS="1539"/><String ID="p822_w1081" CONTENT="a" HPOS="1565" VPOS="3049" WIDTH="19" HEIGHT="75" STYLEREFS="font0"/><SP WIDTH="15" VPOS="3049" HPOS="1584"/><String ID="p822_w1082" CONTENT="market-town" HPOS="1599" VPOS="3049" WIDTH="228" HEIGHT="75" STYLEREFS="font0"/><SP WIDTH="19" VPOS="3049" HPOS="1827"/><String ID="p822_w1083" CONTENT="of" HPOS="1846" VPOS="3049" WIDTH="40" HEIGHT="75" STYLEREFS="font0"/><SP WIDTH="20" VPOS="3049" HPOS="1886"/><String ID="p822_w1084" CONTENT="Oxfordfhire," HPOS="1906" VPOS="3049" WIDTH="226" HEIGHT="75" STYLEREFS="font0"/><SP WIDTH="26" VPOS="3049" HPOS="2132"/><String ID="p822_w1085" CONTENT="about" HPOS="2158" VPOS="3049" WIDTH="99" HEIGHT="75" STYLEREFS="font0"/><SP WIDTH="15" VPOS="3049" HPOS="2257"/><String ID="p822_w1086" CONTENT="fif-" HPOS="2272" VPOS="3049" WIDTH="50" HEIGHT="75" STYLEREFS="font0"/></TextLine><TextLine WIDTH="74" HEIGHT="75" ID="p822_t127" HPOS="2252" VPOS="3088"><String ID="p822_w1087" CONTENT="teen" HPOS="2252" VPOS="3088" WIDTH="74" HEIGHT="75" STYLEREFS="font0"/></TextLine></PrintSpace></Page></Layout></alto>