2498 3377
206 150 101 75 Part
326 150 74 75 VI.

782 150 359 75 ANA

208 213 34 75 at
257 213 56 75 the
329 213 97 75 union
442 213 41 75 of
499 213 56 75 the
571 213 119 75 points,
712 213 43 75 or
769 213 34 75 at
819 213 56 75 the
900 213 198 75 extremities
1123 213 41 75 of
1179 213 59 75 the

209 259 66 75 two
293 259 85 75 tarli.

255 306 86 75 This
358 306 117 75 mufcle
489 306 28 75 is
534 306 130 75 divided
680 306 68 75 into
765 306 73 75 four
849 306 157 75 portions,
1026 306 148 75 whereof
1185 306 56 75 the

211 351 39 75 fir
252 351 24 75 ft
299 351 26 75 is
350 351 70 75 that
448 351 106 75 which
582 351 171 75 furrounds
778 351 56 75 the
863 351 98 75 orbit.
1018 351 75 75 The
1123 351 118 75 fecond

209 398 131 75 portion
355 398 26 75 is
398 398 72 75 that
492 398 106 75 which
608 398 64 75 Ties
692 398 143 75 between
853 398 54 75 the
926 398 99 75 upper
1041 398 83 75 edge
1134 398 41 75 of
1185 398 56 75 the

210 445 86 75 orbit
312 445 63 75 and
386 445 56 75 the
457 445 96 75 globe
565 445 40 75 of
624 445 55 75 the
691 445 71 75 eye,
788 445 62 75 and
861 445 104 75 which
982 445 111 75 covers
1117 445 56 75 the
1189 445 52 75 in-

211 491 99 75 ferior
324 491 82 75 edge
423 491 39 75 of
475 491 55 75 the
546 491 85 75 orbit
647 491 117 75 below,
790 491 86 75 fome
901 491 41 75 of
965 491 41 75 its
1034 491 95 75 fibres
1145 491 96 75 being

211 538 88 75 fixed
315 538 35 75 to
364 538 82 75 both
461 538 98 75 edges
574 538 42 75 of
627 538 55 75 the
699 538 98 75 orbit.

257 585 78 75 Tire
350 585 90 75 third
455 585 127 75 portion
598 585 99 75 feems
722 585 35 75 to
783 585 117 75 belong
924 585 88 75 more
1036 585 207 75 particularly

211 632 35 75 to
263 632 56 75 the
334 632 172 75 palpebrse,
531 632 63 75 and
605 632 206 75 thegreateft
827 632 71 75 part
910 632 40 75 of
960 632 27 75 it
1003 632 27 75 is
1041 632 90 75 Ipent
1142 632 33 75 in
1186 632 56 75 the

212 677 153 75 palpebrs.
390 677 155 75 fuperior.
592 677 77 75 The
685 677 95 75 fibres
805 677 39 75 of
861 677 64 75 this
950 677 127 75 portion
1104 677 84 75 meet
1209 677 33 75 at

213 725 57 75 the
286 725 66 75 two
375 725 108 75 angles
510 725 41 75 of
568 725 56 75 the
648 725 70 75 eye,
742 725 109 75 where
875 725 87 75 they,
969 725 115 75 appear
1099 725 35 75 to
1150 725 92 75 make

213 771 79 75 very
309 771 91 75 acute
417 771 172 75 inflexions
605 771 137 75 without
758 771 62 75 any
835 771 280 75 difcontinuation.

260 817 78 75 The
353 817 111 75 fourth
486 817 128 75 portion
630 817 27 75 is
671 817 41 75 an
729 817 162 75 appendix
909 817 35 75 to
959 817 56 75 the
1031 817 102 75 third,
1153 817 91 75 from

213 863 109 75 which
346 863 26 75 it
395 863 112 75 differs
535 863 115 75 chiefly
673 863 34 75 in
731 863 79 75 this,
839 863 71 75 that
934 863 44 75 its
1000 863 96 75 fibres
1119 863 45 75 do
1185 863 58 75 not

215 910 95 75 reach
327 910 36 75 to
380 910 55 75 the
448 910 119 75 angles,
592 910 64 75 and
666 910 84 75 form
767 910 76 75 only
859 910 90 75 fmall
962 910 126 75 arches,
1113 910 55 75 the
1184 910 58 75 ex-

214 956 155 75 tremities
386 956 41 75 of
436 956 110 75 which
562 956 169 75 terminate
748 956 32 75 in
791 956 79 75 each
887 956 164 75 palpebra.

260 1004 58 75 All
335 1004 87 75 thefe
437 1004 151 75 different
603 1004 144 75 portions
761 1004 41 75 of
813 1004 55 75 the
883 1004 159 75 orbicular
1058 1004 117 75 mufcle
1186 1004 56 75 ad-

212 1049 80 75 here
304 1049 35 75 to
355 1049 56 75 the
428 1049 79 75 fkin,
533 1049 107 75 which
656 1049 116 75 covers
788 1049 26 75 it
830 1049 85 75 from
933 1049 54 75 the
1003 1049 101 75 upper
1119 1049 71 75 part
1208 1049 41 75 of

214 1096 56 75 the
283 1096 76 75 nofe
374 1096 37 75 to
425 1096 57 75 the
498 1096 147 75 temples,
670 1096 63 75 and
750 1096 83 75 from
849 1096 57 75 the
921 1096 198 75 fapercihum
1137 1096 35 75 to
1187 1096 56 75 the

213 1140 100 75 upper
329 1140 71 75 part
416 1140 40 75 of
467 1140 56 75 the
540 1140 112 75 cheek.
677 1140 11 75 ,
701 1140 111 75 When
840 1140 78 75 they
945 1140 154 75 contraff,
1122 1140 122 75 feveral

212 1187 150 75 wrinkles
379 1187 53 75 are
448 1187 126 75 formed
590 1187 32 75 in
634 1187 57 75 the
707 1187 79 75 fkin,
811 1187 106 75 which
931 1187 80 75 vary
1026 1187 170 75 according
1208 1187 36 75 to

213 1235 55 75 the
291 1235 150 75 different
457 1235 170 75 direXions
648 1235 40 75 of
699 1235 55 75 the
770 1235 108 75 fibres.

210 1339 69 75 The
289 1339 100 75 Uses
407 1339 43 75 of
456 1339 51 75 the
519 1339 98 75 Eye,
633 1339 70 75 and
711 1339 42 75 of
755 1339 44 75 its
812 1339 222 75 appendages,
1053 1339 38 75 in
1093 1339 151 75 general.

260 1417 135 75 Every
421 1417 88 75 body
524 1417 111 75 knows
659 1417 78 75 that,
755 1417 56 75 the
827 1417 58 75 eye
901 1417 27 75 is
944 1417 57 75 the
1020 1417 99 75 organ
1135 1417 41 75 of
1193 1417 47 75 vi-

212 1463 79 75 fion.
338 1463 78 75 The
440 1463 198 75 tranfparent
662 1463 87 75 parts
773 1463 40 75 of
832 1463 56 75 the
916 1463 94 75 globe
1034 1463 124 75 modify
1186 1463 56 75 the

213 1510 73 75 rays
312 1510 40 75 of
369 1510 96 75 light,
490 1510 44 75 by
558 1510 149 75 different
735 1510 185 75 refraXions
935 1510 10 75 ;
971 1510 55 75 the
1051 1510 103 75 retina
1180 1510 63 75 and

215 1555 167 75 choroides
402 1555 121 75 receive
539 1555 56 75 the
610 1555 151 75 different
775 1555 192 75 impreffions
983 1555 40 75 of
1041 1555 89 75 thefe
1146 1555 94 75 rays;

212 1602 65 75 and
292 1602 55 75 the
363 1602 89 75 optic
468 1602 96 75 nerve
577 1602 120 75 carries
713 1602 87 75 thefe
816 1602 191 75 impreflions
1020 1602 36 75 to
1067 1602 56 75 the
1139 1602 102 75 brain.

213 1649 112 75 When
340 1649 121 75 objeXs
474 1649 53 75 are
543 1649 32 75 at
592 1649 19 75 a
625 1649 90 75 great
730 1649 138 75 diftance
883 1649 37 75 or
936 1649 145 75 obfcure,
1105 1649 57 75 the
1183 1649 58 75 pu-

212 1695 78 75 pilla
305 1695 27 75 is
352 1695 143 75 dilated;
522 1695 63 75 and
611 1695 26 75 it
661 1695 27 75 is
716 1695 184 75 contraXed
923 1695 93 75 when
1045 1695 120 75 objeXs
1189 1695 53 75 are

213 1740 88 75 rear,
325 1740 40 75 or
392 1740 112 75 placed
519 1740 32 75 in
568 1740 19 75 a
602 1740 89 75 great
717 1740 94 75 light.
859 1740 78 75 The
962 1740 133 75 mufcles
1123 1740 40 75 of
1185 1740 56 75 the

214 1788 93 75 globe
324 1788 40 75 of
374 1788 57 75 the
450 1788 59 75 eye
526 1788 62 75 and
605 1788 39 75 of
658 1788 56 75 the
738 1788 155 75 palpebrse
921 1788 141 75 perform
1089 1788 56 75 the
1172 1788 69 75 mo-

212 1835 84 75 tions
313 1835 130 75 already
461 1835 176 75 defcribed.

258 1879 77 75 The
347 1879 149 75 glandula
510 1879 202 75 lachrymalis
733 1879 196 75 continually
937 1879 146 75 moiftens
1093 1879 54 75 the
1156 1879 84 75 fore-

212 1927 72 75 part
300 1927 40 75 of
352 1927 55 75 the
422 1927 96 75 globe
530 1927 44 75 of
585 1927 56 75 the
657 1927 58 75 eye
727 1927 10 75 ;
764 1927 63 75 and
842 1927 55 75 the
905 1927 177 75 lachrymal
1098 1927 104 75 ferum
1214 1927 27 75 is

214 1974 127 75 equally
356 1974 115 75 fpread
487 1974 77 75 over
579 1974 71 75 that
667 1974 94 75 globe
778 1974 43 75 by
834 1974 59 75 the
910 1974 138 75 motions
1062 1974 41 75 of
1121 1974 56 75 the
1192 1974 50 75 fu-

213 2019 105 75 yerior
334 2019 163 75 palpebra,
521 2019 55 75 the
592 2019 90 75 inner
698 2019 122 75 furface
833 2019 43 75 of
895 2019 105 75 which
1016 2019 27 75 is
1062 2019 31 75 in
1117 2019 19 75 a
1151 2019 90 75 fmall

219 2066 133 75 neafure
362 2066 139 75 villous..
540 2066 77 75 The
633 2066 98 75 union
747 2066 40 75 of
797 2066 57 75 the
870 2066 66 75 two
953 2066 156 75 palpebne
1126 2066 116 75 direfts

210 2113 66 75 this
291 2113 103 75 ferum
403 2113 152 75 towards'
555 2113 55 75 the
620 2113 115 75 punXa
745 2113 226 75 lachrymalia;
991 2113 62 75 and
1064 2113 56 75 the
1130 2113 112 75 unXu-

212 2158 58 75 ous
299 2158 129 75 matter,
459 2158 189 75 difeharged
671 2158 142 75 through
841 2158 55 75 the
923 2158 157 75 foramina
1108 2158 132 75 ciliaria,

212 2204 130 75 hitjders
358 2204 25 75 it
400 2204 85 75 from
505 2204 134 75 running
656 2204 56 75 out
728 2204 144 75 between
888 2204 55 75 the
959 2204 169 75 palpebrae.
1164 2204 77 75 The

212 2251 88 75 large
316 2251 63 75 fize
403 2251 63 75 and
481 2251 97 75 vifeid
595 2251 121 75 furface
727 2251 44 75 of
783 2251 56 75 the
856 2251 168 75 caruncula
1050 2251 148 75 prevents
1214 2251 27 75 it

212 2296 87 75 from
315 2296 136 75 running
468 2296 128 75 beyond
613 2296 55 75 the
684 2296 126 75 punXa,
835 2296 63 75 and
919 2296 73 75 thus
1009 2296 105 75 forces
1129 2296 27 75 it
1171 2296 70 75 into

212 2343 102 75 them.

257 2390 78 75 The
362 2390 164 75 fupercilia
542 2390 72 75 may
630 2390 114 75 hinder
763 2390 96 75 fweat
893 2390 85 75 from
995 2390 115 75 falling
1125 2390 42 75 on
1185 2390 55 75 the

214 2435 86 75 eyes.
348 2435 77 75 The
442 2435 140 75 fuperior
599 2435 86 75 cilia,
709 2435 106 75 which
833 2435 52 75 are
901 2435 111 75 longer
1032 2435 75 75 than
1125 2435 54 75 the
1192 2435 47 75 in-

214 2481 110 75 ferior,
341 2481 74 75 may
431 2481 81 75 have
524 2481 59 75 the
603 2481 83 75 fame
705 2481 75 75 ufe;
807 2481 61 75 and
896 2481 77 75 they
996 2481 79 75 both
1099 2481 89 75 ferve
1204 2481 35 75 to

213 2527 130 75 prevent
363 2527 82 75 duft,
469 2527 125 75 infeXs,
620 2527 64 75 &c.
709 2527 85 75 from
821 2527 145 75 entering
987 2527 55 75 the
1054 2527 75 75 eyes
1145 2527 94 75 when

208 2576 83 75 they
306 2576 54 75 are
376 2576 77 75 only
469 2576 18 75 a
502 2576 84 75 little
602 2576 94 75 open.

425 2717 154 75 Sect.
609 2717 74 75 VI.
739 2717 81 75 The
848 2717 171 75 Nose.

256 2814 89 75 The
363 2814 99 75 bones
480 2814 40 75 of
530 2814 56 75 the
602 2814 74 75 nofe
692 2814 80 75 have
793 2814 129 75 already
937 2814 80 75 been
1034 2814 163 75 defcribed
1206 2814 35 75 in

212 2860 56 75 the
292 2860 123 75 futures
438 2860 41 75 of
490 2860 54 75 the
564 2860 100 75 bones
681 2860 40 75 of
733 2860 54 75 the
802 2860 97 75 head,

259 2906 76 75 The
351 2906 65 75 foft
431 2906 87 75 parts
535 2906 53 75 are
605 2906 55 75 the
679 2906 227 75 integuments,
930 2906 146 75 mufcles,
1102 2906 140 75 facculus

208 2952 217 75 lachrymalis,
450 2952 184 75 membrana
652 2952 174 75 pituitaria,
845 2952 61 75 and
922 2952 85 75 hairs
1024 2952 40 75 of
1072 2952 54 75 the
1139 2952 102 75 nares.

256 2999 77 75 The
371 2999 135 75 internal
534 2999 104 75 nares,
673 2999 38 75 or
748 2999 56 75 the
841 2999 68 75 two
935 2999 130 75 cavities
1104 2999 41 75 of
1188 2999 56 75 the

306 3046 91 75 Vou.
423 3046 30 75 I.
501 3046 73 75 No.
605 3046 53 75 13.

1181 3046 17 75 3

1259 135 38 75 T
1415 135 40 75 O
1572 135 49 75 M
1737 135 51 75 Y.

1287 202 87 75 rofe,
1400 202 287 75 comprehend-the
1703 202 105 75 whole
1825 202 90 75 fpace
1930 202 145 75 betweeri
2102 202 57 75 the
2174 202 148 75 external

1287 249 91 75 nares
1418 249 63 75 and
1507 249 155 75 pofterior
1691 249 154 75 openings
1881 249 218 75 immediately
2107 249 9 75 -
2131 249 100 75 above
2264 249 57 75 the

1288 295 77 75 arch
1382 295 41 75 of
1433 295 56 75 the
1505 295 131 75 palate',
1662 295 85 75 from
1759 295 131 75 whence
1905 295 89 75 thefe
2011 295 130 75 cavities
2151 295 93 75 reach
2263 295 56 75 up*

1288 342 89 75 ward
1394 342 33 75 as
1441 342 54 75 far
1511 342 33 75 as
1562 342 56 75 the
1634 342 117 75 lamina
1776 342 138 75 cribrofa
1930 342 41 75 of
1989 342 55 75 the
2067 342 37 75 os
2128 342 196 75 cthmoides,

1288 389 106 75 where
1426 389 80 75 they
1529 389 233 75 communicate
1792 389 139 75 forward
1958 389 78 75 with
2060 389 55 75 the
2133 389 80 75 finus
2231 389 89 75 fron-

1287 435 94 75 tales,
1406 435 63 75 and
1494 435 171 75 backward
1689 435 77 75 with
1785 435 57 75 the
1865 435 83 75 finus
1971 435 233 75 fphenoidales.
2253 435 68 75 La-

1287 482 130 75 terally,
1442 482 88 75 thefe
1545 482 129 75 cavities
1691 482 55 75 are
1768 482 148 75 bounded
1946 482 42 75 on
2016 482 55 75 the
2092 482 97 75 infide
2204 482 46 75 by
2266 482 55 75 the

1287 532 122 75 feptum
1422 532 209 75 oarium,-a.nd
1641 532 43 75 on
1693 532 59 75 the
1762 532 133 75 outfide,
1905 532 39 75 or
1948 532 78 75 .that
2037 532 78 75 next
2126 532 55 75 the
2189 532 131 75 cheeks,

1289 574 43 75 by
1362 574 55 75 the
1434 574 140 75 conchae,
1599 574 146 75 between
1766 574 105 75 which
1896 574 79 75 they,
1990 574 231 75 communicate
2242 574 82 75 with

1290 622 55 75 the
1363 622 81 75 Aims
1460 622 190 75 maxillaris.

1336 669 76 75 The
1428 669 174 75 particular
1620 669 147 75 fituation
1781 669 42 75 of
1844 669 92 75 thefe
1947 669 133 75 cavities
2096 669 145 75 deferves
2259 669 63 75 our

1290 716 170 75 attention.
1508 716 77 75 The
1599 716 129 75 bottom
1742 716 42 75 of
1795 716 87 75 them
1900 716 74 75 runs
1987 716 134 75 direXly
2138 716 182 75 backward,

1291 762 34 75 fo
1344 762 72 75 that
1432 762 19 75 a
1466 762 132 75 ftreight
1625 762 62 75 and
1715 762 108 75 pretty
1849 762 91 75 large
1964 762 83 75 llilet
2072 762 73 75 may
2173 762 94 75 eafily
2282 762 41 75 be

1291 810 104 75 pafied
1421 810 86 75 from
1518 810 61 75 the
1595 810 147 75 external
1759 810 104 75 nares,
1888 810 101 75 under
2005 810 101 75 the'gi
2114 810 52 75 tat
2177 810 144 75 apophy-

1290 856 38 75 fis
1341 856 43 75 of
1396 856 55 75 the
1469 856 152 75 occipital
1637 856 96 75 bone.
1779 856 79 75 The
1875 856 153 75 openings
2047 856 41 75 of
2105 856 56 75 the
2174 856 148 75 maxilla-

1292 903 37 75 ry
1346 903 112 75 fmufes
1475 903 53 75 are
1546 903 108 75 nearly
1677 903 143 75 oppofite
1843 903 35 75 to
1902 903 54 75 the
1982 903 100 75 upper
2096 903 82 75 edge
2204 903 41 75 of
2267 903 56 75 the

1292 950 63 75 offa
1372 950 167 75 malarum.
1586 950 79 75 The
1681 950 153 75 openings
1855 950 41 75 of
1917 950 56 75 the
2002 950 119 75 frontal
2138 950 113 75 linufes
2269 950 52 75 are

1290 996 90 75 more
1396 996 36 75 or
1445 996 65 75 Jefs
1527 996 139 75 oppofite
1683 996 48 75 to,
1752 996 63 75 and
1826 996 143 75 between
1982 996 55 75 the
2049 996 123 75 pulleys
2185 996 38 75 or
2235 996 87 75 rings

1293 1043 40 75 of
1343 1043 56 75 the
1415 1043 132 75 mufeuli
1563 1043 216 75 trochleares;
1806 1043 62 75 and
1884 1043 44 75 by
1943 1043 88 75 thefe
2054 1043 106 75 marks
2177 1043 56 75 the
2248 1043 73 75 fitu-

1293 1089 85 75 ation
1396 1089 41 75 of
1447 1089 43 75 all
1507 1089 53 75 the
1578 1089 94 75 other
1695 1089 87 75 parts
1799 1089 74 75 may
1889 1089 40 75 be
1944 1089 211 75 determined.

1338 1136 79 75 The
1429 1136 133 75 inferior
1578 1136 127 75 portion
1722 1136 41 75 of
1784 1136 55 75 the
1856 1136 146 75 external
2019 1136 74 75 nofe
2110 1136 26 75 is
2153 1136 170 75 compofed

1292 1182 41 75 of
1353 1182 119 75 feveral
1489 1182 180 75 cartilages,
1692 1182 107 75 which
1815 1182 53 75 are
1885 1182 183 75 commonly
2083 1182 61 75 five
2171 1182 32 75 in
2231 1182 91 75 num-

1292 1229 68 75 ber,
1386 1229 61 75 and
1465 1229 40 75 of
1519 1229 18 75 a
1554 1229 108 75 pretty
1689 1229 127 75 regular
1832 1229 114 75 figure.
1994 1229 76 75 The
2088 1229 60 75 reft
2164 1229 54 75 are
2245 1229 78 75 only

1293 1277 188 75 additional,
1506 1277 137 75 fmaller,
1666 1277 90 75 more
1773 1277 167 75 irregular,
1966 1277 63 75 and
2051 1277 57 75 the
2130 1277 134 75 number
2285 1277 43 75 of

1291 1323 89 75 them
1403 1323 89 75 more
1518 1323 178 75 uncertain.
1745 1323 53 75 Of
1809 1323 56 75 the
1888 1323 60 75 five
1972 1323 152 75 ordinary
2139 1323 183 75 cartilages,

1293 1370 60 75 one
1370 1370 34 75 is
1427 1370 134 75 fituated
1586 1370 32 75 in
1646 1370 56 75 the
1729 1370 133 75 middle,
1887 1370 57 75 the
1961 1370 93 75 other
2071 1370 73 75 four
2159 1370 162 75 laterally.

1292 1417 25 75 7
1327 1417 41 75 he
1392 1417 118 75 middle
1527 1417 152 75 cartilage
1699 1417 27 75 is
1743 1417 55 75 the
1815 1417 80 75 tnoft
1918 1417 225 75 confiderable,
2169 1417 64 75 and
2249 1417 71 75 fup-

1291 1463 89 75 ports
1396 1463 56 75 the
1477 1463 72 75 reft,
1574 1463 95 75 being
1689 1463 172 75 conneXed
1876 1463 219 75 immediately
2112 1463 35 75 to
2163 1463 56 75 the
2236 1463 86 75 bony

1290 1511 87 75 parts
1389 1511 12 75 ;
1427 1511 57 75 but
1497 1511 55 75 the
1564 1511 93 75 other
1668 1511 73 75 four
1753 1511 53 75 are
1818 1511 172 75 conneXed
2002 1511 35 75 to
2053 1511 54 75 the
2120 1511 120 75 middle
2249 1511 70 75 car-

1290 1557 109 75 tilage,
1418 1557 60 75 and
1496 1557 35 75 to
1548 1557 77 75 each
1642 1557 106 75 other,
1773 1557 44 75 by
1833 1557 107 75 means
1956 1557 40 75 of
2007 1557 181 75 ligaments.

1335 1603 77 75 The
1427 1603 209 75 fub-feptum,
1654 1603 36 75 or
1701 1603 124 75 portion
1836 1603 100 75 under
1945 1603 55 75 the
2008 1603 124 75 feptum
2143 1603 136 75 narium,
2292 1603 29 75 is

1290 1650 17 75 a
1317 1650 93 75 pillar
1419 1650 41 75 of
1466 1650 47 75 fat
1529 1650 127 75 applied
1667 1650 35 75 to
1726 1650 56 75 the
1799 1650 136 75 inferior
1947 1650 79 75 edge
2042 1650 41 75 of
2094 1650 55 75 the
2161 1650 160 75 cartilagi-

1288 1697 80 75 nous
1384 1697 162 75 partition,
1558 1697 31 75 in
1602 1697 83 75 form
1694 1697 41 75 of
1748 1697 19 75 a
1776 1697 62 75 foft
1849 1697 164 75 moveable
2023 1697 175 75 appendix.
2242 1697 80 75 The

1288 1744 157 75 thicknefs
1462 1744 40 75 of
1515 1744 54 75 the
1586 1744 56 75 alae
1659 1744 136 75 narium,
1820 1744 63 75 and
1899 1744 166 75 efpecially
2088 1744 72 75 that
2186 1744 41 75 of
2238 1744 84 75 their

1288 1790 101 75 lower
1412 1790 109 75 edges,
1545 1790 27 75 is
1600 1790 57 75 not
1684 1790 107 75 owing
1816 1790 34 75 to
1867 1790 56 75 the
1947 1790 179 75 cartilages,
2144 1790 106 75 which
2267 1790 56 75 are

1289 1836 78 75 very
1382 1836 82 75 thin,
1490 1836 58 75 but
1564 1836 35 75 to
1615 1836 55 75 the
1686 1836 84 75 fame
1787 1836 78 75 kind
1881 1836 41 75 of
1932 1836 82 75 folid
2029 1836 49 75 fat
2106 1836 79 75 with
2214 1836 108 75 which

1289 1884 87 75 thele
1393 1884 168 75 cartilages
1578 1884 52 75 are
1646 1884 151 75 covered.
1844 1884 77 75 The
1939 1884 91 75 great
2046 1884 153 75 cartilage
2216 1884 26 75 is
2260 1884 60 75 im-

1289 1931 164 75 moveable
1467 1931 45 75 by
1527 1931 109 75 reafon
1661 1931 41 75 of
1723 1931 41 75 its
1781 1931 71 75 firm
1879 1931 184 75 connexion
2091 1931 37 75 to
2150 1931 57 75 the
2234 1931 88 75 bony

1289 1977 85 75 parts
1403 1977 41 75 of
1470 1977 55 75 the
1552 1977 95 75 nofe;
1674 1977 58 75 but
1752 1977 59 75 the
1827 1977 113 75 lateral
1956 1977 168 75 cartilages
2141 1977 53 75 are
2210 1977 110 75 move-

1290 2024 81 75 able,
1397 2024 133 75 becaufe
1546 2024 41 75 of
1597 2024 84 75 their
1697 2024 210 75 ligamentary
1924 2024 212 75 connexions,
2163 2024 62 75 and
2240 2024 80 75 they

1290 2070 52 75 are
1358 2070 117 75 moved
1490 2070 32 75 in
1538 2070 152 75 different
1706 2070 144 75 manners
1866 2070 44 75 by
1926 2070 55 75 the
1998 2070 134 75 mufcles
2148 2070 172 75 belonging

1289 2117 34 75 to
1340 2117 101 75 them.

1335 2163 76 75 The
1428 2163 145 75 external
1590 2163 74 75 nofe
1688 2163 31 75 is
1744 2163 136 75 covered
1896 2163 43 75 by
1955 2163 55 75 the
2030 2163 147 75 common
2189 2163 129 75 integu-

1284 2210 119 75 ments,
1427 2210 57 75 the
1499 2210 81 75 ikin,
1605 2210 182 75 epidermis,
1813 2210 61 75 and
1891 2210 60 75 fat.
1998 2210 112 75 Thofe
2134 2210 36 75 w'
2170 2210 69 75 hich
2264 2210 55 75 co-

1287 2255 56 75 ver
1365 2255 56 75 the
1437 2255 47 75 tip
1500 2255 40 75 of
1552 2255 55 75 the
1624 2255 74 75 nofe
1716 2255 63 75 and
1794 2255 56 75 alffi
1867 2255 122 75 narium
2015 2255 53 75 are
2085 2255 18 75 a
2119 2255 91 75 great
2227 2255 91 75 num-

1285 2302 58 75 ber
1367 2302 40 75 of
1423 2302 171 75 glandular
1620 2302 126 75 bodies,
1772 2302 104 75 called
1897 2302 170 75 glandula
2084 2302 153 75 febacea,
2264 2302 57 75 the

1288 2349 145 75 contents
1461 2349 41 75 of
1523 2349 107 75 which
1655 2349 74 75 may
1754 2349 98 75 eafily
1879 2349 40 75 be
1946 2349 160 75 fqueezed
2130 2349 57 75 out
2203 2349 43 75 by
2262 2349 57 75 the

1284 2396 132 75 fingers.

1336 2442 60 75 Six
1412 2442 133 75 mufcles
1563 2442 52 75 are
1632 2442 182 75 commonly
1828 2442 161 75 reckoned
2000 2442 39 75 to
2067 2442 117 75 belong
2199 2442 36 75 to
2262 2442 57 75 the

1285 2488 95 75 nofe;
1406 2488 66 75 two
1488 2488 89 75 reXi,
1594 2488 104 75 called
1713 2488 65 75 alfo
1788 2488 217 75 pyrawidales
2022 2488 37 75 or
2071 2488 246 75 triangulares;

1285 2534 66 75 two
1367 2534 135 75 obliqui,
1532 2534 220 75 orlaterales;
1779 2534 61 75 and
1855 2534 66 75 two
1939 2534 176 75 tranfverfi,
2143 2534 39 75 or
2202 2534 116 75 tnyrti-

1282 2581 137 75 formes.
1467 2581 77 75 The
1561 2581 73 75 nofe
1650 2581 74 75 may
1740 2581 65 75 alfo
1828 2581 38 75 be
1894 2581 116 75 moved
2025 2581 33 75 in
2070 2581 90 75 fome
2176 2581 146 75 meafiure

1281 2626 48 75 hy
1349 2626 55 75 the
1427 2626 133 75 mufcles
1576 2626 40 75 of
1634 2626 56 75 the
1702 2626 77 75 lips,
1804 2626 104 75 which
1925 2626 32 75 in
1974 2626 96 75 many
2085 2626 84 75 cafes
2186 2626 132 75 beccrnfe

1287 2674 145 75 alf.ftants
1450 2674 34 75 to
1502 2674 55 75 the
1574 2674 113 75 proper
1704 2674 132 75 mufcles
1853 2674 40 75 of
1904 2674 64 75 this
1985 2674 111 75 organ.

1333 2720 76 75 The
1425 2720 158 75 mufculus
1600 2720 217 75 pyramidalis,
1835 2720 37 75 or
1884 2720 151 75 anterior,
2054 2720 41 75 on
2108 2720 77 75 each
2198 2720 74 75 fide,
2290 2720 26 75 is

1287 2766 137 75 inferred
1441 2766 43 75 by
1500 2766 61 75 one
1578 2766 175 75 extremity
1774 2766 34 75 in
1837 2766 55 75 the
1908 2766 207 75 fynarthrofis
2144 2766 39 75 of
2201 2766 55 75 the
2280 2766 37 75 os

1285 2814 118 75 fronds
1421 2814 62 75 and
1511 2814 63 75 offa
1590 2814 73 75 nafi,
1689 2814 106 75 where
1819 2814 45 75 its
1892 2814 97 75 flefhy
2016 2814 95 75 fibres
2138 2814 72 75 mix
2238 2814 79 75 with

1289 2862 88 75 thofe
1392 2862 41 75 of
1445 2862 54 75 the
1516 2862 129 75 mufeuli
1672 2862 154 75 frontales
1852 2862 62 75 and
1940 2862 230 75 faperciliares.
2235 2862 31 75 It
2289 2862 28 75 is

1286 2906 80 75 very
1382 2906 67 75 flat,
1476 2906 62 75 and
1555 2906 74 75 runs
1646 2906 95 75 down
1759 2906 40 75 on
1814 2906 57 75 the
1888 2906 62 75 fide
1967 2906 41 75 of
2018 2906 54 75 the
2085 2906 87 75 nofe,
2195 2906 123 75 increa-

1289 2954 247 75 fing-gradually
1552 2954 32 75 in
1596 2954 148 75 breadth,
1770 2954 63 75 and
1844 2954 205 75 terminating
2064 2954 42 75 by
2123 2954 39 75 an
2179 2954 140 75 apoueu-

1289 3001 87 75 rofis,
1401 3001 106 75 which
1524 3001 179 75 reprefeats
1716 3001 55 75 the
1788 3001 79 75 bafis
1879 3001 40 75 of
1925 3001 23 75 a
1964 3001 159 75 pyramid,
2146 3001 63 75 and
2218 3001 34 75 is
2269 3001 49 75 in-

1788 3056 20 75 4
1832 3056 31 75 E

2216 3056 106 75 ferted
