2397 3387
218 180 80 49 572

766 148 1036 75 BLEACHING.

222 218 96 75 tracts
335 218 17 75 a
369 218 177 75 dampnefs,
570 218 107 75 which
700 218 57 75 not
773 218 76 75 only
866 218 108 75 makes
1002 218 25 75 it
1044 218 128 75 yellow,
1199 218 63 75 and
1309 218 81 75 cipal
1407 218 126 75 reafons
1545 218 52 75 for
1614 218 33 75 fo
1664 218 95 75 much
1777 218 172 75 complaint
1961 218 32 75 in
2010 218 169 75 bleaching
2191 218 78 75 with
2279 218 62 75 this

223 265 24 75 h
262 247 4 49 !
283 265 5 75 :
307 265 59 75 any
380 265 93 75 thing
484 265 40 75 of
535 265 111 75 colour
663 265 26 75 it
705 265 71 75 has,
801 265 58 75 but
875 265 134 75 diredly
1021 265 67 75 rots
1106 265 39 75 it.
1183 265 78 75 And
1308 265 184 75 material.â€

223 311 27 75 a*
273 311 106 75 hough
400 311 25 75 it
441 311 112 75 fhouid
569 311 109 75 efcape
691 311 76 75 this,
785 311 106 75 v/hich
909 311 26 75 it
951 311 27 75 is
991 311 128 75 poflible
1130 311 27 75 it
1173 311 86 75 may,
1355 311 78 75 The
1449 311 105 75 whole
1571 311 50 75 art
1639 311 62 75 and
1717 311 102 75 fafety
1835 311 32 75 in
1884 311 86 75 ufing
1987 311 56 75 the
2060 311 88 75 lime,
2173 311 171 75 according

224 359 39 75 by
285 359 17 75 a
319 359 97 75 quick
444 359 62 75 and
534 359 115 75 fpeedy
672 359 123 75 paffage
810 359 10 75 ;
847 359 55 75 yet
919 359 168 75 whenever
1104 359 25 75 it
1157 359 28 75 is
1203 359 58 75 put
1309 359 35 75 to
1361 359 64 75 this
1449 359 146 75 method,
1619 359 141 75 depends
1777 359 41 75 on
1842 359 54 75 the
1910 359 144 75 junfhon
2072 359 40 75 of
2136 359 55 75 the
2207 359 137 75 alkaline

224 405 31 75 in
275 405 61 75 any
348 405 196 75 warehoufe,
570 405 26 75 it
613 405 66 75 will
697 405 84 75 meet
795 405 77 75 with
891 405 147 75 moifture
1055 405 104 75 there,
1176 405 86 75 efpe-
1310 405 89 75 falts,
1417 405 117 75 during
1556 405 55 75 the
1628 405 152 75 bucking,
1796 405 45 75 "to
1857 405 55 75 the
1929 405 150 75 particles
2097 405 40 75 of
2147 405 75 75 lime
2238 405 106 75 which

224 451 97 75 ciaily
348 451 30 75 if
400 451 56 75 the
481 451 236 75 winter-feafon
741 451 111 75 Ihould
878 451 91 75 come
997 451 41 75 on
1066 451 111 75 before
1193 451 26 75 it
1237 451 26 75 is
1311 451 85 75 were
1414 451 42 75 on
1472 451 55 75 the
1539 451 123 75 furface
1678 451 40 75 of
1728 451 56 75 the
1796 451 102 75 cloth,

225 499 144 75 difpofed
384 499 38 75 or
440 499 94 75 made
563 499 53 75 ufe
632 499 49 75 of.
728 499 109 75 Thefe
855 499 16 75 I
889 499 75 75 take
980 499 36 75 to
1044 499 40 75 be
1107 499 54 75 the
1178 499 85 75 prin-

652 638 28 75 B
728 638 32 75 L
810 638 29 75 E

1742 638 29 75 B
1821 638 32 75 L
1900 638 18 75 I

225 734 177 75 BLEAK,
427 734 55 75 the
499 734 132 75 Englilh
648 734 92 75 name
762 734 42 75 of
823 734 55 75 the
901 734 54 75 filh
979 734 104 75 called
1098 734 162 75 cyprinus.

277 781 61 75 See
355 781 214 75 Cyprinus.

226 825 333 75 BLECHINGLY,
601 825 18 75 a
646 825 251 75 borough-town
930 825 41 75 of
1007 825 113 75 Surry,
1162 825 98 75 about

273 873 122 75 twenty
419 873 92 75 miles
534 873 95 75 fouth
653 873 41 75 of
713 873 162 75 London;
901 873 62 75 W.
989 873 88 75 long.
1105 873 66 75 20,
1197 873 63 75 and

275 921 45 75 N.
340 921 58 75 lat.
420 921 37 75 51
457 903 27 49 0
505 921 44 75 20
549 903 11 49 r
560 921 13 75 .

226 966 291 75 BLECHNUM,
543 966 32 75 in
591 966 133 75 botany,
750 966 18 75 a
784 966 98 75 genus
906 966 40 75 of
965 966 55 75 the
1042 966 221 75 cryptogamia

273 1013 111 75 filices.
433 1013 77 75 The
527 1013 88 75 feeds
633 1013 63 75 and
720 1013 86 75 parts
831 1013 39 75 of
888 1013 224 75 fru&ification
1137 1013 40 75 of
1198 1013 63 75 this

274 1060 70 75 fern
361 1060 42 75 lie
420 1060 32 75 in
481 1060 88 75 fmall
598 1060 80 75 lines
699 1060 101 75 under
823 1060 55 75 the
902 1060 94 75 plaits
1013 1060 41 75 of
1072 1060 56 75 the
1143 1060 120 75 leaves.

273 1107 77 75 The
367 1107 118 75 fpecies
499 1107 52 75 are
564 1107 78 75 two,
669 1107 69 75 viz.
765 1107 55 75 the
836 1107 210 75 occidentale,
1071 1107 19 75 a
1106 1107 106 75 native
1228 1107 41 75 of

273 1152 150 75 America
436 1152 9 75 ;
473 1152 63 75 and
552 1152 55 75 the
623 1152 210 75 occidentale,
860 1152 17 75 a
889 1152 106 75 native
1008 1152 40 75 of
1067 1152 118 75 China.

227 1199 271 75 BLEEDING,
522 1199 32 75 in
572 1199 144 75 furgery.
767 1199 62 75 See
848 1199 201 75 Surgery.

226 1246 205 75 Bleeding
466 1246 34 75 at
534 1246 56 75 the
617 1246 87 75 nofe.
770 1246 62 75 See
860 1246 299 75 Hemorrhage,
1200 1246 63 75 and

275 1293 220 75 Medicine.

227 1339 206 75 Bleeding
457 1339 27 75 is
513 1339 64 75 alfo
592 1339 78 75 ufed
687 1339 51 75 for
759 1339 55 75 the
831 1339 144 75 drawing
995 1339 58 75 out
1073 1339 56 75 the
1149 1339 53 75 fap
1227 1339 40 75 of

275 1384 115 75 plants,
408 1384 168 75 otherwife
589 1384 101 75 called
702 1384 144 75 tapping.
897 1384 62 75 See
974 1384 194 75 Tapping.

228 1433 234 75 BLEKING,
489 1433 55 75 the
568 1433 79 75 moll
671 1433 245 75 fouth-eaflerly
940 1433 150 75 province
1115 1433 39 75 of
1175 1433 89 75 Swe-

274 1480 75 75 den,
374 1480 117 75 having
503 1480 56 75 the
571 1480 107 75 Baltic
694 1480 42 75 on
754 1480 56 75 the
833 1480 107 75 fouth,
967 1480 154 75 Smaland
1143 1480 42 75 on
1208 1480 57 75 the

275 1526 109 75 north,
409 1526 62 75 and
488 1526 55 75 the
560 1526 149 75 province
726 1526 42 75 of.
786 1526 150 75 Schonen
948 1526 43 75 on
1007 1526 56 75 the
1079 1526 95 75 well.,
1217 1558 13 49 #

226 1574 232 75 BLEMISH,
484 1574 18 75 a
529 1574 83 75 term
637 1574 32 75 in
693 1574 149 75 hunting,
874 1574 93 75 when
995 1574 56 75 the
1075 1574 127 75 hounds
1227 1574 38 75 or

276 1620 126 75 beagles
419 1620 119 75 finding
555 1620 107 75 where
679 1620 56 75 the
748 1620 98 75 chace
857 1620 58 75 has
927 1620 94 75 been,
1038 1620 93 75 make
1143 1620 18 75 a
1172 1620 89 75 prof-

277 1666 47 75 fer
341 1666 35 75 to
393 1666 103 75 enter,
521 1666 57 75 but
596 1666 121 75 return.

229 1713 241 75 BLEMYES,
494 1713 288 75 opBlemmyes,
808 1713 20 75 a
847 1713 148 75 fabulous
1018 1713 114 75 people
1156 1713 40 75 of
1215 1713 47 75 E-
1281 1713 5 75 '

277 1760 133 75 thiopia,
427 1760 67 75 faid
506 1760 35 75 to
556 1760 81 75 have
653 1760 64 75 had
732 1760 43 75 no
786 1760 121 75 heads;
935 1760 83 75 their
1030 1760 88 75 eyes,
1135 1760 127 75 mouth,

369 1806 94 75 being
475 1806 133 75 fituated
624 1806 31 75 in
674 1806 84 75 their
775 1806 130 75 breads.

231 1852 200 75 BLENCH
448 1852 36 75 or
502 1852 176 75 Blanch.
729 1852 61 75 See
802 1852 176 75 Blanch.

230 1900 181 75 BLEND,
433 1900 38 75 or
494 1900 170 75 Blende,
690 1900 19 75 a
735 1900 133 75 mineral
892 1900 161 75 fubdance
1077 1900 188 75 refembling

277 1945 158 75 lead-ore,
460 1945 58 75 but
535 1945 182 75 containing
732 1945 79 75 very
826 1945 87 75 little
929 1945 41 75 of
988 1945 71 75 that
1076 1945 111 75 metal.

230 1992 300 75 Blend-water,
556 1992 104 75 called
676 1992 66 75 alfo
765 1992 197 75 morehough,
988 1992 19 75 a
1029 1992 169 75 didemper
1214 1992 49 75 in-

279 2039 106 75 cident
403 2039 35 75 to
454 2039 95 75 black
572 2039 111 75 cattle,
709 2039 105 75 comes
838 2039 103 75 either
965 2039 83 75 from
1073 2039 54 75 the
1151 2039 112 75 blood,

279 2087 84 75 from
380 2087 55 75 the
447 2087 147 75 yellows,
619 2087 38 75 or
672 2087 85 75 from
769 2087 56 75 the
840 2087 122 75 change
978 2087 41 75 of
1036 2087 138 75 ground.

326 2132 39 75 In
377 2132 95 75 order
484 2132 36 75 to
537 2132 73 75 cure
627 2132 38 75 it,
682 2132 75 75 take
774 2132 73 75 bole
860 2132 172 75 armoniac,
1050 2132 64 75 and
1125 2132 34 75 as
1171 2132 95 75 much

281 2179 148 75 charcoal
445 2179 69 75 dud
532 2179 33 75 as
589 2179 64 75 will
670 2179 46 75 fill
733 2179 38 75 an
789 2179 166 75 egg-lhell,
981 2179 19 75 a
1015 2179 85 75 good
1118 2179 150 75 quantity

281 2227 40 75 of
339 2227 56 75 the
411 2227 90 75 inner
517 2227 80 75 bark
613 2227 40 75 of
672 2227 38 75 an
729 2227 74 75 oak,
829 2227 92 75 dried
933 2227 61 75 and
1011 2227 149 75 pounded
1175 2227 95 75 toge-

281 2273 74 75 ther
370 2273 35 75 to
421 2273 18 75 a
454 2273 144 75 powder,
623 2273 63 75 and
697 2273 72 75 give
781 2273 25 75 it
818 2273 34 75 to
868 2273 57 75 the
941 2273 85 75 bead
1038 2273 32 75 in
1087 2273 19 75 a
1121 2273 96 75 quart
1233 2273 41 75 of

283 2319 70 75 new
370 2319 78 75 milk
465 2319 62 75 and
544 2319 18 75 a
579 2319 67 75 pint
662 2319 41 75 of
721 2319 144 75 earning.

236 2367 273 75 BLENHEIM,
535 2367 19 75 a
564 2367 115 75 village
691 2367 40 75 of
744 2367 128 75 Swabia
886 2367 32 75 in
937 2367 180 75 Germany,
1135 2367 134 75 fituated

284 2415 41 75 on
342 2415 54 75 the
413 2415 73 75 wed
504 2415 63 75 fide
583 2415 40 75 of
635 2415 55 75 the
707 2415 152 75 Danube,
884 2415 91 75 three
988 2415 90 75 miles
1092 2415 177 75 north-ead

284 2461 40 75 of
350 2461 170 75 Hockdet,
559 2461 64 75 and
649 2461 232 75 twenty-feven
908 2461 92 75 miles
1033 2461 177 75 north-ead
1234 2461 41 75 of

286 2508 102 75 Ulm;
415 2508 44 75 E.
477 2508 88 75 long.
589 2508 59 75 ioÂ°
667 2508 54 75 25'
721 2508 12 75 ,
759 2508 48 75 N.
824 2508 58 75 lat.
902 2508 62 75 48Â°
983 2508 68 75 40'.

240 2554 261 75 BLENNIUS,
526 2554 31 75 in
574 2554 224 75 ichthyology,
823 2554 19 75 a
857 2554 100 75 genus
974 2554 147 75 of-fidies
1137 2554 133 75 belong-

287 2601 53 75 ing
357 2601 35 75 to
404 2601 55 75 the
475 2601 94 75 order
586 2601 40 75 of
640 2601 186 75 jugulares;
852 2601 56 75 the
920 2601 176 75 characters
1112 2601 40 75 of
1164 2601 106 75 which

288 2648 53 75 are
367 2648 109 75 thefe:
513 2648 76 75 The
606 2648 82 75 head
711 2648 93 75 Hants
822 2648 37 75 or
883 2648 139 75 declines
1039 2648 35 75 to
1099 2648 62 75 one
1184 2648 84 75 fide;

287 2693 92 75 there
396 2693 53 75 are
466 2693 47 75 fix
527 2693 73 75 rays
618 2693 31 75 in
673 2693 56 75 the
752 2693 181 75 membrane
956 2693 40 75 of
1015 2693 56 75 the
1095 2693 94 75 gills;
1215 2693 57 75 the

288 2740 87 75 body
392 2740 105 75 tapers
514 2740 124 75 toward
655 2740 156 75 the.tail;
838 2740 55 75 the
915 2740 161 75 belly-fins
1099 2740 80 75 have
1195 2740 78 75 only

290 2788 66 75 two
372 2788 92 75 blunt
476 2788 98 75 bones
586 2788 10 75 ;
623 2788 61 75 and
697 2788 54 75 the
767 2788 116 75 tail-fin
900 2788 26 75 is
942 2788 136 75 didindt.
1115 2788 76 75 The
1204 2788 67 75 fpe-

291 2835 64 75 cies
380 2835 53 75 are
463 2835 54 75 13,
542 2835 70 75 viz.
655 2835 28 75 1.
710 2835 77 75 The
812 2835 131 75 galeria,
967 2835 79 75 with
1065 2835 18 75 a
1099 2835 174 75 tranfverfe

291 2880 221 75 membranous
537 2880 77 75 cred
631 2880 85 75 upon
732 2880 54 75 the
802 2880 95 75 head.
947 2880 32 75 It
1002 2880 26 75 is
1046 2880 100 75 found
1163 2880 31 75 in
1216 2880 57 75 the

290 2927 171 75 European
479 2927 78 75 feas.
608 2927 33 75 2.
666 2927 76 75 The
758 2927 155 75 cridatus,
932 2927 78 75 with
1028 2927 17 75 a
1062 2927 211 75 longitudinal

248 2975 7 75 â€™
290 2975 109 75 bridly
417 2975 77 75 cred
510 2975 137 75 betwixt
664 2975 55 75 the
734 2975 87 75 eyes.
873 2975 32 75 3.
922 2975 77 75 The
1012 2975 165 75 cornutus,
1195 2975 78 75 with

290 3023 137 75 afimple
438 3023 58 75 ray
508 3023 100 75 above
619 3023 55 75 the
686 3023 89 75 eyes,
792 3023 63 75 and
866 3023 19 75 a
896 3023 96 75 fingle
1005 3023 153 75 back-fin.
1193 3023 76 75 The

1358 734 100 75 above
1476 734 66 75 two
1563 734 53 75 are
1635 734 122 75 natives
1774 734 41 75 of
1833 734 55 75 the
1903 734 123 75 Indies.
2076 734 34 75 4.
2135 734 77 75 The
2228 734 117 75 ocella-

1357 779 57 75 ris,
1439 779 79 75 with
1536 779 19 75 a
1571 779 123 75 furrow
1710 779 139 75 betwixt
1868 779 55 75 the
1939 779 90 75 eyes,
2054 779 62 75 and
2134 779 18 75 a
2172 779 87 75 large
2275 779 71 75 fpot

1355 827 41 75 on
1408 827 56 75 the
1480 827 153 75 back-fin.
1687 827 32 75 5.
1744 827 77 75 The
1838 827 216 75 gattorugine,
2079 827 80 75 with
2172 827 89 75 fmall
2277 827 68 75 pal-

1354 873 109 75 mated
1479 873 58 75 fins
1550 873 97 75 about
1663 873 56 75 the
1735 873 182 75 eye-brows
1934 873 63 75 and
2012 873 93 75 neck.
2155 873 31 75 It
2203 873 26 75 is
2247 873 98 75 about

1357 920 92 75 feven
1470 920 37 75 or
1525 920 88 75 eight
1633 920 110 75 inches
1759 920 89 75 long.
1881 920 110 75 Thefe
2006 920 66 75 two
2092 920 58 75 lad
2167 920 52 75 are
2244 920 102 75 found

1357 966 31 75 in
1413 966 55 75 the
1497 966 173 75 European
1694 966 80 75 feas.
1833 966 34 75 6.
1894 966 79 75 The
1998 966 233 75 fuperciliofus,
2265 966 80 75 with

1358 1013 89 75 fmall
1465 1013 58 75 fins
1541 1013 99 75 about
1661 1013 56 75 the
1739 1013 193 75 eye-brows,
1958 1013 63 75 and
2045 1013 18 75 a
2087 1013 120 75 curved
2230 1013 114 75 lateral

1360 1059 76 75 line.
1486 1059 32 75 It
1536 1059 27 75 is
1589 1059 18 75 a
1630 1059 105 75 native
1753 1059 39 75 of
1810 1059 105 75 India.
1968 1059 32 75 7.
2025 1059 76 75 The
2119 1059 123 75 phycis,
2266 1059 80 75 with

1360 1105 18 75 a
1393 1105 79 75 kind
1489 1105 40 75 of
1548 1105 121 75 creded
1687 1105 137 75 nodrils,
1850 1105 18 75 a
1884 1105 100 75 cirrus
1997 1105 37 75 or
2046 1105 99 75 beard
2162 1105 41 75 on
2221 1105 55 75 the
2288 1105 52 75 un-

1359 1152 59 75 der
1432 1152 58 75 lip,
1516 1152 64 75 and
1601 1152 19 75 a
1643 1152 119 75 double
1787 1152 42 75 fin
1852 1152 42 75 on
1917 1152 56 75 the
1990 1152 93 75 back.
2132 1152 33 75 It
2180 1152 57 75 has
2254 1152 92 75 feven

1360 1199 71 75 rays
1456 1199 31 75 in
1513 1199 56 75 the
1597 1199 278 75 gill-membrane;
1910 1199 57 75 the
1993 1199 77 75 anus
2095 1199 26 75 is
2150 1199 198 75 furrounded

1359 1245 78 75 with
1454 1245 18 75 a
1490 1245 93 75 black
1600 1245 93 75 ring;
1719 1245 62 75 and
1798 1245 56 75 the
1871 1245 56 75 tail
1945 1245 27 75 is
1999 1245 160 75 roundidr.
2210 1245 34 75 8.
2268 1245 78 75 The

1358 1292 103 75 pholis
1478 1292 57 75 has
1552 1292 19 75 a
1587 1292 126 75 fmooth
1729 1292 97 75 head,
1852 1292 17 75 a
1886 1292 97 75 curve
1999 1292 63 75 line
2079 1292 85 75 upon
2182 1292 54 75 the
2253 1292 93 75 fides,

1359 1339 61 75 and
1432 1339 166 75 thempper
1611 1339 66 75 jaw
1693 1339 27 75 is
1737 1339 104 75 larger
1858 1339 76 75 than
1958 1339 55 75 the
2030 1339 100 75 under
2147 1339 73 75 one.
2269 1339 77 75 The

1361 1385 65 75 two
1442 1385 56 75 lad
1515 1385 52 75 are
1584 1385 102 75 found
1696 1385 32 75 in
1745 1385 56 75 the
1817 1385 262 75 Mediterranean
2096 1385 64 75 fea.
2209 1385 34 75 9.
2268 1385 79 75 The

1360 1433 167 75 gunnellus
1544 1433 58 75 has
1623 1433 42 75 10
1690 1433 96 75 black
1806 1433 86 75 fpots
1917 1433 42 75 on
1983 1433 56 75 the
2061 1433 155 75 back-fin.
2265 1433 33 75 It
2320 1433 27 75 is

1360 1479 102 75 found
1478 1479 32 75 in
1526 1479 56 75 the
1599 1479 146 75 Atlantic
1761 1479 125 75 Ocean.
1940 1479 54 75 10.
2012 1479 77 75 The
2102 1479 174 75 mudelaris
2289 1479 58 75 has

1360 1526 90 75 three
1476 1526 72 75 rays
1571 1526 41 75 on
1634 1526 55 75 the
1711 1526 160 75 fore-part
1897 1526 41 75 of
1956 1526 55 75 the
2034 1526 154 75 back-fin.
2238 1526 32 75 It
2286 1526 25 75 is
2329 1526 19 75 a

1361 1573 105 75 native
1483 1573 34 75 of
1535 1573 105 75 India.
1693 1573 55 75 11.
1765 1573 77 75 The
1853 1573 160 75 viviparus
2031 1573 57 75 has
2104 1573 67 75 two
2187 1573 162 75 tentacula

1357 1619 33 75 at
1410 1619 56 75 the
1482 1619 127 75 mduth.
1663 1619 54 75 12.
1741 1619 78 75 The
1836 1619 164 75 lumpenus
2017 1619 58 75 has
2092 1619 254 75 feveral.dulky-

1358 1666 154 75 coloured
1536 1666 113 75 areolae
1673 1666 138 75 running
1834 1666 104 75 acrofs
1962 1666 42 75 its
2029 1666 100 75 body.
2177 1666 78 75 The
2280 1666 67 75 two

1358 1712 57 75 lad
1432 1712 53 75 are
1508 1712 102 75 found
1633 1712 33 75 in
1683 1712 56 75 the
1763 1712 171 75 European
1958 1712 79 75 feas.
2091 1712 53 75 13.
2169 1712 77 75 The
2263 1712 84 75 rani-

1358 1760 72 75 nus,
1456 1760 79 75 with
1552 1760 49 75 fix
1616 1760 148 75 divifions
1780 1760 33 75 in
1830 1760 55 75 the
1901 1760 177 75 belly-fins.
2110 1760 33 75 It
2155 1760 26 75 is
2198 1760 100 75 found
2315 1760 33 75 in

1359 1807 56 75 the
1439 1807 89 75 lakes
1557 1807 41 75 of
1618 1807 149 75 Sweden.
1817 1807 33 75 It
1872 1807 28 75 is
1922 1807 212 75 remarkable,
2159 1807 71 75 that
2254 1807 94 75 when

1360 1852 63 75 this
1440 1852 53 75 fifh
1507 1852 131 75 appears
1655 1852 32 75 in
1704 1852 55 75 the
1770 1852 86 75 lake,
1882 1852 40 75 all
1940 1852 55 75 the
2011 1852 94 75 other
2122 1852 89 75 filhes
2228 1852 117 75 retire;

1360 1899 62 75 and
1435 1899 86 75 what
1537 1899 27 75 is
1581 1899 113 75 worfe,
1720 1899 25 75 it
1760 1899 27 75 is
1805 1899 57 75 not
1878 1899 37 75 fit
1931 1899 52 75 for
2000 1899 118 75 eating.

1312 1946 214 75 BLEYME,
1556 1946 39 75 an
1612 1946 228 75 inflammation
1858 1946 113 75 ariiing
1991 1946 84 75 from
2093 1946 126 75 bruifed
2249 1946 100 75 blood

1358 1991 144 75 between
1520 1991 18 75 a
1554 1991 121 75 horfeâ€™s
1699 1991 66 75 foie
1789 1991 63 75 and
1869 1991 55 75 the
1940 1991 83 75 bone
2042 1991 41 75 of
2105 1991 56 75 the
2186 1991 83 75 foot,
2296 1991 51 75 to-

1360 2038 104 75 wards
1480 2038 56 75 the
1551 2038 85 75 heel.
1686 2038 52 75 Of
1751 2038 87 75 thefe
1854 2038 91 75 there
1963 2038 53 75 are
2032 2038 92 75 three
2139 2038 82 75 forts
2235 2038 8 75 :
2270 2038 77 75 The

1361 2085 64 75 fird
1441 2085 95 75 being
1563 2085 79 75 bred
1658 2085 32 75 in
1707 2085 122 75 fpoiled
1845 2085 157 75 wrinkled
2023 2085 78 75 feet,
2126 2085 79 75 with
2223 2085 126 75 narrow

1362 2132 101 75 heels,
1482 2132 54 75 are
1548 2132 123 75 ufually
1681 2132 107 75 feated
1803 2132 32 75 in
1852 2132 55 75 the
1919 2132 123 75 inward
2058 2132 37 75 or
2106 2132 135 75 weaked
2253 2132 96 75 quar-

1364 2178 61 75 ter.
1475 2178 37 75 In
1541 2178 64 75 this
1631 2178 69 75 cafe
1727 2178 56 75 the
1807 2178 86 75 hoof
1914 2178 81 75 mud
2021 2178 40 75 be
2080 2178 110 75 pared,
2214 2178 64 75 and
2294 2178 56 75 the

1363 2225 117 75 matter
1494 2225 47 75 let
1556 2225 79 75 out;
1662 2225 77 75 then
1763 2225 47 75 let
1837 2225 44 75 oil
1907 2225 38 75 de
1969 2225 165 75 merveille
2160 2225 40 75 be
2227 2225 123 75 poured

1363 2272 45 75 in,
1435 2272 62 75 and
1523 2272 56 75 the
1601 2272 85 75 hoof
1697 2272 41 75 be
1763 2272 140 75 charged
1919 2272 80 75 with
2017 2272 19 75 a
2051 2272 161 75 remolade
2228 2272 41 75 of
2280 2272 70 75 foot

1365 2319 61 75 and
1445 2319 196 75 turpentine.

1411 2366 76 75 The
1503 2366 115 75 fecond
1634 2366 79 75 fort,
1737 2366 121 75 befides
1874 2366 56 75 the
1945 2366 88 75 ufual
2050 2366 174 75 fymptoms
2242 2366 40 75 of
2293 2366 57 75 the

1365 2413 77 75 fird,
1467 2413 111 75 infeCls
1595 2413 55 75 the
1666 2413 119 75 gridle,
1811 2413 62 75 and
1890 2413 78 75 mud
1991 2413 40 75 be
2048 2413 194 75 extirpated,
2268 2413 33 75 as
2318 2413 32 75 in

1366 2459 55 75 the
1438 2459 76 75 cure
1526 2459 41 75 of
1578 2459 17 75 a
1607 2459 121 75 quitter
1739 2459 95 75 bone,
1852 2459 107 75 giving
1971 2459 56 75 the
2043 2459 105 75 horfe,
2165 2459 96 75 every
2273 2459 76 75 day,

1365 2505 171 75 moidened
1552 2505 92 75 bran,
1671 2505 77 75 with
1766 2505 66 75 two
1848 2505 118 75 ounces
1978 2505 40 75 of
2027 2505 81 75 liver
2124 2505 40 75 of
2174 2505 176 75 antimony,

1366 2552 36 75 to
1416 2552 105 75 divert
1550 2552 56 75 the
1630 2552 108 75 courfe
1761 2552 41 75 of
1825 2552 55 75 the
1896 2552 166 75 humours,
2087 2552 63 75 and
2173 2552 107 75 purify
2296 2552 56 75 the

1365 2598 112 75 blood.

1412 2645 76 75 The
1513 2645 88 75 third
1625 2645 64 75 fort
1713 2645 41 75 of
1772 2645 156 75 bleymes,
1953 2645 26 75 is
1996 2645 183 75 occafioned
2195 2645 44 75 by
2261 2645 91 75 fmall

1367 2692 101 75 dones
1486 2692 62 75 and
1569 2692 110 75 gravel
1695 2692 145 75 betwrvn
1868 2692 55 75 the
1938 2692 73 75 flioe
2028 2692 63 75 and
2107 2692 55 75 the
2184 2692 78 75 foie.
2311 2692 41 75 In

1368 2738 64 75 this
1456 2738 68 75 cafe
1547 2738 54 75 the
1618 2738 70 75 foot
1704 2738 79 75 mud
1811 2738 39 75 be
1874 2738 109 75 pared,
2009 2738 61 75 and
2091 2738 55 75 the
2170 2738 129 75 matter,
2325 2738 31 75 if

1370 2785 72 75 any,
1461 2785 45 75 let
1523 2785 77 75 out:
1629 2785 36 75 If
1676 2785 91 75 there
1787 2785 40 75 be
1845 2785 41 75 no
1902 2785 128 75 matter,
2056 2785 76 75 then
2152 2785 55 75 the
2225 2785 125 75 bruifed

1368 2832 64 75 foie
1449 2832 79 75 mud
1557 2832 38 75 be
1612 2832 95 75 taken
1732 2832 77 75 out;
1844 2832 57 75 but
1919 2832 31 75 if
1968 2832 91 75 there
2076 2832 39 75 be
2140 2832 128 75 matter,
2294 2832 56 75 the

1368 2879 68 75 fore
1454 2879 90 75 mud'
1544 2879 44 75 be
1605 2879 123 75 drefled
1745 2879 64 75 like
1826 2879 55 75 the
1893 2879 89 75 prick
1999 2879 39 75 of
2050 2879 18 75 a
2084 2879 77 75 nail.

1320 2926 203 75 BLIGHT,
1549 2926 31 75 in
1607 2926 200 75 hulbandry/
1831 2926 18 75 a
1873 2926 115 75 difeafe
2016 2926 140 75 incident
2181 2926 36 75 to
2233 2926 116 75 plants,

1369 2972 104 75 which
1501 2972 108 75 affeds
1628 2972 87 75 them
1739 2972 169 75 varioufly,
1933 2972 55 75 the
2005 2972 105 75 whole
2134 2972 89 75 plant
2250 2972 100 75 fome-

1364 3021 93 75 times
1480 3021 157 75 periftiing
1652 3021 44 75 by
1719 3021 38 75 it,
1783 3021 62 75 and
1865 3021 185 75 fometimes
2075 3021 77 75 only
2169 3021 54 75 the
2244 3021 106 75 leaves
2288 3061 62 75 and
