2477 3395
610 180 34 75 B
705 180 35 75 R
798 180 35 75 E

1156 180 16 75 (
1234 180 84 75 664
1375 180 17 75 )

1697 180 37 75 B
1793 180 36 75 R
1886 180 35 75 E

205 248 183 75 "'Br'kszb,
414 248 26 75 is
457 248 66 75 alfo
539 248 56 75 th«
612 248 91 75 name
719 248 42 75 of
779 248 40 75 an
834 248 108 75 infeft,
970 248 102 75 called
1095 248 55 75 the
1173 248 79 75 gad-

264 293 52 75 fly,
344 293 37 75 or
398 293 165 75 horfe-fly.
614 293 62 75 See
694 293 94 75 Fly.

205 341 287 75 ‘BREGENTS,
516 341 38 75 or
579 341 223 75 Bergents,
828 341 19 75 a
872 341 86 75 town
983 341 136 75 fituated
1141 341 33 75 at
1197 341 56 75 the

263 386 60 75 eaflt
349 386 61 75 end
433 386 40 75 of
491 386 55 75 the
571 386 72 75 lalte
666 386 40 75 of
725 386 189 75 Conftance,
940 386 31 75 in
997 386 54 75 the
1075 386 120 75 county
1217 386 41 75 of

222 433 4 75 .
259 433 108 75 Tyrol
384 433 32 75 in
428 433 189 75 Germany;
643 433 44 75 E.
705 433 87 75 long.
813 433 20 75 9
833 415 18 49 0
873 433 54 75 40'
927 433 12 75 ,
966 433 122 75 andN.
1106 433 57 75 lat.
1183 433 67 75 47®

214 526 222 75 BREGMA,
464 526 30 75 in
519 526 162 75 anatomy,
706 526 56 75 the
785 526 83 75 fame
892 526 77 75 with
994 526 146 75 finciput.
1192 526 61 75 See

263 573 217 75 Anatomy,
507 573 31 75 p.
560 573 76 75 154.

215 619 331 75 BREIDEWICK,
572 619 18 75 a
607 619 76 75 cape
706 619 41 75 on
765 619 55 75 the
842 619 185 75 fouth-wefl
1050 619 41 75 of
1109 619 142 75 Iceland,

262 666 30 75 in
310 666 53 75 the
382 666 153 75 northern
552 666 109 75 ocean.

213 714 219 75 BREMEN,
458 714 55 75 the
526 714 113 75 capital
658 714 40 75 of
717 714 54 75 the
789 714 108 75 duchy
913 714 40 75 of
972 714 55 75 the
1047 714 83 75 fame
1147 714 103 75 name,

260 759 31 75 in
309 759 121 75 Lower
444 759 144 75 Saxony,
614 759 135 75 fituated
767 759 40 75 on
830 759 53 75 tee
902 759 82 75 river
1002 759 127 75 Welch,
1156 759 32 75 in
1205 759 45 75 8°

262 807 54 75 do'
329 807 43 75 E.
391 807 88 75 long,
505 807 63 75 and
588 807 65 75 73°
674 807 54 75 2s'
747 807 47 75 N.
812 807 58 75 lat.

305 853 87 75 This
408 853 65 75 city
491 853 59 75 and
569 853 106 75 duchy
695 853 132 75 belongs
851 853 35 75 to
909 853 55 75 the
983 853 78 75 king
1084 853 40 75 of
1143 853 107 75 Great

262 899 137 75 Britain,
426 899 33 75 as
472 899 118 75 ele&or
608 899 39 75 of
666 899 166 75 Hanover.

213 947 426 75 BREMERVHOIDE,,
665 947 18 75 a
700 947 141 75 fortified
858 947 86 75 town
962 947 39 75 of
1021 947 55 75 the
1092 947 108 75 duchy
1216 947 40 75 of

260 993 151 75 Bremen,
438 993 98 75 about
552 993 164 75 feventeen
733 993 90 75 miles
840 993 96 75 north
959 993 40 75 of
1018 993 159 75 Bremen;
1205 993 44 75 E.

260 1040 87 75 long.
368 1040 43 75 8°
435 1040 64 75 jsR
525 1040 60 75 and
604 1040 46 75 N.
669 1040 59 75 lat.
746 1040 40 75 53
786 1022 21 49 0
827 1040 42 75 48
869 1022 13 49 /
882 1040 10 75 .

211 1088 363 75 BREMGARTEN,
599 1088 19 75 a
630 1088 86 75 town
730 1088 40 75 of
783 1088 227 75 Switzerland,
1036 1088 30 75 in
1085 1088 55 75 the
1152 1088 98 75 coun-

260 1133 35 75 ty
312 1133 41 75 of
373 1133 123 75 Baden,
522 1133 97 75 about
637 1133 115 75 twelve
769 1133 90 75 miles
886 1133 73 75 wed
975 1133 40 75 of
1035 1133 141 75 Zurich;
1204 1133 44 75 E.

259 1180 89 75 long.
367 1180 43 75 8°
436 1180 52 75 15'
488 1180 11 75 ,
526 1180 62 75 and
604 1180 47 75 N.
669 1180 59 75 lat.
748 1180 42 75 47
790 1162 19 49 0
830 1180 67 75 20'.

211 1226 357 75 BREMINGHAM,
593 1226 32 75 in
641 1226 196 75 geography.
889 1226 61 75 See
967 1226 281 75 Birmingham.

215 1273 280 75 BRENBERG,
520 1273 32 75 in
570 1273 201 75 geography.
824 1273 60 75 See
902 1273 229 75 Bernburg.

212 1320 179 75 BRENT,
417 1320 33 75 iri
473 1320 196 75 geography,
696 1320 18 75 a
730 1320 123 75 market
871 1320 86 75 town
975 1320 41 75 of
1035 1320 213 75 Devonlhire,

259 1365 133 75 fituated
409 1365 230 75 twenty-feven
651 1365 90 75 miles
758 1365 237 75 fouth-weftof
1013 1365 146 75 Exeter;
1186 1365 61 75 W.

260 1412 87 75 long.
369 1412 39 75 4°
430 1412 43 75 7%
500 1412 61 75 and
574 1412 47 75 N.
635 1412 58 75 iat.
715 1412 63 75 yo°
794 1412 42 75 30
836 1394 10 49 ,
846 1412 14 75 .
909 1412 13 75 '

211 1459 135 75 Brent

487 1459 18 75 a
520 1459 117 75 fpecies
654 1459 40 75 of
712 1459 95 75 goofe
827 1459 75 75 with
921 1459 18 75 a
954 1459 96 75 black
1067 1459 91 75 neck,
1185 1459 62 75 and

259 1506 18 75 a
305 1506 97 75 white
426 1506 97 75 collar
547 1506 123 75 round;
703 1506 123 75 ulually
853 1506 205 75 confounded
1084 1506 79 75 with
1191 1506 56 75 the

258 1552 159 75 barnacle,
443 1552 124 75 though
579 1552 33 75 in
630 1552 113 75 reality
759 1552 19 75 a
792 1552 124 75 diftindt
932 1552 131 75 fpecies.

306 1599 31 75 It
360 1599 25 75 is
403 1599 18 75 a
436 1599 85 75 little
537 1599 105 75 larger
658 1599 79 75 than
761 1599 55 75 the
840 1599 146 75 common
1011 1599 98 75 duck,
1135 1599 62 75 and
1220 1599 27 75 is

258 1646 163 75 deferibed
437 1646 45 75 by
498 1646 130 75 authors
647 1646 99 75 under
757 1646 56 75 the
830 1646 91 75 name
933 1646 39 75 of
984 1646 81 75 anas
1077 1646 168 75 torquata.

211 1693 214 75 BRENTA,
451 1693 18 75 a
486 1693 103 75 liquid
606 1693 140 75 meafure
764 1693 74 75 ufed
855 1693 32 75 at
905 1693 117 75 Rome.

211 1740 132 75 BREN
353 1740 70 75 FE,
450 1740 31 75 in
498 1740 197 75 geography,
722 1740 18 75 a
756 1740 89 75 river
857 1740 120 75 which,
1002 1740 111 75 taking
1129 1740 41 75 its
1189 1740 58 75 rife

259 1786 30 75 in
317 1786 54 75 the
395 1786 158 75 bifnopric
574 1786 40 75 of
632 1786 121 75 Trent,
778 1786 31 75 in
833 1786 179 75 Germany,
1038 1786 74 75 runs
1138 1786 108 75 fouth-

258 1833 62 75 ead
336 1833 141 75 through
491 1833 55 75 the
563 1833 159 75 Venetian
739 1833 189 75 territories,
947 1833 61 75 and
1021 1833 73 75 falls
1107 1833 68 75 into
1191 1833 57 75 the

260 1879 147 75 Adriatic
423 1879 62 75 fea,
511 1879 140 75 oppofite
667 1879 36 75 to
720 1879 134 75 Venice.

211 1926 315 75 BRENTFORD,
560 1926 18 75 a
605 1926 227 75 market-town
861 1926 40 75 of
920 1926 198 75 Middlefex,
1150 1926 97 75 about

258 1973 91 75 feven
375 1973 91 75 miles
491 1973 73 75 wed
589 1973 40 75 of
648 1973 164 75 London;
838 1973 62 75 W.
924 1973 89 75 long.
1042 1973 31 75 7'
1073 1973 11 75 ,
1111 1973 63 75 and
1197 1973 47 75 N.

260 2019 44 75 lat
325 2019 37 75 51
362 2001 28 49 0
410 2019 69 75 26'.

211 2067 336 75 BRENTWOOD,
573 2067 317 75 orBuRNTWooo,
916 2067 18 75 a
958 2067 124 75 market
1100 2067 85 75 town
1210 2067 41 75 of

259 2113 109 75 Effex,
394 2113 97 75 about
515 2113 110 75 fifteen
650 2113 89 75 miles
762 2113 63 75 ead
848 2113 40 75 of
910 2113 158 75 London;
1096 2113 43 75 E.
1156 2113 90 75 long.

263 2160 53 75 15'
316 2160 11 75 ,
354 2160 61 75 and
432 2160 46 75 N.
493 2160 58 75 lat.
569 2160 37 75 51
606 2142 22 49 0
650 2160 66 75 qj'.

211 2206 473 75 BREPHOTROPHIUM,
719 2206 38 75 an
786 2206 135 75 hofpital
950 2206 51 75 for
1029 2206 55 75 the
1112 2206 134 75 mainte-

257 2253 98 75 nance
372 2253 40 75 of
431 2253 167 75 children;
625 2253 180 75 notunlike
828 2253 60 75 our
911 2253 333 75 foundling-hofpital.

260 2299 61 75 See
340 2299 214 75 Hospital.

210 2348 220 75 BRESCIA,
457 2348 19 75 a
488 2348 66 75 city
570 2348 41 75 of
628 2348 99 75 Italy,
754 2348 98 75 about
869 2348 102 75 thirty
988 2348 90 75 miles
1096 2348 96 75 north
1209 2348 42 75 of

257 2394 182 75 Cremona;
466 2394 44 75 E.
527 2394 90 75 long.
641 2394 59 75 io°
721 2394 54 75 35'
775 2394 12 75 ,
813 2394 120 75 andN.
953 2394 57 75 lat.
1028 2394 42 75 45
1070 2376 22 49 0
1112 2394 44 75 30
1156 2376 11 49 /
1167 2394 12 75 .

304 2439 31 75 It
352 2439 26 75 is
396 2439 18 75 a
431 2439 137 75 bilhop’s
580 2439 62 75 lee,
669 2439 193 75 andfubjeid
878 2439 35 75 to
930 2439 136 75 Venice.

209 2488 268 75 BRESELLO,
504 2488 18 75 a
538 2488 86 75 town
649 2488 40 75 of
708 2488 55 75 the
788 2488 108 75 duchy
918 2488 39 75 of
976 2488 157 75 Modena,
1157 2488 32 75 in
1211 2488 33 75 I-

256 2533 81 75 taly,
362 2533 134 75 fituated
512 2533 41 75 on
576 2533 56 75 the
656 2533 151 75 fouthern
831 2533 90 75 Ihore
947 2533 38 75 of
1006 2533 54 75 the
1082 2533 84 75 river
1182 2533 61 75 Po,

257 2581 98 75 about
381 2581 122 75 twenty
520 2581 60 75 five
610 2581 89 75 miles
727 2581 188 75 north-wed
942 2581 40 75 of
1001 2581 164 75 Modena;
1199 2581 45 75 E.

257 2627 88 75 long.
368 2627 38 75 11
406 2609 23 49 0
429 2627 14 75 ,
469 2627 122 75 andN.
609 2627 58 75 lat.
686 2627 44 75 44
730 2609 18 49 0
768 2627 67 75 /\(>.

211 2674 288 75 BRESICATE,
524 2674 31 75 in
569 2674 188 75 commerce,
783 2674 18 75 a
818 2674 78 75 kind
912 2674 40 75 of
969 2674 92 75 bays,
1087 2674 40 75 of
1138 2674 105 75 which

257 2721 90 75 there
364 2721 26 75 is
408 2721 84 75 fome
517 2721 90 75 trade
632 2721 124 75 carried
772 2721 42 75 on
837 2721 78 75 with
938 2721 54 75 the
1015 2721 147 75 negroes,
1187 2721 55 75 be-

257 2767 102 75 tween
382 2767 52 75 the
451 2767 85 75 river
552 2767 141 75 Gambia
710 2767 63 75 and
790 2767 107 75 Sierra
913 2767 126 75 Leone.
1086 2767 77 75 The
1179 2767 83 75 bed.

256 2813 80 75 forts
355 2813 50 75 for
422 2813 70 75 that
510 2813 134 75 purpofe
657 2813 52 75 are
726 2813 55 75 the
794 2813 73 75 blue
885 2813 62 75 and
963 2813 55 75 the
1032 2813 68 75 red.

207 2862 253 75 BRESLAW,
486 2862 56 75 the
564 2862 115 75 capital
703 2862 40 75 of
764 2862 121 75 Silefia,
918 2862 135 75 fituated
1076 2862 86 75 upon
1186 2862 55 75 the

255 2906 83 75 river
361 2906 162 75 Oder,-in
546 2906 39 75 16
585 2888 22 49 0
631 2906 53 75 jc/
702 2906 44 75 E.
765 2906 89 75 long,
881 2906 62 75 and
962 2906 40 75 51
1002 2888 21 49 0
1047 2906 50 75 ij'
1114 2906 33 75 N
1179 2906 60 75 lat.

201 2954 215 75 BRESMA,
441 2954 32 75 in
491 2954 222 75 ichthyology,
737 2954 21 75 a
770 2954 91 75 name
877 2954 76 75 ufed
965 2954 42 75 by
1025 2954 85 75 fome
1121 2954 53 75 for
1185 2954 56 75 the

254 3000 120 75 bream.
426 3000 62 75 See
505 3000 153 75 Bream.

201 3048 193 75 BRESSE,
421 3048 19 75 a
467 3048 151 75 territory
645 3048 42 75 of
706 3048 191 75 Burgundy,
922 3048 31 75 in
981 3048 144 75 France;
1160 3048 25 75 it
1209 3048 27 75 is

1349 251 148 75 bounded
1514 251 42 75 by
1574 251 147 75 Franche
1739 251 141 75 Compte
1897 251 41 75 on
1962 251 56 75 the
2038 251 109 75 north,
2173 251 44 75 by
2234 251 109 75 Savoy

1358 298 41 75 on
1423 298 54 75 the
1495 298 75 75 ead,
1598 298 42 75 by
1664 298 173 75 Dauphine
1861 298 43 75 on
1928 298 54 75 the
2006 298 104 75 fouth,
2137 298 63 75 and
2219 298 43 75 by
2286 298 63 75 the.

1353 344 143 75 LyOnois
1513 344 40 75 on
1572 344 55 75 the
1644 344 87 75 wed.

1305 391 230 75 BRESSICI,
1558 391 33 75 in
1611 391 195 75 geography.
1857 391 61 75 See
1936 391 168 75 Breste.

1304 438 281 75 BRESSVIRE,
1612 438 17 75 a
1647 438 87 75 town
1751 438 34 75 of
1810 438 147 75 Poidtou,
1981 438 31 75 in
2026 438 56 75 the
2099 438 184 75 Orleanois,
2307 438 34 75 in

1353 484 133 75 Fiance,
1510 484 136 75 fituated
1668 484 97 75 about
1782 484 180 75 thirty-five
1978 484 90 75 miles
2093 484 188 75 north-wed
2304 484 42 75 of

1352 531 175 75 Poiftiers;
1554 531 61 75 W.
1634 531 89 75 long.
1744 531 66 75 3c/,
1837 531 62 75 and
1916 531 47 75 N.
1982 531 57 75 lat.
2059 531 67 75 46°
2144 531 66 75 50.

1305 578 170 75 BREST,
1501 578 32 75 in
1550 578 197 75 geography,
1774 578 38 75 an
1829 578 161 75 excellent
2007 578 176 75 port-town
2207 578 41 75 of
2265 578 75 75 Bri-

1352 625 77 75 tany
1444 625 32 75 in
1490 625 138 75 France;
1644 625 61 75 W.
1723 625 89 75 long.
1832 625 43 75 4®
1948 625 11 75 ,
1978 625 61 75 and
2052 625 46 75 N.
2112 625 57 75 lat.
2186 625 66 75 48°
2270 625 41 75 25
2329 625 9 75 .

1303 670 148 75 Brest,
1478 670 36 75 or
1532 670 169 75 Brea.st,
1726 670 32 75 in
1776 670 221 75 archite&ure,
2023 670 18 75 a
2062 670 82 75 term
2160 670 179 75 fometimes

1350 717 76 75 ufed
1443 717 52 75 for
1511 717 56 75 the
1580 717 141 75 member
1737 717 39 75 of
1796 717 18 75 a
1831 717 140 75 column,
1996 717 89 75 more
2101 717 123 75 ufually
2235 717 103 75 called

1350 763 101 75 torus.
1503 763 61 75 See
1580 763 153 75 Torus.

1302 812 315 75 BREST-yiiwwerr,
1642 812 32 75 in
1690 812 117 75 timber
1823 812 173 75 buildings,
2022 812 54 75 are
2098 812 104 75 pieces
2226 812 33 75 in
2282 812 56 75 the

1349 857 145 75 outward
1510 857 139 75 thereof,
1673 857 69 75 into
1758 857 107 75 which
1883 857 56 75 the
1965 857 123 75 girders
2113 857 54 75 are
2191 857 143 75 framed:

1349 904 77 75 this,
1451 904 31 75 in
1501 904 54 75 the
1571 904 235 75 ground-door,
1831 904 26 75 is
1870 904 103 75 called
1991 904 17 75 a
2027 904 82 75 ceil;
2135 904 79 75 and;
2236 904 34 75 in
2281 904 56 75 the

1348 950 216 75 garret-door,
1589 950 133 75 abeam.

1395 997 48 75 As
1460 997 35 75 to
1511 997 84 75 their
1607 997 74 75 fize,
1705 997 25 75 it
1747 997 26 75 is
1791 997 54 75 the
1858 997 81 75 fame
1957 997 77 75 with
2052 997 70 75 that
2140 997 40 75 of
2198 997 135 75 girders.

1351 1044 60 75 See
1428 1044 194 75 Girders.

1300 1091 202 75 BRESTE,
1528 1091 37 75 or
1581 1091 198 75 Bressici,
1804 1091 55 75 the
1883 1091 114 75 capital
2021 1091 41 75 of
2082 1091 54 75 the
2164 1091 172 75 palatinate

1347 1137 40 75 of
1405 1137 140 75 Breffici,
1570 1137 62 75 and
1649 1137 40 75 of
1707 1137 133 75 Polefia,
1866 1137 31 75 in
1915 1137 136 75 Poland,
2077 1137 186 75 fituatedon
2280 1137 57 75 the

1347 1183 83 75 river
1455 1183 84 75 Bog,
1566 1183 98 75 about
1688 1183 110 75 eighty
1826 1183 90 75 miles
1943 1183 63 75 ead
2034 1183 40 75 of
2093 1183 169 75 Warfaw;
2289 1183 43 75 E.

1347 1229 86 75 long.
1456 1229 41 75 24
1497 1211 24 49 0
1521 1229 14 75 ,
1560 1229 61 75 and
1639 1229 45 75 N.
1700 1229 58 75 lat.
1780 1229 79 75 52®.

1298 1277 261 75 BRETESSE,
1585 1277 31 75 in
1633 1277 164 75 heraldry,
1822 1277 132 75 denotes
1972 1277 18 75 a
2013 1277 63 75 line
2093 1277 174 75 embattled
2292 1277 42 75 on

1347 1322 78 75 both
1438 1322 91 75 fides.

1297 1369 212 75 BRETON,
1536 1369 37 75 or
1585 1369 288 75 Cape-ereton,
1891 1369 39 75 an
1947 1369 171 75 American
2132 1369 108 75 ifland,
2258 1369 71 75 fub-

1341 1415 65 75 jed
1422 1415 35 75 to
1473 1415 55 75 the
1544 1415 143 75 Ehgldh,
1713 1415 61 75 and
1791 1415 163 75 feparated
1969 1415 86 75 from
2072 1415 259 75 New-Scotland

1345 1462 42 75 by
1403 1462 18 75 a
1437 1462 125 75 narrow
1579 1462 131 75 dreight
1722 1462 100 75 called
1836 1462 105 75 Canfo
1953 1462 8 75 :
1988 1462 26 75 it
2026 1462 26 75 is
2062 1462 102 75 about
2176 1462 59 75 one
2248 1462 81 75 hun-

1345 1508 78 75 dred
1440 1508 89 75 miles
1547 1508 31 75 in
1595 1508 122 75 length,
1744 1508 63 75 and
1824 1508 72 75 fifty
1913 1508 32 75 in
1961 1508 149 75 breadth,
2136 1508 62 75 and
2213 1508 26 75 is
2256 1508 75 75 fitu-

1343 1555 75 75 ated
1433 1555 144 75 between
1596 1555 62 75 6i°
1676 1555 63 75 and
1755 1555 67 75 62°
1841 1555 61 75 W.
1916 1555 88 75 long,
2022 1555 62 75 and
2102 1555 142 75 between
2262 1555 40 75 45
2314 1537 15 49 9

1345 1601 61 75 and
1423 1601 67 75 48°
1508 1601 48 75 N.
1573 1601 60 75 lat.

1295 1648 262 75 BRETVEIL,
1584 1648 18 75 a
1625 1648 88 75 town
1737 1648 40 75 of
1795 1648 203 75 Normandy,
2024 1648 30 75 in
2073 1648 134 75 France,
2233 1648 97 75 about

1344 1694 292 75 thirty-five-miles
1663 1694 92 75 fouth
1781 1694 40 75 of
1839 1694 137 75 Rouen;
2004 1694 42 75 E.
2072 1694 91 75 long.
2191 1694 50 75 i°,
2266 1694 64 75 and

1343 1740 56 75 lat.
1415 1740 66 75 48°
1503 1740 54 75 50'
1557 1740 12 75 .

1293 1787 203 75 Bretveil
1511 1787 26 75 is
1550 1787 65 75 alfo
1630 1787 56 75 the
1702 1787 91 75 name
1810 1787 40 75 of
1868 1787 19 75 a
1903 1787 86 75 town
2006 1787 33 75 in
2055 1787 151 75 Picardy,
2231 1787 98 75 about

1342 1834 46 75 fix
1400 1834 127 75 leagues
1545 1834 83 75 from
1645 1834 147 75 Amiens.

1294 1880 278 75 BREUBERG,
1599 1880 18 75 a
1634 1880 135 75 country
1785 1880 62 75 and
1863 1880 88 75 town
1968 1880 40 75 of
2018 1880 180 75 Germany,
2223 1880 33 75 in
2272 1880 57 75 the

1342 1927 94 75 circle
1459 1927 41 75 of
1518 1927 189 75 Franconia,
1741 1927 135 75 fituated
1898 1927 85 75 upon
2005 1927 55 75 the
2084 1927 99 75 banks
2208 1927 39 75 of
2272 1927 56 75 the

1340 1973 125 75 Maine.

1294 2020 173 75 BREVE,
1493 2020 31 75 in
1541 2020 74 75 law,
1641 2020 26 75 is
1685 2020 61 75 any
1763 2020 73 75 writ
1851 2020 140 75 direded
2008 2020 34 75 to
2059 2020 55 75 the
2131 2020 194 75 chancellor,

1336 2066 129 75 judges,
1490 2066 134 75 fheriffs,
1650 2066 37 75 or
1703 2066 94 75 other
1813 2066 137 75 officers,
1967 2066 152 75 whereby
2135 2066 18 75 a
2171 2066 109 75 perfon
2297 2066 27 75 is

1341 2113 196 75 fummoned,
1562 2113 37 75 or
1616 2113 163 75 attached,
1804 2113 35 75 to
1852 2113 119 75 anfwer
1986 2113 32 75 in
2031 2113 55 75 the
2100 2113 103 75 king’s
2220 2113 104 75 court,

1343 2161 64 75 <bc.

1294 2207 130 75 Breve
1447 2207 204 75 perquirere,
1677 2207 54 75 the
1748 2207 185 75 purchafing
1955 2207 41 75 of
2014 2207 19 75 a
2049 2207 73 75 writ
2146 2207 38 75 or
2206 2207 121 75 licence

1338 2253 51 75 for
1405 2253 72 75 trial
1495 2253 32 75 in
1543 2253 55 75 the
1619 2253 105 75 king’s
1742 2253 129 75 courts;
1898 2253 130 75 whence
2045 2253 105 75 comes
2173 2253 55 75 the
2254 2253 70 75 pre-

1339 2299 67 75 fent
1422 2299 94 75 ufage
1533 2299 40 75 of
1591 2299 116 75 paying
1724 2299 21 75 6
1756 2299 28 75 s.
1803 2299 64 75 8d.
1885 2299 61 75 fine
1963 2299 36 75 to
2022 2299 55 75 the
2102 2299 77 75 king
2202 2299 31 75 in
2248 2299 76 75 fuit,

1339 2346 52 75 for
1406 2346 116 75 money
1538 2346 65 75 due
1617 2346 41 75 on
1682 2346 101 75 bond,
1809 2346 106 75 where
1940 2346 55 75 the
2014 2346 78 75 debt
2114 2346 27 75 is
2159 2346 77 75 401.
2262 2346 63 75 and

1340 2393 40 75 of
1405 2393 38 75 10
1455 2393 27 75 s,
1500 2393 107 75 where
1624 2393 25 75 it
1665 2393 27 75 is
1715 2393 96 75 100I.
1839 2393 63 75 <bc.

1291 2440 130 75 Breve
1441 2440 38 75 de
1496 2440 83 75 refto
1594 2440 26 75 is
1634 2440 18 75 a
1667 2440 73 75 writ
1756 2440 40 75 of
1815 2440 98 75 right,
1940 2440 38 75 or
1992 2440 132 75 licence,
2151 2440 51 75 for
2219 2440 18 75 a
2253 2440 72 75 per-

1338 2487 53 75 fon
1409 2487 134 75 ejeded,
1569 2487 35 75 to
1624 2487 54 75 fue
1695 2487 52 75 for
1764 2487 56 75 the
1840 2487 159 75 poffeffion
2018 2487 40 75 of
2077 2487 56 75 the
2149 2487 96 75 eftate
2267 2487 57 75 de-

1337 2533 107 75 tained
1461 2533 83 75 from
1561 2533 79 75 him.

1289 2580 145 75 Breve,
1459 2580 31 75 in
1516 2580 107 75 mufic,
1649 2580 19 75 a
1690 2580 76 75 note
1788 2580 37 75 or
1847 2580 161 75 charader
2035 2580 40 75 of
2094 2580 88 75 time,
2208 2580 32 75 in
2269 2580 55 75 the

1340 2627 83 75 form
1440 2627 40 75 of
1498 2627 19 75 a
1536 2627 153 75 diamond
1712 2627 38 75 or
1772 2627 125 75 fiquare,
1923 2627 137 75 without
2084 2627 62 75 any
2167 2627 70 75 tail,
2262 2627 62 75 and

1337 2672 182 75 equivalent
1535 2672 35 75 to
1587 2672 66 75 two
1670 2672 155 75 meafures
1839 2672 36 75 or
1892 2672 139 75 minims.

1290 2719 209 75 BREVET,
1525 2719 32 75 in
1574 2719 55 75 the
1646 2719 125 75 French
1784 2719 147 75 cuftoms,
1957 2719 132 75 denotes
2107 2719 55 75 the
2180 2719 91 75 grant
2288 2719 40 75 of

1335 2765 86 75 f6me
1438 2765 114 75 favour
1564 2765 38 75 or
1617 2765 153 75 donation
1782 2765 85 75 from
1883 2765 56 75 the
1954 2765 88 75 king,
2067 2765 33 75 in
2117 2765 103 75 which
2238 2765 85 75 fenfe

1336 2812 25 75 it
1373 2812 105 75 partly
1494 2812 137 75 anfwers
1647 2812 37 75 to
1700 2812 58 75 our
1774 2812 152 75 warrant,
1951 2812 63 75 and
2027 2812 106 75 partly
2149 2812 34 75 to
2195 2812 127 75 letters-

1337 2859 122 75 patent.

1288 2905 260 75 BREVIARY,
1575 2905 17 75 a
1610 2905 87 75 daily
1713 2905 104 75 office,
1844 2905 37 75 or
1897 2905 86 75 book
2002 2905 41 75 of
2061 2905 106 75 divine
2190 2905 132 75 fervice,

1335 2952 32 75 in
1395 2952 55 75 the
1477 2952 132 75 Romifh
1628 2952 133 75 church.
1816 2952 32 75 It
1876 2952 27 75 is
1932 2952 168 75 compofed
2128 2952 41 75 of
2194 2952 128 75 matins,

1334 2999 103 75 lauds,
1463 2999 76 75 firft,
1565 2999 100 75 third,
1691 2999 97 75 fixth,
1814 2999 62 75 and
1899 2999 91 75 ninth
2016 2999 137 75 vefpers,
2179 2999 63 75 and
2267 2999 56 75 the

1333 3046 170 75 compline,
1529 3046 38 75 or
1584 3046 68 75 poll
1669 3046 193 75 communio.
