<?xml version="1.0" encoding="UTF-8"?>
<alto xmlns="http://www.loc.gov/standards/alto/v3/alto.xsd"><Description><MeasurementUnit>pixel</MeasurementUnit><sourceImageInformation><fileName>./data/pdfs/c_188936619/i_144133901/188082693.23.pdf</fileName></sourceImageInformation><OCRProcessing ID="IdOcr"><ocrProcessingStep><processingDateTime>Fri Jul 12 10:36:42 2019
</processingDateTime><processingSoftware><softwareCreator>CONTRIBUTORS</softwareCreator><softwareName>pdfalto</softwareName><softwareVersion>0.1</softwareVersion></processingSoftware></ocrProcessingStep></OCRProcessing></Description><Styles><TextStyle ID="font0" FONTFAMILY="times" FONTSIZE="10.000" FONTTYPE="serif" FONTWIDTH="proportional" FONTCOLOR="#WWWWWW" FONTSTYLE=""/><TextStyle ID="font1" FONTFAMILY="times" FONTSIZE="6.500" FONTTYPE="serif" FONTWIDTH="proportional" FONTCOLOR="#WWWWWW" FONTSTYLE="superscript"/></Styles><Layout><Page ID="Page158" PHYSICAL_IMG_NR="158" WIDTH="2396" HEIGHT="3377"><PrintSpace><TextLine WIDTH="1038" HEIGHT="75" ID="p158_t1" HPOS="127" VPOS="234"><String ID="p158_w1" CONTENT="ALOIDES," HPOS="127" VPOS="234" WIDTH="228" HEIGHT="75" STYLEREFS="font0"/><SP WIDTH="26" VPOS="234" HPOS="355"/><String ID="p158_w2" CONTENT="In" HPOS="381" VPOS="234" WIDTH="32" HEIGHT="75" STYLEREFS="font0"/><SP WIDTH="15" VPOS="234" HPOS="413"/><String ID="p158_w3" CONTENT="botany," HPOS="428" VPOS="234" WIDTH="134" HEIGHT="75" STYLEREFS="font0"/><SP WIDTH="28" VPOS="234" HPOS="562"/><String ID="p158_w4" CONTENT="an" HPOS="590" VPOS="234" WIDTH="38" HEIGHT="75" STYLEREFS="font0"/><SP WIDTH="17" VPOS="234" HPOS="628"/><String ID="p158_w5" CONTENT="obfolete" HPOS="645" VPOS="234" WIDTH="142" HEIGHT="75" STYLEREFS="font0"/><SP WIDTH="20" VPOS="234" HPOS="787"/><String ID="p158_w6" CONTENT="name" HPOS="807" VPOS="234" WIDTH="91" HEIGHT="75" STYLEREFS="font0"/><SP WIDTH="17" VPOS="234" HPOS="898"/><String ID="p158_w7" CONTENT="of" HPOS="915" VPOS="234" WIDTH="40" HEIGHT="75" STYLEREFS="font0"/><SP WIDTH="23" VPOS="234" HPOS="955"/><String ID="p158_w8" CONTENT="the" HPOS="978" VPOS="234" WIDTH="55" HEIGHT="75" STYLEREFS="font0"/><SP WIDTH="28" VPOS="234" HPOS="1033"/><String ID="p158_w9" CONTENT="ftrati-" HPOS="1061" VPOS="234" WIDTH="104" HEIGHT="75" STYLEREFS="font0"/></TextLine><TextLine WIDTH="481" HEIGHT="75" ID="p158_t2" HPOS="176" VPOS="282"><String ID="p158_w10" CONTENT="otes." HPOS="176" VPOS="282" WIDTH="83" HEIGHT="75" STYLEREFS="font0"/><SP WIDTH="49" VPOS="282" HPOS="259"/><String ID="p158_w11" CONTENT="See" HPOS="308" VPOS="282" WIDTH="62" HEIGHT="75" STYLEREFS="font0"/><SP WIDTH="18" VPOS="282" HPOS="370"/><String ID="p158_w12" CONTENT="Stratiotes." HPOS="388" VPOS="282" WIDTH="269" HEIGHT="75" STYLEREFS="font0"/></TextLine><TextLine WIDTH="1036" HEIGHT="75" ID="p158_t3" HPOS="129" VPOS="329"><String ID="p158_w13" CONTENT="ALOOF," HPOS="129" VPOS="329" WIDTH="177" HEIGHT="75" STYLEREFS="font0"/><SP WIDTH="17" VPOS="329" HPOS="306"/><String ID="p158_w14" CONTENT="in" HPOS="323" VPOS="329" WIDTH="32" HEIGHT="75" STYLEREFS="font0"/><SP WIDTH="16" VPOS="329" HPOS="355"/><String ID="p158_w15" CONTENT="fea-language," HPOS="371" VPOS="329" WIDTH="234" HEIGHT="75" STYLEREFS="font0"/><SP WIDTH="25" VPOS="329" HPOS="605"/><String ID="p158_w16" CONTENT="a" HPOS="630" VPOS="329" WIDTH="19" HEIGHT="75" STYLEREFS="font0"/><SP WIDTH="16" VPOS="329" HPOS="649"/><String ID="p158_w17" CONTENT="word" HPOS="665" VPOS="329" WIDTH="91" HEIGHT="75" STYLEREFS="font0"/><SP WIDTH="16" VPOS="329" HPOS="756"/><String ID="p158_w18" CONTENT="of" HPOS="772" VPOS="329" WIDTH="40" HEIGHT="75" STYLEREFS="font0"/><SP WIDTH="10" VPOS="329" HPOS="812"/><String ID="p158_w19" CONTENT="command" HPOS="822" VPOS="329" WIDTH="170" HEIGHT="75" STYLEREFS="font0"/><SP WIDTH="15" VPOS="329" HPOS="992"/><String ID="p158_w20" CONTENT="from" HPOS="1007" VPOS="329" WIDTH="85" HEIGHT="75" STYLEREFS="font0"/><SP WIDTH="15" VPOS="329" HPOS="1092"/><String ID="p158_w21" CONTENT="the" HPOS="1107" VPOS="329" WIDTH="58" HEIGHT="75" STYLEREFS="font0"/></TextLine><TextLine WIDTH="1047" HEIGHT="75" ID="p158_t4" HPOS="116" VPOS="375"><String ID="p158_w22" CONTENT="»" HPOS="116" VPOS="375" WIDTH="9" HEIGHT="75" STYLEREFS="font0"/><SP WIDTH="48" VPOS="375" HPOS="125"/><String ID="p158_w23" CONTENT="perfon" HPOS="173" VPOS="375" WIDTH="114" HEIGHT="75" STYLEREFS="font0"/><SP WIDTH="24" VPOS="375" HPOS="287"/><String ID="p158_w24" CONTENT="who" HPOS="311" VPOS="375" WIDTH="76" HEIGHT="75" STYLEREFS="font0"/><SP WIDTH="25" VPOS="375" HPOS="387"/><String ID="p158_w25" CONTENT="conns" HPOS="412" VPOS="375" WIDTH="98" HEIGHT="75" STYLEREFS="font0"/><SP WIDTH="22" VPOS="375" HPOS="510"/><String ID="p158_w26" CONTENT="to" HPOS="532" VPOS="375" WIDTH="36" HEIGHT="75" STYLEREFS="font0"/><SP WIDTH="17" VPOS="375" HPOS="568"/><String ID="p158_w27" CONTENT="the" HPOS="585" VPOS="375" WIDTH="55" HEIGHT="75" STYLEREFS="font0"/><SP WIDTH="24" VPOS="375" HPOS="640"/><String ID="p158_w28" CONTENT="matt" HPOS="664" VPOS="375" WIDTH="74" HEIGHT="75" STYLEREFS="font0"/><SP WIDTH="20" VPOS="375" HPOS="738"/><String ID="p158_w29" CONTENT="at" HPOS="758" VPOS="375" WIDTH="32" HEIGHT="75" STYLEREFS="font0"/><SP WIDTH="28" VPOS="375" HPOS="790"/><String ID="p158_w30" CONTENT="the" HPOS="818" VPOS="375" WIDTH="56" HEIGHT="75" STYLEREFS="font0"/><SP WIDTH="19" VPOS="375" HPOS="874"/><String ID="p158_w31" CONTENT="helm," HPOS="893" VPOS="375" WIDTH="100" HEIGHT="75" STYLEREFS="font0"/><SP WIDTH="26" VPOS="375" HPOS="993"/><String ID="p158_w32" CONTENT="to" HPOS="1019" VPOS="375" WIDTH="35" HEIGHT="75" STYLEREFS="font0"/><SP WIDTH="28" VPOS="375" HPOS="1054"/><String ID="p158_w33" CONTENT="keep" HPOS="1082" VPOS="375" WIDTH="81" HEIGHT="75" STYLEREFS="font0"/></TextLine><TextLine WIDTH="986" HEIGHT="75" ID="p158_t5" HPOS="175" VPOS="424"><String ID="p158_w34" CONTENT="the" HPOS="175" VPOS="424" WIDTH="56" HEIGHT="75" STYLEREFS="font0"/><SP WIDTH="16" VPOS="424" HPOS="231"/><String ID="p158_w35" CONTENT="fhip" HPOS="247" VPOS="424" WIDTH="66" HEIGHT="75" STYLEREFS="font0"/><SP WIDTH="20" VPOS="424" HPOS="313"/><String ID="p158_w36" CONTENT="near" HPOS="333" VPOS="424" WIDTH="76" HEIGHT="75" STYLEREFS="font0"/><SP WIDTH="16" VPOS="424" HPOS="409"/><String ID="p158_w37" CONTENT="the" HPOS="425" VPOS="424" WIDTH="56" HEIGHT="75" STYLEREFS="font0"/><SP WIDTH="15" VPOS="424" HPOS="481"/><String ID="p158_w38" CONTENT="wind," HPOS="496" VPOS="424" WIDTH="98" HEIGHT="75" STYLEREFS="font0"/><SP WIDTH="19" VPOS="424" HPOS="594"/><String ID="p158_w39" CONTENT="when" HPOS="613" VPOS="424" WIDTH="93" HEIGHT="75" STYLEREFS="font0"/><SP WIDTH="23" VPOS="424" HPOS="706"/><String ID="p158_w40" CONTENT="failing" HPOS="729" VPOS="424" WIDTH="112" HEIGHT="75" STYLEREFS="font0"/><SP WIDTH="22" VPOS="424" HPOS="841"/><String ID="p158_w41" CONTENT="upon" HPOS="863" VPOS="424" WIDTH="87" HEIGHT="75" STYLEREFS="font0"/><SP WIDTH="22" VPOS="424" HPOS="950"/><String ID="p158_w42" CONTENT="a" HPOS="972" VPOS="424" WIDTH="21" HEIGHT="75" STYLEREFS="font0"/><SP WIDTH="22" VPOS="424" HPOS="993"/><String ID="p158_w43" CONTENT="quarter-" HPOS="1015" VPOS="424" WIDTH="146" HEIGHT="75" STYLEREFS="font0"/></TextLine><TextLine WIDTH="99" HEIGHT="75" ID="p158_t6" HPOS="177" VPOS="469"><String ID="p158_w44" CONTENT="wind." HPOS="177" VPOS="469" WIDTH="99" HEIGHT="75" STYLEREFS="font0"/></TextLine><TextLine WIDTH="1036" HEIGHT="75" ID="p158_t7" HPOS="129" VPOS="517"><String ID="p158_w45" CONTENT="ALOPECIA," HPOS="129" VPOS="517" WIDTH="260" HEIGHT="75" STYLEREFS="font0"/><SP WIDTH="33" VPOS="517" HPOS="389"/><String ID="p158_w46" CONTENT="ig" HPOS="422" VPOS="517" WIDTH="32" HEIGHT="75" STYLEREFS="font0"/><SP WIDTH="17" VPOS="517" HPOS="454"/><String ID="p158_w47" CONTENT="medicine," HPOS="471" VPOS="517" WIDTH="169" HEIGHT="75" STYLEREFS="font0"/><SP WIDTH="29" VPOS="517" HPOS="640"/><String ID="p158_w48" CONTENT="fignifies" HPOS="669" VPOS="517" WIDTH="134" HEIGHT="75" STYLEREFS="font0"/><SP WIDTH="18" VPOS="517" HPOS="803"/><String ID="p158_w49" CONTENT="a" HPOS="821" VPOS="517" WIDTH="19" HEIGHT="75" STYLEREFS="font0"/><SP WIDTH="16" VPOS="517" HPOS="840"/><String ID="p158_w50" CONTENT="falling" HPOS="856" VPOS="517" WIDTH="113" HEIGHT="75" STYLEREFS="font0"/><SP WIDTH="16" VPOS="517" HPOS="969"/><String ID="p158_w51" CONTENT="off" HPOS="985" VPOS="517" WIDTH="53" HEIGHT="75" STYLEREFS="font0"/><SP WIDTH="18" VPOS="517" HPOS="1038"/><String ID="p158_w52" CONTENT="of" HPOS="1056" VPOS="517" WIDTH="41" HEIGHT="75" STYLEREFS="font0"/><SP WIDTH="11" VPOS="517" HPOS="1097"/><String ID="p158_w53" CONTENT="the" HPOS="1108" VPOS="517" WIDTH="57" HEIGHT="75" STYLEREFS="font0"/></TextLine><TextLine WIDTH="994" HEIGHT="75" ID="p158_t8" HPOS="171" VPOS="564"><String ID="p158_w54" CONTENT="hair," HPOS="171" VPOS="564" WIDTH="87" HEIGHT="75" STYLEREFS="font0"/><SP WIDTH="25" VPOS="564" HPOS="258"/><String ID="p158_w55" CONTENT="occafioned" HPOS="283" VPOS="564" WIDTH="183" HEIGHT="75" STYLEREFS="font0"/><SP WIDTH="27" VPOS="564" HPOS="466"/><String ID="p158_w56" CONTENT="either" HPOS="493" VPOS="564" WIDTH="103" HEIGHT="75" STYLEREFS="font0"/><SP WIDTH="27" VPOS="564" HPOS="596"/><String ID="p158_w57" CONTENT="by" HPOS="623" VPOS="564" WIDTH="44" HEIGHT="75" STYLEREFS="font0"/><SP WIDTH="15" VPOS="564" HPOS="667"/><String ID="p158_w58" CONTENT="want" HPOS="682" VPOS="564" WIDTH="87" HEIGHT="75" STYLEREFS="font0"/><SP WIDTH="15" VPOS="564" HPOS="769"/><String ID="p158_w59" CONTENT="of" HPOS="784" VPOS="564" WIDTH="42" HEIGHT="75" STYLEREFS="font0"/><SP WIDTH="10" VPOS="564" HPOS="826"/><String ID="p158_w60" CONTENT="nourifhment," HPOS="836" VPOS="564" WIDTH="227" HEIGHT="75" STYLEREFS="font0"/><SP WIDTH="30" VPOS="564" HPOS="1063"/><String ID="p158_w61" CONTENT="or" HPOS="1093" VPOS="564" WIDTH="36" HEIGHT="75" STYLEREFS="font0"/><SP WIDTH="18" VPOS="564" HPOS="1129"/><String ID="p158_w62" CONTENT="a" HPOS="1147" VPOS="564" WIDTH="18" HEIGHT="75" STYLEREFS="font0"/></TextLine><TextLine WIDTH="989" HEIGHT="75" ID="p158_t9" HPOS="175" VPOS="612"><String ID="p158_w63" CONTENT="bad" HPOS="175" VPOS="612" WIDTH="64" HEIGHT="75" STYLEREFS="font0"/><SP WIDTH="20" VPOS="612" HPOS="239"/><String ID="p158_w64" CONTENT="ftate" HPOS="259" VPOS="612" WIDTH="77" HEIGHT="75" STYLEREFS="font0"/><SP WIDTH="24" VPOS="612" HPOS="336"/><String ID="p158_w65" CONTENT="of" HPOS="360" VPOS="612" WIDTH="41" HEIGHT="75" STYLEREFS="font0"/><SP WIDTH="18" VPOS="612" HPOS="401"/><String ID="p158_w66" CONTENT="the" HPOS="419" VPOS="612" WIDTH="56" HEIGHT="75" STYLEREFS="font0"/><SP WIDTH="22" VPOS="612" HPOS="475"/><String ID="p158_w67" CONTENT="h*umours." HPOS="497" VPOS="612" WIDTH="166" HEIGHT="75" STYLEREFS="font0"/><SP WIDTH="49" VPOS="612" HPOS="663"/><String ID="p158_w68" CONTENT="It" HPOS="712" VPOS="612" WIDTH="33" HEIGHT="75" STYLEREFS="font0"/><SP WIDTH="25" VPOS="612" HPOS="745"/><String ID="p158_w69" CONTENT="is" HPOS="770" VPOS="612" WIDTH="26" HEIGHT="75" STYLEREFS="font0"/><SP WIDTH="18" VPOS="612" HPOS="796"/><String ID="p158_w70" CONTENT="alfo" HPOS="814" VPOS="612" WIDTH="64" HEIGHT="75" STYLEREFS="font0"/><SP WIDTH="15" VPOS="612" HPOS="878"/><String ID="p158_w71" CONTENT="ufed" HPOS="893" VPOS="612" WIDTH="78" HEIGHT="75" STYLEREFS="font0"/><SP WIDTH="24" VPOS="612" HPOS="971"/><String ID="p158_w72" CONTENT="by" HPOS="995" VPOS="612" WIDTH="43" HEIGHT="75" STYLEREFS="font0"/><SP WIDTH="17" VPOS="612" HPOS="1038"/><String ID="p158_w73" CONTENT="Galen" HPOS="1055" VPOS="612" WIDTH="109" HEIGHT="75" STYLEREFS="font0"/></TextLine><TextLine WIDTH="696" HEIGHT="75" ID="p158_t10" HPOS="179" VPOS="658"><String ID="p158_w74" CONTENT="for" HPOS="179" VPOS="658" WIDTH="50" HEIGHT="75" STYLEREFS="font0"/><SP WIDTH="17" VPOS="658" HPOS="229"/><String ID="p158_w75" CONTENT="a" HPOS="246" VPOS="658" WIDTH="19" HEIGHT="75" STYLEREFS="font0"/><SP WIDTH="16" VPOS="658" HPOS="265"/><String ID="p158_w76" CONTENT="change" HPOS="281" VPOS="658" WIDTH="121" HEIGHT="75" STYLEREFS="font0"/><SP WIDTH="16" VPOS="658" HPOS="402"/><String ID="p158_w77" CONTENT="in" HPOS="418" VPOS="658" WIDTH="32" HEIGHT="75" STYLEREFS="font0"/><SP WIDTH="18" VPOS="658" HPOS="450"/><String ID="p158_w78" CONTENT="the" HPOS="468" VPOS="658" WIDTH="54" HEIGHT="75" STYLEREFS="font0"/><SP WIDTH="17" VPOS="658" HPOS="522"/><String ID="p158_w79" CONTENT="colour" HPOS="539" VPOS="658" WIDTH="111" HEIGHT="75" STYLEREFS="font0"/><SP WIDTH="16" VPOS="658" HPOS="650"/><String ID="p158_w80" CONTENT="of" HPOS="666" VPOS="658" WIDTH="41" HEIGHT="75" STYLEREFS="font0"/><SP WIDTH="13" VPOS="658" HPOS="707"/><String ID="p158_w81" CONTENT="the" HPOS="720" VPOS="658" WIDTH="56" HEIGHT="75" STYLEREFS="font0"/><SP WIDTH="16" VPOS="658" HPOS="776"/><String ID="p158_w82" CONTENT="hair." HPOS="792" VPOS="658" WIDTH="83" HEIGHT="75" STYLEREFS="font0"/></TextLine><TextLine WIDTH="1036" HEIGHT="75" ID="p158_t11" HPOS="128" VPOS="706"><String ID="p158_w83" CONTENT="ALOPECIAS," HPOS="128" VPOS="706" WIDTH="286" HEIGHT="75" STYLEREFS="font0"/><SP WIDTH="22" VPOS="706" HPOS="414"/><String ID="p158_w84" CONTENT="in" HPOS="436" VPOS="706" WIDTH="33" HEIGHT="75" STYLEREFS="font0"/><SP WIDTH="17" VPOS="706" HPOS="469"/><String ID="p158_w85" CONTENT="zoology," HPOS="486" VPOS="706" WIDTH="153" HEIGHT="75" STYLEREFS="font0"/><SP WIDTH="26" VPOS="706" HPOS="639"/><String ID="p158_w86" CONTENT="an" HPOS="665" VPOS="706" WIDTH="40" HEIGHT="75" STYLEREFS="font0"/><SP WIDTH="23" VPOS="706" HPOS="705"/><String ID="p158_w87" CONTENT="obfolete" HPOS="728" VPOS="706" WIDTH="141" HEIGHT="75" STYLEREFS="font0"/><SP WIDTH="23" VPOS="706" HPOS="869"/><String ID="p158_w88" CONTENT="name" HPOS="892" VPOS="706" WIDTH="92" HEIGHT="75" STYLEREFS="font0"/><SP WIDTH="16" VPOS="706" HPOS="984"/><String ID="p158_w89" CONTENT="of" HPOS="1000" VPOS="706" WIDTH="40" HEIGHT="75" STYLEREFS="font0"/><SP WIDTH="22" VPOS="706" HPOS="1040"/><String ID="p158_w90" CONTENT="a" HPOS="1062" VPOS="706" WIDTH="19" HEIGHT="75" STYLEREFS="font0"/><SP WIDTH="15" VPOS="706" HPOS="1081"/><String ID="p158_w91" CONTENT="fpe-" HPOS="1096" VPOS="706" WIDTH="68" HEIGHT="75" STYLEREFS="font0"/></TextLine><TextLine WIDTH="828" HEIGHT="75" ID="p158_t12" HPOS="178" VPOS="752"><String ID="p158_w92" CONTENT="cies" HPOS="178" VPOS="752" WIDTH="62" HEIGHT="75" STYLEREFS="font0"/><SP WIDTH="18" VPOS="752" HPOS="240"/><String ID="p158_w93" CONTENT="of" HPOS="258" VPOS="752" WIDTH="40" HEIGHT="75" STYLEREFS="font0"/><SP WIDTH="11" VPOS="752" HPOS="298"/><String ID="p158_w94" CONTENT="the" HPOS="309" VPOS="752" WIDTH="56" HEIGHT="75" STYLEREFS="font0"/><SP WIDTH="16" VPOS="752" HPOS="365"/><String ID="p158_w95" CONTENT="fqualus" HPOS="381" VPOS="752" WIDTH="127" HEIGHT="75" STYLEREFS="font0"/><SP WIDTH="18" VPOS="752" HPOS="508"/><String ID="p158_w96" CONTENT="or" HPOS="526" VPOS="752" WIDTH="36" HEIGHT="75" STYLEREFS="font0"/><SP WIDTH="17" VPOS="752" HPOS="562"/><String ID="p158_w97" CONTENT="ihark." HPOS="579" VPOS="752" WIDTH="105" HEIGHT="75" STYLEREFS="font0"/><SP WIDTH="50" VPOS="752" HPOS="684"/><String ID="p158_w98" CONTENT="See" HPOS="734" VPOS="752" WIDTH="62" HEIGHT="75" STYLEREFS="font0"/><SP WIDTH="16" VPOS="752" HPOS="796"/><String ID="p158_w99" CONTENT="Squalus." HPOS="812" VPOS="752" WIDTH="194" HEIGHT="75" STYLEREFS="font0"/></TextLine><TextLine WIDTH="1035" HEIGHT="75" ID="p158_t13" HPOS="129" VPOS="799"><String ID="p158_w100" CONTENT="ALOPECOPITHECUS," HPOS="129" VPOS="799" WIDTH="486" HEIGHT="75" STYLEREFS="font0"/><SP WIDTH="17" VPOS="799" HPOS="615"/><String ID="p158_w101" CONTENT="in" HPOS="632" VPOS="799" WIDTH="33" HEIGHT="75" STYLEREFS="font0"/><SP WIDTH="16" VPOS="799" HPOS="665"/><String ID="p158_w102" CONTENT="zoology," HPOS="681" VPOS="799" WIDTH="154" HEIGHT="75" STYLEREFS="font0"/><SP WIDTH="18" VPOS="799" HPOS="835"/><String ID="p158_w103" CONTENT="an" HPOS="853" VPOS="799" WIDTH="39" HEIGHT="75" STYLEREFS="font0"/><SP WIDTH="23" VPOS="799" HPOS="892"/><String ID="p158_w104" CONTENT="obfolete" HPOS="915" VPOS="799" WIDTH="141" HEIGHT="75" STYLEREFS="font0"/><SP WIDTH="18" VPOS="799" HPOS="1056"/><String ID="p158_w105" CONTENT="name" HPOS="1074" VPOS="799" WIDTH="90" HEIGHT="75" STYLEREFS="font0"/></TextLine><TextLine WIDTH="875" HEIGHT="75" ID="p158_t14" HPOS="177" VPOS="847"><String ID="p158_w106" CONTENT="of" HPOS="177" VPOS="847" WIDTH="39" HEIGHT="75" STYLEREFS="font0"/><SP WIDTH="11" VPOS="847" HPOS="216"/><String ID="p158_w107" CONTENT="a" HPOS="227" VPOS="847" WIDTH="19" HEIGHT="75" STYLEREFS="font0"/><SP WIDTH="17" VPOS="847" HPOS="246"/><String ID="p158_w108" CONTENT="fpecies" HPOS="263" VPOS="847" WIDTH="117" HEIGHT="75" STYLEREFS="font0"/><SP WIDTH="17" VPOS="847" HPOS="380"/><String ID="p158_w109" CONTENT="of" HPOS="397" VPOS="847" WIDTH="41" HEIGHT="75" STYLEREFS="font0"/><SP WIDTH="11" VPOS="847" HPOS="438"/><String ID="p158_w110" CONTENT="the" HPOS="449" VPOS="847" WIDTH="55" HEIGHT="75" STYLEREFS="font0"/><SP WIDTH="15" VPOS="847" HPOS="504"/><String ID="p158_w111" CONTENT="didelphis." HPOS="519" VPOS="847" WIDTH="172" HEIGHT="75" STYLEREFS="font0"/><SP WIDTH="50" VPOS="847" HPOS="691"/><String ID="p158_w112" CONTENT="See" HPOS="741" VPOS="847" WIDTH="62" HEIGHT="75" STYLEREFS="font0"/><SP WIDTH="13" VPOS="847" HPOS="803"/><String ID="p158_w113" CONTENT="Didelphis." HPOS="816" VPOS="847" WIDTH="236" HEIGHT="75" STYLEREFS="font0"/></TextLine><TextLine WIDTH="1034" HEIGHT="75" ID="p158_t15" HPOS="130" VPOS="894"><String ID="p158_w114" CONTENT="ALOPECURUS," HPOS="130" VPOS="894" WIDTH="339" HEIGHT="75" STYLEREFS="font0"/><SP WIDTH="34" VPOS="894" HPOS="469"/><String ID="p158_w115" CONTENT="or" HPOS="503" VPOS="894" WIDTH="37" HEIGHT="75" STYLEREFS="font0"/><SP WIDTH="22" VPOS="894" HPOS="540"/><String ID="p158_w116" CONTENT="Fox-tail" HPOS="562" VPOS="894" WIDTH="195" HEIGHT="75" STYLEREFS="font0"/><SP WIDTH="21" VPOS="894" HPOS="757"/><String ID="p158_w117" CONTENT="grass," HPOS="778" VPOS="894" WIDTH="128" HEIGHT="75" STYLEREFS="font0"/><SP WIDTH="29" VPOS="894" HPOS="906"/><String ID="p158_w118" CONTENT="in" HPOS="935" VPOS="894" WIDTH="33" HEIGHT="75" STYLEREFS="font0"/><SP WIDTH="15" VPOS="894" HPOS="968"/><String ID="p158_w119" CONTENT="botany," HPOS="983" VPOS="894" WIDTH="132" HEIGHT="75" STYLEREFS="font0"/><SP WIDTH="31" VPOS="894" HPOS="1115"/><String ID="p158_w120" CONTENT="a" HPOS="1146" VPOS="894" WIDTH="18" HEIGHT="75" STYLEREFS="font0"/></TextLine><TextLine WIDTH="987" HEIGHT="75" ID="p158_t16" HPOS="175" VPOS="940"><String ID="p158_w121" CONTENT="genus" HPOS="175" VPOS="940" WIDTH="100" HEIGHT="75" STYLEREFS="font0"/><SP WIDTH="28" VPOS="940" HPOS="275"/><String ID="p158_w122" CONTENT="of" HPOS="303" VPOS="940" WIDTH="40" HEIGHT="75" STYLEREFS="font0"/><SP WIDTH="22" VPOS="940" HPOS="343"/><String ID="p158_w123" CONTENT="the" HPOS="365" VPOS="940" WIDTH="55" HEIGHT="75" STYLEREFS="font0"/><SP WIDTH="25" VPOS="940" HPOS="420"/><String ID="p158_w124" CONTENT="triandria" HPOS="445" VPOS="940" WIDTH="154" HEIGHT="75" STYLEREFS="font0"/><SP WIDTH="24" VPOS="940" HPOS="599"/><String ID="p158_w125" CONTENT="digynia" HPOS="623" VPOS="940" WIDTH="131" HEIGHT="75" STYLEREFS="font0"/><SP WIDTH="23" VPOS="940" HPOS="754"/><String ID="p158_w126" CONTENT="clafs." HPOS="777" VPOS="940" WIDTH="92" HEIGHT="75" STYLEREFS="font0"/><SP WIDTH="47" VPOS="940" HPOS="869"/><String ID="p158_w127" CONTENT="The" HPOS="916" VPOS="940" WIDTH="79" HEIGHT="75" STYLEREFS="font0"/><SP WIDTH="27" VPOS="940" HPOS="995"/><String ID="p158_w128" CONTENT="calix" HPOS="1022" VPOS="940" WIDTH="86" HEIGHT="75" STYLEREFS="font0"/><SP WIDTH="28" VPOS="940" HPOS="1108"/><String ID="p158_w129" CONTENT="is" HPOS="1136" VPOS="940" WIDTH="26" HEIGHT="75" STYLEREFS="font0"/></TextLine><TextLine WIDTH="987" HEIGHT="75" ID="p158_t17" HPOS="175" VPOS="988"><String ID="p158_w130" CONTENT="bivalved," HPOS="175" VPOS="988" WIDTH="163" HEIGHT="75" STYLEREFS="font0"/><SP WIDTH="20" VPOS="988" HPOS="338"/><String ID="p158_w131" CONTENT="and" HPOS="358" VPOS="988" WIDTH="63" HEIGHT="75" STYLEREFS="font0"/><SP WIDTH="15" VPOS="988" HPOS="421"/><String ID="p158_w132" CONTENT="the" HPOS="436" VPOS="988" WIDTH="56" HEIGHT="75" STYLEREFS="font0"/><SP WIDTH="16" VPOS="988" HPOS="492"/><String ID="p158_w133" CONTENT="flower" HPOS="508" VPOS="988" WIDTH="110" HEIGHT="75" STYLEREFS="font0"/><SP WIDTH="17" VPOS="988" HPOS="618"/><String ID="p158_w134" CONTENT="confxfts" HPOS="635" VPOS="988" WIDTH="123" HEIGHT="75" STYLEREFS="font0"/><SP WIDTH="17" VPOS="988" HPOS="758"/><String ID="p158_w135" CONTENT="of" HPOS="775" VPOS="988" WIDTH="40" HEIGHT="75" STYLEREFS="font0"/><SP WIDTH="21" VPOS="988" HPOS="815"/><String ID="p158_w136" CONTENT="one" HPOS="836" VPOS="988" WIDTH="62" HEIGHT="75" STYLEREFS="font0"/><SP WIDTH="23" VPOS="988" HPOS="898"/><String ID="p158_w137" CONTENT="hollow" HPOS="921" VPOS="988" WIDTH="122" HEIGHT="75" STYLEREFS="font0"/><SP WIDTH="15" VPOS="988" HPOS="1043"/><String ID="p158_w138" CONTENT="valve," HPOS="1058" VPOS="988" WIDTH="104" HEIGHT="75" STYLEREFS="font0"/></TextLine><TextLine WIDTH="989" HEIGHT="75" ID="p158_t18" HPOS="176" VPOS="1034"><String ID="p158_w139" CONTENT="with" HPOS="176" VPOS="1034" WIDTH="80" HEIGHT="75" STYLEREFS="font0"/><SP WIDTH="26" VPOS="1034" HPOS="256"/><String ID="p158_w140" CONTENT="a" HPOS="282" VPOS="1034" WIDTH="18" HEIGHT="75" STYLEREFS="font0"/><SP WIDTH="23" VPOS="1034" HPOS="300"/><String ID="p158_w141" CONTENT="long" HPOS="323" VPOS="1034" WIDTH="78" HEIGHT="75" STYLEREFS="font0"/><SP WIDTH="25" VPOS="1034" HPOS="401"/><String ID="p158_w142" CONTENT="awn" HPOS="426" VPOS="1034" WIDTH="70" HEIGHT="75" STYLEREFS="font0"/><SP WIDTH="23" VPOS="1034" HPOS="496"/><String ID="p158_w143" CONTENT="inferted" HPOS="519" VPOS="1034" WIDTH="139" HEIGHT="75" STYLEREFS="font0"/><SP WIDTH="23" VPOS="1034" HPOS="658"/><String ID="p158_w144" CONTENT="near" HPOS="681" VPOS="1034" WIDTH="77" HEIGHT="75" STYLEREFS="font0"/><SP WIDTH="23" VPOS="1034" HPOS="758"/><String ID="p158_w145" CONTENT="the" HPOS="781" VPOS="1034" WIDTH="56" HEIGHT="75" STYLEREFS="font0"/><SP WIDTH="16" VPOS="1034" HPOS="837"/><String ID="p158_w146" CONTENT="bate" HPOS="853" VPOS="1034" WIDTH="73" HEIGHT="75" STYLEREFS="font0"/><SP WIDTH="16" VPOS="1034" HPOS="926"/><String ID="p158_w147" CONTENT="on" HPOS="942" VPOS="1034" WIDTH="42" HEIGHT="75" STYLEREFS="font0"/><SP WIDTH="21" VPOS="1034" HPOS="984"/><String ID="p158_w148" CONTENT="the" HPOS="1005" VPOS="1034" WIDTH="55" HEIGHT="75" STYLEREFS="font0"/><SP WIDTH="21" VPOS="1034" HPOS="1060"/><String ID="p158_w149" CONTENT="back" HPOS="1081" VPOS="1034" WIDTH="84" HEIGHT="75" STYLEREFS="font0"/></TextLine><TextLine WIDTH="989" HEIGHT="75" ID="p158_t19" HPOS="174" VPOS="1081"><String ID="p158_w150" CONTENT="part." HPOS="174" VPOS="1081" WIDTH="85" HEIGHT="75" STYLEREFS="font0"/><SP WIDTH="48" VPOS="1081" HPOS="259"/><String ID="p158_w151" CONTENT="There" HPOS="307" VPOS="1081" WIDTH="113" HEIGHT="75" STYLEREFS="font0"/><SP WIDTH="17" VPOS="1081" HPOS="420"/><String ID="p158_w152" CONTENT="are" HPOS="437" VPOS="1081" WIDTH="53" HEIGHT="75" STYLEREFS="font0"/><SP WIDTH="11" VPOS="1081" HPOS="490"/><String ID="p158_w153" CONTENT="feVen" HPOS="501" VPOS="1081" WIDTH="93" HEIGHT="75" STYLEREFS="font0"/><SP WIDTH="12" VPOS="1081" HPOS="594"/><String ID="p158_w154" CONTENT="fpecies" HPOS="606" VPOS="1081" WIDTH="117" HEIGHT="75" STYLEREFS="font0"/><SP WIDTH="17" VPOS="1081" HPOS="723"/><String ID="p158_w155" CONTENT="of" HPOS="740" VPOS="1081" WIDTH="41" HEIGHT="75" STYLEREFS="font0"/><SP WIDTH="17" VPOS="1081" HPOS="781"/><String ID="p158_w156" CONTENT="the" HPOS="798" VPOS="1081" WIDTH="56" HEIGHT="75" STYLEREFS="font0"/><SP WIDTH="16" VPOS="1081" HPOS="854"/><String ID="p158_w157" CONTENT="alopecurus," HPOS="870" VPOS="1081" WIDTH="201" HEIGHT="75" STYLEREFS="font0"/><SP WIDTH="21" VPOS="1081" HPOS="1071"/><String ID="p158_w158" CONTENT="viz." HPOS="1092" VPOS="1081" WIDTH="71" HEIGHT="75" STYLEREFS="font0"/></TextLine><TextLine WIDTH="987" HEIGHT="75" ID="p158_t20" HPOS="176" VPOS="1129"><String ID="p158_w159" CONTENT="the" HPOS="176" VPOS="1129" WIDTH="56" HEIGHT="75" STYLEREFS="font0"/><SP WIDTH="27" VPOS="1129" HPOS="232"/><String ID="p158_w160" CONTENT="pratenfis," HPOS="259" VPOS="1129" WIDTH="164" HEIGHT="75" STYLEREFS="font0"/><SP WIDTH="27" VPOS="1129" HPOS="423"/><String ID="p158_w161" CONTENT="or" HPOS="450" VPOS="1129" WIDTH="38" HEIGHT="75" STYLEREFS="font0"/><SP WIDTH="26" VPOS="1129" HPOS="488"/><String ID="p158_w162" CONTENT="meadow" HPOS="514" VPOS="1129" WIDTH="147" HEIGHT="75" STYLEREFS="font0"/><SP WIDTH="22" VPOS="1129" HPOS="661"/><String ID="p158_w163" CONTENT="fox-tail" HPOS="683" VPOS="1129" WIDTH="133" HEIGHT="75" STYLEREFS="font0"/><SP WIDTH="25" VPOS="1129" HPOS="816"/><String ID="p158_w164" CONTENT="grafs;" HPOS="841" VPOS="1129" WIDTH="107" HEIGHT="75" STYLEREFS="font0"/><SP WIDTH="28" VPOS="1129" HPOS="948"/><String ID="p158_w165" CONTENT="the" HPOS="976" VPOS="1129" WIDTH="56" HEIGHT="75" STYLEREFS="font0"/><SP WIDTH="15" VPOS="1129" HPOS="1032"/><String ID="p158_w166" CONTENT="bulbo-" HPOS="1047" VPOS="1129" WIDTH="116" HEIGHT="75" STYLEREFS="font0"/></TextLine><TextLine WIDTH="990" HEIGHT="75" ID="p158_t21" HPOS="175" VPOS="1176"><String ID="p158_w167" CONTENT="fus," HPOS="175" VPOS="1176" WIDTH="65" HEIGHT="75" STYLEREFS="font0"/><SP WIDTH="13" VPOS="1176" HPOS="240"/><String ID="p158_w168" CONTENT="or" HPOS="253" VPOS="1176" WIDTH="37" HEIGHT="75" STYLEREFS="font0"/><SP WIDTH="12" VPOS="1176" HPOS="290"/><String ID="p158_w169" CONTENT="bulbofe" HPOS="302" VPOS="1176" WIDTH="137" HEIGHT="75" STYLEREFS="font0"/><SP WIDTH="17" VPOS="1176" HPOS="439"/><String ID="p158_w170" CONTENT="fox-tail" HPOS="456" VPOS="1176" WIDTH="133" HEIGHT="75" STYLEREFS="font0"/><SP WIDTH="17" VPOS="1176" HPOS="589"/><String ID="p158_w171" CONTENT="grafs;" HPOS="606" VPOS="1176" WIDTH="106" HEIGHT="75" STYLEREFS="font0"/><SP WIDTH="27" VPOS="1176" HPOS="712"/><String ID="p158_w172" CONTENT="the" HPOS="739" VPOS="1176" WIDTH="55" HEIGHT="75" STYLEREFS="font0"/><SP WIDTH="17" VPOS="1176" HPOS="794"/><String ID="p158_w173" CONTENT="geniculatus," HPOS="811" VPOS="1176" WIDTH="210" HEIGHT="75" STYLEREFS="font0"/><SP WIDTH="18" VPOS="1176" HPOS="1021"/><String ID="p158_w174" CONTENT="orflote" HPOS="1039" VPOS="1176" WIDTH="126" HEIGHT="75" STYLEREFS="font0"/></TextLine><TextLine WIDTH="988" HEIGHT="75" ID="p158_t22" HPOS="177" VPOS="1223"><String ID="p158_w175" CONTENT="fox-tail" HPOS="177" VPOS="1223" WIDTH="132" HEIGHT="75" STYLEREFS="font0"/><SP WIDTH="16" VPOS="1223" HPOS="309"/><String ID="p158_w176" CONTENT="grafs;" HPOS="325" VPOS="1223" WIDTH="109" HEIGHT="75" STYLEREFS="font0"/><SP WIDTH="27" VPOS="1223" HPOS="434"/><String ID="p158_w177" CONTENT="and'" HPOS="461" VPOS="1223" WIDTH="68" HEIGHT="75" STYLEREFS="font0"/><SP WIDTH="14" VPOS="1223" HPOS="529"/><String ID="p158_w178" CONTENT="the" HPOS="543" VPOS="1223" WIDTH="55" HEIGHT="75" STYLEREFS="font0"/><SP WIDTH="16" VPOS="1223" HPOS="598"/><String ID="p158_w179" CONTENT="myofuroides," HPOS="614" VPOS="1223" WIDTH="232" HEIGHT="75" STYLEREFS="font0"/><SP WIDTH="25" VPOS="1223" HPOS="846"/><String ID="p158_w180" CONTENT="or" HPOS="871" VPOS="1223" WIDTH="37" HEIGHT="75" STYLEREFS="font0"/><SP WIDTH="24" VPOS="1223" HPOS="908"/><String ID="p158_w181" CONTENT="field" HPOS="932" VPOS="1223" WIDTH="76" HEIGHT="75" STYLEREFS="font0"/><SP WIDTH="22" VPOS="1223" HPOS="1008"/><String ID="p158_w182" CONTENT="fox-tail" HPOS="1030" VPOS="1223" WIDTH="135" HEIGHT="75" STYLEREFS="font0"/></TextLine><TextLine WIDTH="991" HEIGHT="75" ID="p158_t23" HPOS="175" VPOS="1270"><String ID="p158_w183" CONTENT="grafs;" HPOS="175" VPOS="1270" WIDTH="107" HEIGHT="75" STYLEREFS="font0"/><SP WIDTH="26" VPOS="1270" HPOS="282"/><String ID="p158_w184" CONTENT="the" HPOS="308" VPOS="1270" WIDTH="56" HEIGHT="75" STYLEREFS="font0"/><SP WIDTH="33" VPOS="1270" HPOS="364"/><String ID="p158_w185" CONTENT="above" HPOS="397" VPOS="1270" WIDTH="102" HEIGHT="75" STYLEREFS="font0"/><SP WIDTH="31" VPOS="1270" HPOS="499"/><String ID="p158_w186" CONTENT="four" HPOS="530" VPOS="1270" WIDTH="74" HEIGHT="75" STYLEREFS="font0"/><SP WIDTH="33" VPOS="1270" HPOS="604"/><String ID="p158_w187" CONTENT="grow" HPOS="637" VPOS="1270" WIDTH="92" HEIGHT="75" STYLEREFS="font0"/><SP WIDTH="30" VPOS="1270" HPOS="729"/><String ID="p158_w188" CONTENT="wild" HPOS="759" VPOS="1270" WIDTH="76" HEIGHT="75" STYLEREFS="font0"/><SP WIDTH="27" VPOS="1270" HPOS="835"/><String ID="p158_w189" CONTENT="in" HPOS="862" VPOS="1270" WIDTH="32" HEIGHT="75" STYLEREFS="font0"/><SP WIDTH="29" VPOS="1270" HPOS="894"/><String ID="p158_w190" CONTENT="Britain" HPOS="923" VPOS="1270" WIDTH="125" HEIGHT="75" STYLEREFS="font0"/><SP WIDTH="16" VPOS="1270" HPOS="1048"/><String ID="p158_w191" CONTENT=":" HPOS="1064" VPOS="1270" WIDTH="9" HEIGHT="75" STYLEREFS="font0"/><SP WIDTH="36" VPOS="1270" HPOS="1073"/><String ID="p158_w192" CONTENT="the" HPOS="1109" VPOS="1270" WIDTH="57" HEIGHT="75" STYLEREFS="font0"/></TextLine><TextLine WIDTH="1024" HEIGHT="75" ID="p158_t24" HPOS="141" VPOS="1318"><String ID="p158_w193" CONTENT="." HPOS="141" VPOS="1318" WIDTH="5" HEIGHT="75" STYLEREFS="font0"/><SP WIDTH="29" VPOS="1318" HPOS="146"/><String ID="p158_w194" CONTENT="agredis," HPOS="175" VPOS="1318" WIDTH="142" HEIGHT="75" STYLEREFS="font0"/><SP WIDTH="22" VPOS="1318" HPOS="317"/><String ID="p158_w195" CONTENT="the" HPOS="339" VPOS="1318" WIDTH="55" HEIGHT="75" STYLEREFS="font0"/><SP WIDTH="21" VPOS="1318" HPOS="394"/><String ID="p158_w196" CONTENT="monfpelienfis," HPOS="415" VPOS="1318" WIDTH="245" HEIGHT="75" STYLEREFS="font0"/><SP WIDTH="21" VPOS="1318" HPOS="660"/><String ID="p158_w197" CONTENT="the" HPOS="681" VPOS="1318" WIDTH="56" HEIGHT="75" STYLEREFS="font0"/><SP WIDTH="16" VPOS="1318" HPOS="737"/><String ID="p158_w198" CONTENT="paniceus," HPOS="753" VPOS="1318" WIDTH="161" HEIGHT="75" STYLEREFS="font0"/><SP WIDTH="25" VPOS="1318" HPOS="914"/><String ID="p158_w199" CONTENT="and" HPOS="939" VPOS="1318" WIDTH="63" HEIGHT="75" STYLEREFS="font0"/><SP WIDTH="15" VPOS="1318" HPOS="1002"/><String ID="p158_w200" CONTENT="the" HPOS="1017" VPOS="1318" WIDTH="56" HEIGHT="75" STYLEREFS="font0"/><SP WIDTH="15" VPOS="1318" HPOS="1073"/><String ID="p158_w201" CONTENT="hor-" HPOS="1088" VPOS="1318" WIDTH="77" HEIGHT="75" STYLEREFS="font0"/></TextLine><TextLine WIDTH="989" HEIGHT="75" ID="p158_t25" HPOS="176" VPOS="1364"><String ID="p158_w202" CONTENT="deiformis," HPOS="176" VPOS="1364" WIDTH="179" HEIGHT="75" STYLEREFS="font0"/><SP WIDTH="19" VPOS="1364" HPOS="355"/><String ID="p158_w203" CONTENT="ail" HPOS="374" VPOS="1364" WIDTH="42" HEIGHT="75" STYLEREFS="font0"/><SP WIDTH="17" VPOS="1364" HPOS="416"/><String ID="p158_w204" CONTENT="native^" HPOS="433" VPOS="1364" WIDTH="122" HEIGHT="75" STYLEREFS="font0"/><SP WIDTH="17" VPOS="1364" HPOS="555"/><String ID="p158_w205" CONTENT="of" HPOS="572" VPOS="1364" WIDTH="40" HEIGHT="75" STYLEREFS="font0"/><SP WIDTH="12" VPOS="1364" HPOS="612"/><String ID="p158_w206" CONTENT="France," HPOS="624" VPOS="1364" WIDTH="135" HEIGHT="75" STYLEREFS="font0"/><SP WIDTH="14" VPOS="1364" HPOS="759"/><String ID="p158_w207" CONTENT="and" HPOS="773" VPOS="1364" WIDTH="62" HEIGHT="75" STYLEREFS="font0"/><SP WIDTH="12" VPOS="1364" HPOS="835"/><String ID="p158_w208" CONTENT="the" HPOS="847" VPOS="1364" WIDTH="55" HEIGHT="75" STYLEREFS="font0"/><SP WIDTH="11" VPOS="1364" HPOS="902"/><String ID="p158_w209" CONTENT="fouthern" HPOS="913" VPOS="1364" WIDTH="150" HEIGHT="75" STYLEREFS="font0"/><SP WIDTH="13" VPOS="1364" HPOS="1063"/><String ID="p158_w210" CONTENT="parts" HPOS="1076" VPOS="1364" WIDTH="89" HEIGHT="75" STYLEREFS="font0"/></TextLine><TextLine WIDTH="985" HEIGHT="75" ID="p158_t26" HPOS="178" VPOS="1412"><String ID="p158_w211" CONTENT="of" HPOS="178" VPOS="1412" WIDTH="41" HEIGHT="75" STYLEREFS="font0"/><SP WIDTH="12" VPOS="1412" HPOS="219"/><String ID="p158_w212" CONTENT="Europe," HPOS="231" VPOS="1412" WIDTH="145" HEIGHT="75" STYLEREFS="font0"/><SP WIDTH="17" VPOS="1412" HPOS="376"/><String ID="p158_w213" CONTENT="except" HPOS="393" VPOS="1412" WIDTH="115" HEIGHT="75" STYLEREFS="font0"/><SP WIDTH="19" VPOS="1412" HPOS="508"/><String ID="p158_w214" CONTENT="the" HPOS="527" VPOS="1412" WIDTH="56" HEIGHT="75" STYLEREFS="font0"/><SP WIDTH="16" VPOS="1412" HPOS="583"/><String ID="p158_w215" CONTENT="laft," HPOS="599" VPOS="1412" WIDTH="69" HEIGHT="75" STYLEREFS="font0"/><SP WIDTH="17" VPOS="1412" HPOS="668"/><String ID="p158_w216" CONTENT="which" HPOS="685" VPOS="1412" WIDTH="106" HEIGHT="75" STYLEREFS="font0"/><SP WIDTH="17" VPOS="1412" HPOS="791"/><String ID="p158_w217" CONTENT="is" HPOS="808" VPOS="1412" WIDTH="27" HEIGHT="75" STYLEREFS="font0"/><SP WIDTH="18" VPOS="1412" HPOS="835"/><String ID="p158_w218" CONTENT="a" HPOS="853" VPOS="1412" WIDTH="18" HEIGHT="75" STYLEREFS="font0"/><SP WIDTH="14" VPOS="1412" HPOS="871"/><String ID="p158_w219" CONTENT="native" HPOS="885" VPOS="1412" WIDTH="106" HEIGHT="75" STYLEREFS="font0"/><SP WIDTH="16" VPOS="1412" HPOS="991"/><String ID="p158_w220" CONTENT="of" HPOS="1007" VPOS="1412" WIDTH="40" HEIGHT="75" STYLEREFS="font0"/><SP WIDTH="12" VPOS="1412" HPOS="1047"/><String ID="p158_w221" CONTENT="India." HPOS="1059" VPOS="1412" WIDTH="104" HEIGHT="75" STYLEREFS="font0"/></TextLine><TextLine WIDTH="1042" HEIGHT="75" ID="p158_t27" HPOS="129" VPOS="1459"><String ID="p158_w222" CONTENT="ALOSA," HPOS="129" VPOS="1459" WIDTH="175" HEIGHT="75" STYLEREFS="font0"/><SP WIDTH="26" VPOS="1459" HPOS="304"/><String ID="p158_w223" CONTENT="the" HPOS="330" VPOS="1459" WIDTH="55" HEIGHT="75" STYLEREFS="font0"/><SP WIDTH="17" VPOS="1459" HPOS="385"/><String ID="p158_w224" CONTENT="fhad," HPOS="402" VPOS="1459" WIDTH="88" HEIGHT="75" STYLEREFS="font0"/><SP WIDTH="25" VPOS="1459" HPOS="490"/><String ID="p158_w225" CONTENT="or" HPOS="515" VPOS="1459" WIDTH="37" HEIGHT="75" STYLEREFS="font0"/><SP WIDTH="23" VPOS="1459" HPOS="552"/><String ID="p158_w226" CONTENT="mother" HPOS="575" VPOS="1459" WIDTH="128" HEIGHT="75" STYLEREFS="font0"/><SP WIDTH="20" VPOS="1459" HPOS="703"/><String ID="p158_w227" CONTENT="of" HPOS="723" VPOS="1459" WIDTH="39" HEIGHT="75" STYLEREFS="font0"/><SP WIDTH="23" VPOS="1459" HPOS="762"/><String ID="p158_w228" CONTENT="herrings," HPOS="785" VPOS="1459" WIDTH="158" HEIGHT="75" STYLEREFS="font0"/><SP WIDTH="19" VPOS="1459" HPOS="943"/><String ID="p158_w229" CONTENT="a" HPOS="962" VPOS="1459" WIDTH="18" HEIGHT="75" STYLEREFS="font0"/><SP WIDTH="16" VPOS="1459" HPOS="980"/><String ID="p158_w230" CONTENT="fpecies" HPOS="996" VPOS="1459" WIDTH="117" HEIGHT="75" STYLEREFS="font0"/><SP WIDTH="17" VPOS="1459" HPOS="1113"/><String ID="p158_w231" CONTENT="of" HPOS="1130" VPOS="1459" WIDTH="41" HEIGHT="75" STYLEREFS="font0"/></TextLine><TextLine WIDTH="498" HEIGHT="75" ID="p158_t28" HPOS="178" VPOS="1507"><String ID="p158_w232" CONTENT="the" HPOS="178" VPOS="1507" WIDTH="55" HEIGHT="75" STYLEREFS="font0"/><SP WIDTH="16" VPOS="1507" HPOS="233"/><String ID="p158_w233" CONTENT="clupea." HPOS="249" VPOS="1507" WIDTH="124" HEIGHT="75" STYLEREFS="font0"/><SP WIDTH="51" VPOS="1507" HPOS="373"/><String ID="p158_w234" CONTENT="See" HPOS="424" VPOS="1507" WIDTH="62" HEIGHT="75" STYLEREFS="font0"/><SP WIDTH="18" VPOS="1507" HPOS="486"/><String ID="p158_w235" CONTENT="Clupea." HPOS="504" VPOS="1507" WIDTH="172" HEIGHT="75" STYLEREFS="font0"/></TextLine><TextLine WIDTH="1038" HEIGHT="75" ID="p158_t29" HPOS="129" VPOS="1553"><String ID="p158_w236" CONTENT="ALOST,atown" HPOS="129" VPOS="1553" WIDTH="301" HEIGHT="75" STYLEREFS="font0"/><SP WIDTH="18" VPOS="1553" HPOS="430"/><String ID="p158_w237" CONTENT="in" HPOS="448" VPOS="1553" WIDTH="32" HEIGHT="75" STYLEREFS="font0"/><SP WIDTH="17" VPOS="1553" HPOS="480"/><String ID="p158_w238" CONTENT="the" HPOS="497" VPOS="1553" WIDTH="55" HEIGHT="75" STYLEREFS="font0"/><SP WIDTH="7" VPOS="1553" HPOS="552"/><String ID="p158_w239" CONTENT="Andrian" HPOS="559" VPOS="1553" WIDTH="151" HEIGHT="75" STYLEREFS="font0"/><SP WIDTH="17" VPOS="1553" HPOS="710"/><String ID="p158_w240" CONTENT="Flanders," HPOS="727" VPOS="1553" WIDTH="168" HEIGHT="75" STYLEREFS="font0"/><SP WIDTH="13" VPOS="1553" HPOS="895"/><String ID="p158_w241" CONTENT="upon" HPOS="908" VPOS="1553" WIDTH="86" HEIGHT="75" STYLEREFS="font0"/><SP WIDTH="17" VPOS="1553" HPOS="994"/><String ID="p158_w242" CONTENT="the" HPOS="1011" VPOS="1553" WIDTH="54" HEIGHT="75" STYLEREFS="font0"/><SP WIDTH="17" VPOS="1553" HPOS="1065"/><String ID="p158_w243" CONTENT="river" HPOS="1082" VPOS="1553" WIDTH="85" HEIGHT="75" STYLEREFS="font0"/></TextLine><TextLine WIDTH="861" HEIGHT="75" ID="p158_t30" HPOS="178" VPOS="1599"><String ID="p158_w244" CONTENT="Dender," HPOS="178" VPOS="1599" WIDTH="147" HEIGHT="75" STYLEREFS="font0"/><SP WIDTH="18" VPOS="1599" HPOS="325"/><String ID="p158_w245" CONTENT="half-way" HPOS="343" VPOS="1599" WIDTH="156" HEIGHT="75" STYLEREFS="font0"/><SP WIDTH="18" VPOS="1599" HPOS="499"/><String ID="p158_w246" CONTENT="between" HPOS="517" VPOS="1599" WIDTH="142" HEIGHT="75" STYLEREFS="font0"/><SP WIDTH="18" VPOS="1599" HPOS="659"/><String ID="p158_w247" CONTENT="Bruflels" HPOS="677" VPOS="1599" WIDTH="139" HEIGHT="75" STYLEREFS="font0"/><SP WIDTH="17" VPOS="1599" HPOS="816"/><String ID="p158_w248" CONTENT="and" HPOS="833" VPOS="1599" WIDTH="62" HEIGHT="75" STYLEREFS="font0"/><SP WIDTH="16" VPOS="1599" HPOS="895"/><String ID="p158_w249" CONTENT="Ghent." HPOS="911" VPOS="1599" WIDTH="128" HEIGHT="75" STYLEREFS="font0"/></TextLine><TextLine WIDTH="1041" HEIGHT="75" ID="p158_t31" HPOS="130" VPOS="1647"><String ID="p158_w250" CONTENT="ALP," HPOS="130" VPOS="1647" WIDTH="108" HEIGHT="75" STYLEREFS="font0"/><SP WIDTH="29" VPOS="1647" HPOS="238"/><String ID="p158_w251" CONTENT="in" HPOS="267" VPOS="1647" WIDTH="32" HEIGHT="75" STYLEREFS="font0"/><SP WIDTH="16" VPOS="1647" HPOS="299"/><String ID="p158_w252" CONTENT="ornithology," HPOS="315" VPOS="1647" WIDTH="221" HEIGHT="75" STYLEREFS="font0"/><SP WIDTH="26" VPOS="1647" HPOS="536"/><String ID="p158_w253" CONTENT="an" HPOS="562" VPOS="1647" WIDTH="38" HEIGHT="75" STYLEREFS="font0"/><SP WIDTH="23" VPOS="1647" HPOS="600"/><String ID="p158_w254" CONTENT="obfolete" HPOS="623" VPOS="1647" WIDTH="141" HEIGHT="75" STYLEREFS="font0"/><SP WIDTH="26" VPOS="1647" HPOS="764"/><String ID="p158_w255" CONTENT="name" HPOS="790" VPOS="1647" WIDTH="91" HEIGHT="75" STYLEREFS="font0"/><SP WIDTH="18" VPOS="1647" HPOS="881"/><String ID="p158_w256" CONTENT="of" HPOS="899" VPOS="1647" WIDTH="39" HEIGHT="75" STYLEREFS="font0"/><SP WIDTH="17" VPOS="1647" HPOS="938"/><String ID="p158_w257" CONTENT="a" HPOS="955" VPOS="1647" WIDTH="19" HEIGHT="75" STYLEREFS="font0"/><SP WIDTH="21" VPOS="1647" HPOS="974"/><String ID="p158_w258" CONTENT="fpecies" HPOS="995" VPOS="1647" WIDTH="118" HEIGHT="75" STYLEREFS="font0"/><SP WIDTH="17" VPOS="1647" HPOS="1113"/><String ID="p158_w259" CONTENT="of" HPOS="1130" VPOS="1647" WIDTH="41" HEIGHT="75" STYLEREFS="font0"/></TextLine><TextLine WIDTH="458" HEIGHT="75" ID="p158_t32" HPOS="179" VPOS="1693"><String ID="p158_w260" CONTENT="the" HPOS="179" VPOS="1693" WIDTH="56" HEIGHT="75" STYLEREFS="font0"/><SP WIDTH="21" VPOS="1693" HPOS="235"/><String ID="p158_w261" CONTENT="loxia." HPOS="256" VPOS="1693" WIDTH="104" HEIGHT="75" STYLEREFS="font0"/><SP WIDTH="50" VPOS="1693" HPOS="360"/><String ID="p158_w262" CONTENT="See" HPOS="410" VPOS="1693" WIDTH="62" HEIGHT="75" STYLEREFS="font0"/><SP WIDTH="17" VPOS="1693" HPOS="472"/><String ID="p158_w263" CONTENT="Loxia." HPOS="489" VPOS="1693" WIDTH="148" HEIGHT="75" STYLEREFS="font0"/></TextLine><TextLine WIDTH="1035" HEIGHT="75" ID="p158_t33" HPOS="130" VPOS="1739"><String ID="p158_w264" CONTENT="ALPHA," HPOS="130" VPOS="1739" WIDTH="178" HEIGHT="75" STYLEREFS="font0"/><SP WIDTH="18" VPOS="1739" HPOS="308"/><String ID="p158_w265" CONTENT="among" HPOS="326" VPOS="1739" WIDTH="116" HEIGHT="75" STYLEREFS="font0"/><SP WIDTH="16" VPOS="1739" HPOS="442"/><String ID="p158_w266" CONTENT="grammarians," HPOS="458" VPOS="1739" WIDTH="239" HEIGHT="75" STYLEREFS="font0"/><SP WIDTH="19" VPOS="1739" HPOS="697"/><String ID="p158_w267" CONTENT="the" HPOS="716" VPOS="1739" WIDTH="56" HEIGHT="75" STYLEREFS="font0"/><SP WIDTH="16" VPOS="1739" HPOS="772"/><String ID="p158_w268" CONTENT="name" HPOS="788" VPOS="1739" WIDTH="91" HEIGHT="75" STYLEREFS="font0"/><SP WIDTH="16" VPOS="1739" HPOS="879"/><String ID="p158_w269" CONTENT="of" HPOS="895" VPOS="1739" WIDTH="41" HEIGHT="75" STYLEREFS="font0"/><SP WIDTH="15" VPOS="1739" HPOS="936"/><String ID="p158_w270" CONTENT="the" HPOS="951" VPOS="1739" WIDTH="57" HEIGHT="75" STYLEREFS="font0"/><SP WIDTH="16" VPOS="1739" HPOS="1008"/><String ID="p158_w271" CONTENT="fird" HPOS="1024" VPOS="1739" WIDTH="64" HEIGHT="75" STYLEREFS="font0"/><SP WIDTH="16" VPOS="1739" HPOS="1088"/><String ID="p158_w272" CONTENT="let-" HPOS="1104" VPOS="1739" WIDTH="61" HEIGHT="75" STYLEREFS="font0"/></TextLine><TextLine WIDTH="842" HEIGHT="75" ID="p158_t34" HPOS="180" VPOS="1786"><String ID="p158_w273" CONTENT="ter" HPOS="180" VPOS="1786" WIDTH="50" HEIGHT="75" STYLEREFS="font0"/><SP WIDTH="16" VPOS="1786" HPOS="230"/><String ID="p158_w274" CONTENT="of" HPOS="246" VPOS="1786" WIDTH="40" HEIGHT="75" STYLEREFS="font0"/><SP WIDTH="11" VPOS="1786" HPOS="286"/><String ID="p158_w275" CONTENT="the" HPOS="297" VPOS="1786" WIDTH="56" HEIGHT="75" STYLEREFS="font0"/><SP WIDTH="17" VPOS="1786" HPOS="353"/><String ID="p158_w276" CONTENT="gre.ek" HPOS="370" VPOS="1786" WIDTH="96" HEIGHT="75" STYLEREFS="font0"/><SP WIDTH="18" VPOS="1786" HPOS="466"/><String ID="p158_w277" CONTENT="alphabet," HPOS="484" VPOS="1786" WIDTH="160" HEIGHT="75" STYLEREFS="font0"/><SP WIDTH="13" VPOS="1786" HPOS="644"/><String ID="p158_w278" CONTENT="anfwering" HPOS="657" VPOS="1786" WIDTH="176" HEIGHT="75" STYLEREFS="font0"/><SP WIDTH="16" VPOS="1786" HPOS="833"/><String ID="p158_w279" CONTENT="to" HPOS="849" VPOS="1786" WIDTH="34" HEIGHT="75" STYLEREFS="font0"/><SP WIDTH="17" VPOS="1786" HPOS="883"/><String ID="p158_w280" CONTENT="our" HPOS="900" VPOS="1786" WIDTH="61" HEIGHT="75" STYLEREFS="font0"/><SP WIDTH="17" VPOS="1786" HPOS="961"/><String ID="p158_w281" CONTENT="A." HPOS="978" VPOS="1786" WIDTH="44" HEIGHT="75" STYLEREFS="font0"/></TextLine><TextLine WIDTH="1034" HEIGHT="75" ID="p158_t35" HPOS="131" VPOS="1834"><String ID="p158_w282" CONTENT="ALPHABET," HPOS="131" VPOS="1834" WIDTH="278" HEIGHT="75" STYLEREFS="font0"/><SP WIDTH="20" VPOS="1834" HPOS="409"/><String ID="p158_w283" CONTENT="in" HPOS="429" VPOS="1834" WIDTH="32" HEIGHT="75" STYLEREFS="font0"/><SP WIDTH="25" VPOS="1834" HPOS="461"/><String ID="p158_w284" CONTENT="matters" HPOS="486" VPOS="1834" WIDTH="135" HEIGHT="75" STYLEREFS="font0"/><SP WIDTH="24" VPOS="1834" HPOS="621"/><String ID="p158_w285" CONTENT="of" HPOS="645" VPOS="1834" WIDTH="39" HEIGHT="75" STYLEREFS="font0"/><SP WIDTH="19" VPOS="1834" HPOS="684"/><String ID="p158_w286" CONTENT="literature," HPOS="703" VPOS="1834" WIDTH="177" HEIGHT="75" STYLEREFS="font0"/><SP WIDTH="26" VPOS="1834" HPOS="880"/><String ID="p158_w287" CONTENT="the" HPOS="906" VPOS="1834" WIDTH="56" HEIGHT="75" STYLEREFS="font0"/><SP WIDTH="15" VPOS="1834" HPOS="962"/><String ID="p158_w288" CONTENT="natural" HPOS="977" VPOS="1834" WIDTH="130" HEIGHT="75" STYLEREFS="font0"/><SP WIDTH="21" VPOS="1834" HPOS="1107"/><String ID="p158_w289" CONTENT="or" HPOS="1128" VPOS="1834" WIDTH="37" HEIGHT="75" STYLEREFS="font0"/></TextLine><TextLine WIDTH="985" HEIGHT="75" ID="p158_t36" HPOS="179" VPOS="1881"><String ID="p158_w290" CONTENT="accudomed" HPOS="179" VPOS="1881" WIDTH="199" HEIGHT="75" STYLEREFS="font0"/><SP WIDTH="15" VPOS="1881" HPOS="378"/><String ID="p158_w291" CONTENT="feries" HPOS="393" VPOS="1881" WIDTH="95" HEIGHT="75" STYLEREFS="font0"/><SP WIDTH="16" VPOS="1881" HPOS="488"/><String ID="p158_w292" CONTENT="of" HPOS="504" VPOS="1881" WIDTH="40" HEIGHT="75" STYLEREFS="font0"/><SP WIDTH="22" VPOS="1881" HPOS="544"/><String ID="p158_w293" CONTENT="the" HPOS="566" VPOS="1881" WIDTH="56" HEIGHT="75" STYLEREFS="font0"/><SP WIDTH="15" VPOS="1881" HPOS="622"/><String ID="p158_w294" CONTENT="feveral" HPOS="637" VPOS="1881" WIDTH="118" HEIGHT="75" STYLEREFS="font0"/><SP WIDTH="18" VPOS="1881" HPOS="755"/><String ID="p158_w295" CONTENT="letters" HPOS="773" VPOS="1881" WIDTH="112" HEIGHT="75" STYLEREFS="font0"/><SP WIDTH="17" VPOS="1881" HPOS="885"/><String ID="p158_w296" CONTENT="of" HPOS="902" VPOS="1881" WIDTH="41" HEIGHT="75" STYLEREFS="font0"/><SP WIDTH="19" VPOS="1881" HPOS="943"/><String ID="p158_w297" CONTENT="a" HPOS="962" VPOS="1881" WIDTH="19" HEIGHT="75" STYLEREFS="font0"/><SP WIDTH="14" VPOS="1881" HPOS="981"/><String ID="p158_w298" CONTENT="language." HPOS="995" VPOS="1881" WIDTH="169" HEIGHT="75" STYLEREFS="font0"/></TextLine><TextLine WIDTH="671" HEIGHT="75" ID="p158_t37" HPOS="182" VPOS="1927"><String ID="p158_w299" CONTENT="See" HPOS="182" VPOS="1927" WIDTH="62" HEIGHT="75" STYLEREFS="font0"/><SP WIDTH="13" VPOS="1927" HPOS="244"/><String ID="p158_w300" CONTENT="Language," HPOS="257" VPOS="1927" WIDTH="235" HEIGHT="75" STYLEREFS="font0"/><SP WIDTH="25" VPOS="1927" HPOS="492"/><String ID="p158_w301" CONTENT="and" HPOS="517" VPOS="1927" WIDTH="62" HEIGHT="75" STYLEREFS="font0"/><SP WIDTH="18" VPOS="1927" HPOS="579"/><String ID="p158_w302" CONTENT="Character." HPOS="597" VPOS="1927" WIDTH="256" HEIGHT="75" STYLEREFS="font0"/></TextLine><TextLine WIDTH="1033" HEIGHT="75" ID="p158_t38" HPOS="133" VPOS="1973"><String ID="p158_w303" CONTENT="Alphabet's" HPOS="133" VPOS="1973" WIDTH="262" HEIGHT="75" STYLEREFS="font0"/><SP WIDTH="18" VPOS="1973" HPOS="395"/><String ID="p158_w304" CONTENT="alfo" HPOS="413" VPOS="1973" WIDTH="65" HEIGHT="75" STYLEREFS="font0"/><SP WIDTH="15" VPOS="1973" HPOS="478"/><String ID="p158_w305" CONTENT="ufed" HPOS="493" VPOS="1973" WIDTH="75" HEIGHT="75" STYLEREFS="font0"/><SP WIDTH="17" VPOS="1973" HPOS="568"/><String ID="p158_w306" CONTENT="for" HPOS="585" VPOS="1973" WIDTH="51" HEIGHT="75" STYLEREFS="font0"/><SP WIDTH="13" VPOS="1973" HPOS="636"/><String ID="p158_w307" CONTENT="a" HPOS="649" VPOS="1973" WIDTH="18" HEIGHT="75" STYLEREFS="font0"/><SP WIDTH="12" VPOS="1973" HPOS="667"/><String ID="p158_w308" CONTENT="cypher," HPOS="679" VPOS="1973" WIDTH="131" HEIGHT="75" STYLEREFS="font0"/><SP WIDTH="10" VPOS="1973" HPOS="810"/><String ID="p158_w309" CONTENT="or" HPOS="820" VPOS="1973" WIDTH="37" HEIGHT="75" STYLEREFS="font0"/><SP WIDTH="12" VPOS="1973" HPOS="857"/><String ID="p158_w310" CONTENT="table" HPOS="869" VPOS="1973" WIDTH="86" HEIGHT="75" STYLEREFS="font0"/><SP WIDTH="9" VPOS="1973" HPOS="955"/><String ID="p158_w311" CONTENT="of" HPOS="964" VPOS="1973" WIDTH="40" HEIGHT="75" STYLEREFS="font0"/><SP WIDTH="7" VPOS="1973" HPOS="1004"/><String ID="p158_w312" CONTENT="the" HPOS="1011" VPOS="1973" WIDTH="54" HEIGHT="75" STYLEREFS="font0"/><SP WIDTH="12" VPOS="1973" HPOS="1065"/><String ID="p158_w313" CONTENT="ufual" HPOS="1077" VPOS="1973" WIDTH="89" HEIGHT="75" STYLEREFS="font0"/></TextLine><TextLine WIDTH="987" HEIGHT="75" ID="p158_t39" HPOS="181" VPOS="2021"><String ID="p158_w314" CONTENT="letters" HPOS="181" VPOS="2021" WIDTH="112" HEIGHT="75" STYLEREFS="font0"/><SP WIDTH="17" VPOS="2021" HPOS="293"/><String ID="p158_w315" CONTENT="of" HPOS="310" VPOS="2021" WIDTH="40" HEIGHT="75" STYLEREFS="font0"/><SP WIDTH="19" VPOS="2021" HPOS="350"/><String ID="p158_w316" CONTENT="the" HPOS="369" VPOS="2021" WIDTH="56" HEIGHT="75" STYLEREFS="font0"/><SP WIDTH="17" VPOS="2021" HPOS="425"/><String ID="p158_w317" CONTENT="alphabet," HPOS="442" VPOS="2021" WIDTH="162" HEIGHT="75" STYLEREFS="font0"/><SP WIDTH="22" VPOS="2021" HPOS="604"/><String ID="p158_w318" CONTENT="with" HPOS="626" VPOS="2021" WIDTH="79" HEIGHT="75" STYLEREFS="font0"/><SP WIDTH="19" VPOS="2021" HPOS="705"/><String ID="p158_w319" CONTENT="the" HPOS="724" VPOS="2021" WIDTH="55" HEIGHT="75" STYLEREFS="font0"/><SP WIDTH="23" VPOS="2021" HPOS="779"/><String ID="p158_w320" CONTENT="correfponding" HPOS="802" VPOS="2021" WIDTH="246" HEIGHT="75" STYLEREFS="font0"/><SP WIDTH="18" VPOS="2021" HPOS="1048"/><String ID="p158_w321" CONTENT="fecret" HPOS="1066" VPOS="2021" WIDTH="102" HEIGHT="75" STYLEREFS="font0"/></TextLine><TextLine WIDTH="1003" HEIGHT="75" ID="p158_t40" HPOS="181" VPOS="2067"><String ID="p158_w322" CONTENT="characters," HPOS="181" VPOS="2067" WIDTH="190" HEIGHT="75" STYLEREFS="font0"/><SP WIDTH="18" VPOS="2067" HPOS="371"/><String ID="p158_w323" CONTENT="and" HPOS="389" VPOS="2067" WIDTH="62" HEIGHT="75" STYLEREFS="font0"/><SP WIDTH="11" VPOS="2067" HPOS="451"/><String ID="p158_w324" CONTENT="other" HPOS="462" VPOS="2067" WIDTH="94" HEIGHT="75" STYLEREFS="font0"/><SP WIDTH="15" VPOS="2067" HPOS="556"/><String ID="p158_w325" CONTENT="blank" HPOS="571" VPOS="2067" WIDTH="97" HEIGHT="75" STYLEREFS="font0"/><SP WIDTH="15" VPOS="2067" HPOS="668"/><String ID="p158_w326" CONTENT="fymbols" HPOS="683" VPOS="2067" WIDTH="139" HEIGHT="75" STYLEREFS="font0"/><SP WIDTH="12" VPOS="2067" HPOS="822"/><String ID="p158_w327" CONTENT="intended" HPOS="834" VPOS="2067" WIDTH="152" HEIGHT="75" STYLEREFS="font0"/><SP WIDTH="16" VPOS="2067" HPOS="986"/><String ID="p158_w328" CONTENT="to" HPOS="1002" VPOS="2067" WIDTH="35" HEIGHT="75" STYLEREFS="font0"/><SP WIDTH="17" VPOS="2067" HPOS="1037"/><String ID="p158_w329" CONTENT="render*" HPOS="1054" VPOS="2067" WIDTH="130" HEIGHT="75" STYLEREFS="font0"/></TextLine><TextLine WIDTH="987" HEIGHT="75" ID="p158_t41" HPOS="181" VPOS="2115"><String ID="p158_w330" CONTENT="the" HPOS="181" VPOS="2115" WIDTH="58" HEIGHT="75" STYLEREFS="font0"/><SP WIDTH="33" VPOS="2115" HPOS="239"/><String ID="p158_w331" CONTENT="writing" HPOS="272" VPOS="2115" WIDTH="129" HEIGHT="75" STYLEREFS="font0"/><SP WIDTH="31" VPOS="2115" HPOS="401"/><String ID="p158_w332" CONTENT="more" HPOS="432" VPOS="2115" WIDTH="89" HEIGHT="75" STYLEREFS="font0"/><SP WIDTH="32" VPOS="2115" HPOS="521"/><String ID="p158_w333" CONTENT="difficult" HPOS="553" VPOS="2115" WIDTH="136" HEIGHT="75" STYLEREFS="font0"/><SP WIDTH="30" VPOS="2115" HPOS="689"/><String ID="p158_w334" CONTENT="to" HPOS="719" VPOS="2115" WIDTH="35" HEIGHT="75" STYLEREFS="font0"/><SP WIDTH="16" VPOS="2115" HPOS="754"/><String ID="p158_w335" CONTENT="be" HPOS="770" VPOS="2115" WIDTH="39" HEIGHT="75" STYLEREFS="font0"/><SP WIDTH="18" VPOS="2115" HPOS="809"/><String ID="p158_w336" CONTENT=",decyphered." HPOS="827" VPOS="2115" WIDTH="229" HEIGHT="75" STYLEREFS="font0"/><SP WIDTH="50" VPOS="2115" HPOS="1056"/><String ID="p158_w337" CONTENT="See" HPOS="1106" VPOS="2115" WIDTH="62" HEIGHT="75" STYLEREFS="font0"/></TextLine><TextLine WIDTH="305" HEIGHT="75" ID="p158_t42" HPOS="182" VPOS="2161"><String ID="p158_w338" CONTENT="De" HPOS="182" VPOS="2161" WIDTH="59" HEIGHT="75" STYLEREFS="font0"/><SP WIDTH="8" VPOS="2161" HPOS="241"/><String ID="p158_w339" CONTENT="CYPHERING." HPOS="249" VPOS="2161" WIDTH="238" HEIGHT="75" STYLEREFS="font0"/></TextLine><TextLine WIDTH="1032" HEIGHT="75" ID="p158_t43" HPOS="135" VPOS="2208"><String ID="p158_w340" CONTENT="ALPHABETICAL," HPOS="135" VPOS="2208" WIDTH="396" HEIGHT="75" STYLEREFS="font0"/><SP WIDTH="17" VPOS="2208" HPOS="531"/><String ID="p158_w341" CONTENT="fomething" HPOS="548" VPOS="2208" WIDTH="179" HEIGHT="75" STYLEREFS="font0"/><SP WIDTH="15" VPOS="2208" HPOS="727"/><String ID="p158_w342" CONTENT="belonging" HPOS="742" VPOS="2208" WIDTH="173" HEIGHT="75" STYLEREFS="font0"/><SP WIDTH="22" VPOS="2208" HPOS="915"/><String ID="p158_w343" CONTENT="to," HPOS="937" VPOS="2208" WIDTH="48" HEIGHT="75" STYLEREFS="font0"/><SP WIDTH="21" VPOS="2208" HPOS="985"/><String ID="p158_w344" CONTENT="or" HPOS="1006" VPOS="2208" WIDTH="37" HEIGHT="75" STYLEREFS="font0"/><SP WIDTH="18" VPOS="2208" HPOS="1043"/><String ID="p158_w345" CONTENT="parta-" HPOS="1061" VPOS="2208" WIDTH="106" HEIGHT="75" STYLEREFS="font0"/></TextLine><TextLine WIDTH="984" HEIGHT="75" ID="p158_t44" HPOS="184" VPOS="2255"><String ID="p158_w346" CONTENT="king" HPOS="184" VPOS="2255" WIDTH="77" HEIGHT="75" STYLEREFS="font0"/><SP WIDTH="16" VPOS="2255" HPOS="261"/><String ID="p158_w347" CONTENT="of" HPOS="277" VPOS="2255" WIDTH="40" HEIGHT="75" STYLEREFS="font0"/><SP WIDTH="6" VPOS="2255" HPOS="317"/><String ID="p158_w348" CONTENT="the" HPOS="323" VPOS="2255" WIDTH="55" HEIGHT="75" STYLEREFS="font0"/><SP WIDTH="17" VPOS="2255" HPOS="378"/><String ID="p158_w349" CONTENT="nature" HPOS="395" VPOS="2255" WIDTH="112" HEIGHT="75" STYLEREFS="font0"/><SP WIDTH="17" VPOS="2255" HPOS="507"/><String ID="p158_w350" CONTENT="of" HPOS="524" VPOS="2255" WIDTH="40" HEIGHT="75" STYLEREFS="font0"/><SP WIDTH="19" VPOS="2255" HPOS="564"/><String ID="p158_w351" CONTENT="an" HPOS="583" VPOS="2255" WIDTH="39" HEIGHT="75" STYLEREFS="font0"/><SP WIDTH="18" VPOS="2255" HPOS="622"/><String ID="p158_w352" CONTENT="alphabet." HPOS="640" VPOS="2255" WIDTH="162" HEIGHT="75" STYLEREFS="font0"/><SP WIDTH="47" VPOS="2255" HPOS="802"/><String ID="p158_w353" CONTENT="Thus" HPOS="849" VPOS="2255" WIDTH="97" HEIGHT="75" STYLEREFS="font0"/><SP WIDTH="17" VPOS="2255" HPOS="946"/><String ID="p158_w354" CONTENT="we" HPOS="963" VPOS="2255" WIDTH="48" HEIGHT="75" STYLEREFS="font0"/><SP WIDTH="19" VPOS="2255" HPOS="1011"/><String ID="p158_w355" CONTENT="fay," HPOS="1030" VPOS="2255" WIDTH="68" HEIGHT="75" STYLEREFS="font0"/><SP WIDTH="24" VPOS="2255" HPOS="1098"/><String ID="p158_w356" CONTENT="al-" HPOS="1122" VPOS="2255" WIDTH="46" HEIGHT="75" STYLEREFS="font0"/></TextLine><TextLine WIDTH="552" HEIGHT="75" ID="p158_t45" HPOS="184" VPOS="2302"><String ID="p158_w357" CONTENT="phabetical" HPOS="184" VPOS="2302" WIDTH="181" HEIGHT="75" STYLEREFS="font0"/><SP WIDTH="17" VPOS="2302" HPOS="365"/><String ID="p158_w358" CONTENT="order," HPOS="382" VPOS="2302" WIDTH="107" HEIGHT="75" STYLEREFS="font0"/><SP WIDTH="18" VPOS="2302" HPOS="489"/><String ID="p158_w359" CONTENT="method," HPOS="507" VPOS="2302" WIDTH="146" HEIGHT="75" STYLEREFS="font0"/><SP WIDTH="18" VPOS="2302" HPOS="653"/><String ID="p158_w360" CONTENT="Sc." HPOS="671" VPOS="2302" WIDTH="65" HEIGHT="75" STYLEREFS="font0"/></TextLine><TextLine WIDTH="1030" HEIGHT="75" ID="p158_t46" HPOS="139" VPOS="2349"><String ID="p158_w361" CONTENT="ALPHENIC," HPOS="139" VPOS="2349" WIDTH="262" HEIGHT="75" STYLEREFS="font0"/><SP WIDTH="26" VPOS="2349" HPOS="401"/><String ID="p158_w362" CONTENT="a" HPOS="427" VPOS="2349" WIDTH="18" HEIGHT="75" STYLEREFS="font0"/><SP WIDTH="17" VPOS="2349" HPOS="445"/><String ID="p158_w363" CONTENT="name" HPOS="462" VPOS="2349" WIDTH="91" HEIGHT="75" STYLEREFS="font0"/><SP WIDTH="16" VPOS="2349" HPOS="553"/><String ID="p158_w364" CONTENT="fometimes" HPOS="569" VPOS="2349" WIDTH="180" HEIGHT="75" STYLEREFS="font0"/><SP WIDTH="16" VPOS="2349" HPOS="749"/><String ID="p158_w365" CONTENT="ufed" HPOS="765" VPOS="2349" WIDTH="76" HEIGHT="75" STYLEREFS="font0"/><SP WIDTH="23" VPOS="2349" HPOS="841"/><String ID="p158_w366" CONTENT="for" HPOS="864" VPOS="2349" WIDTH="51" HEIGHT="75" STYLEREFS="font0"/><SP WIDTH="15" VPOS="2349" HPOS="915"/><String ID="p158_w367" CONTENT="white" HPOS="930" VPOS="2349" WIDTH="98" HEIGHT="75" STYLEREFS="font0"/><SP WIDTH="15" VPOS="2349" HPOS="1028"/><String ID="p158_w368" CONTENT="barley-" HPOS="1043" VPOS="2349" WIDTH="126" HEIGHT="75" STYLEREFS="font0"/></TextLine><TextLine WIDTH="429" HEIGHT="75" ID="p158_t47" HPOS="185" VPOS="2395"><String ID="p158_w369" CONTENT="fugar," HPOS="185" VPOS="2395" WIDTH="106" HEIGHT="75" STYLEREFS="font0"/><SP WIDTH="23" VPOS="2395" HPOS="291"/><String ID="p158_w370" CONTENT="or" HPOS="314" VPOS="2395" WIDTH="37" HEIGHT="75" STYLEREFS="font0"/><SP WIDTH="19" VPOS="2395" HPOS="351"/><String ID="p158_w371" CONTENT="twided" HPOS="370" VPOS="2395" WIDTH="125" HEIGHT="75" STYLEREFS="font0"/><SP WIDTH="15" VPOS="2395" HPOS="495"/><String ID="p158_w372" CONTENT="fugar." HPOS="510" VPOS="2395" WIDTH="104" HEIGHT="75" STYLEREFS="font0"/></TextLine><TextLine WIDTH="1031" HEIGHT="75" ID="p158_t48" HPOS="139" VPOS="2442"><String ID="p158_w373" CONTENT="ALPHESERA," HPOS="139" VPOS="2442" WIDTH="304" HEIGHT="75" STYLEREFS="font0"/><SP WIDTH="17" VPOS="2442" HPOS="443"/><String ID="p158_w374" CONTENT="in" HPOS="460" VPOS="2442" WIDTH="33" HEIGHT="75" STYLEREFS="font0"/><SP WIDTH="15" VPOS="2442" HPOS="493"/><String ID="p158_w375" CONTENT="botany," HPOS="508" VPOS="2442" WIDTH="134" HEIGHT="75" STYLEREFS="font0"/><SP WIDTH="14" VPOS="2442" HPOS="642"/><String ID="p158_w376" CONTENT="an" HPOS="656" VPOS="2442" WIDTH="40" HEIGHT="75" STYLEREFS="font0"/><SP WIDTH="16" VPOS="2442" HPOS="696"/><String ID="p158_w377" CONTENT="obfolete" HPOS="712" VPOS="2442" WIDTH="141" HEIGHT="75" STYLEREFS="font0"/><SP WIDTH="15" VPOS="2442" HPOS="853"/><String ID="p158_w378" CONTENT="name" HPOS="868" VPOS="2442" WIDTH="92" HEIGHT="75" STYLEREFS="font0"/><SP WIDTH="12" VPOS="2442" HPOS="960"/><String ID="p158_w379" CONTENT="of" HPOS="972" VPOS="2442" WIDTH="40" HEIGHT="75" STYLEREFS="font0"/><SP WIDTH="12" VPOS="2442" HPOS="1012"/><String ID="p158_w380" CONTENT="a" HPOS="1024" VPOS="2442" WIDTH="18" HEIGHT="75" STYLEREFS="font0"/><SP WIDTH="11" VPOS="2442" HPOS="1042"/><String ID="p158_w381" CONTENT="fpecies" HPOS="1053" VPOS="2442" WIDTH="117" HEIGHT="75" STYLEREFS="font0"/></TextLine><TextLine WIDTH="522" HEIGHT="75" ID="p158_t49" HPOS="188" VPOS="2488"><String ID="p158_w382" CONTENT="ofbryonia." HPOS="188" VPOS="2488" WIDTH="197" HEIGHT="75" STYLEREFS="font0"/><SP WIDTH="51" VPOS="2488" HPOS="385"/><String ID="p158_w383" CONTENT="See" HPOS="436" VPOS="2488" WIDTH="61" HEIGHT="75" STYLEREFS="font0"/><SP WIDTH="16" VPOS="2488" HPOS="497"/><String ID="p158_w384" CONTENT="Bryonia-." HPOS="513" VPOS="2488" WIDTH="197" HEIGHT="75" STYLEREFS="font0"/></TextLine><TextLine WIDTH="1033" HEIGHT="75" ID="p158_t50" HPOS="139" VPOS="2537"><String ID="p158_w385" CONTENT="ALPHESTES," HPOS="139" VPOS="2537" WIDTH="298" HEIGHT="75" STYLEREFS="font0"/><SP WIDTH="27" VPOS="2537" HPOS="437"/><String ID="p158_w386" CONTENT="in" HPOS="464" VPOS="2537" WIDTH="33" HEIGHT="75" STYLEREFS="font0"/><SP WIDTH="16" VPOS="2537" HPOS="497"/><String ID="p158_w387" CONTENT="ichthyology," HPOS="513" VPOS="2537" WIDTH="223" HEIGHT="75" STYLEREFS="font0"/><SP WIDTH="28" VPOS="2537" HPOS="736"/><String ID="p158_w388" CONTENT="an" HPOS="764" VPOS="2537" WIDTH="38" HEIGHT="75" STYLEREFS="font0"/><SP WIDTH="23" VPOS="2537" HPOS="802"/><String ID="p158_w389" CONTENT="obfolete" HPOS="825" VPOS="2537" WIDTH="142" HEIGHT="75" STYLEREFS="font0"/><SP WIDTH="16" VPOS="2537" HPOS="967"/><String ID="p158_w390" CONTENT="name" HPOS="983" VPOS="2537" WIDTH="91" HEIGHT="75" STYLEREFS="font0"/><SP WIDTH="17" VPOS="2537" HPOS="1074"/><String ID="p158_w391" CONTENT="of" HPOS="1091" VPOS="2537" WIDTH="39" HEIGHT="75" STYLEREFS="font0"/><SP WIDTH="23" VPOS="2537" HPOS="1130"/><String ID="p158_w392" CONTENT="a" HPOS="1153" VPOS="2537" WIDTH="19" HEIGHT="75" STYLEREFS="font0"/></TextLine><TextLine WIDTH="607" HEIGHT="75" ID="p158_t51" HPOS="189" VPOS="2585"><String ID="p158_w393" CONTENT="fpecies" HPOS="189" VPOS="2585" WIDTH="117" HEIGHT="75" STYLEREFS="font0"/><SP WIDTH="17" VPOS="2585" HPOS="306"/><String ID="p158_w394" CONTENT="cfiabrus." HPOS="323" VPOS="2585" WIDTH="171" HEIGHT="75" STYLEREFS="font0"/><SP WIDTH="50" VPOS="2585" HPOS="494"/><String ID="p158_w395" CONTENT="See" HPOS="544" VPOS="2585" WIDTH="62" HEIGHT="75" STYLEREFS="font0"/><SP WIDTH="19" VPOS="2585" HPOS="606"/><String ID="p158_w396" CONTENT="Lasrus." HPOS="625" VPOS="2585" WIDTH="171" HEIGHT="75" STYLEREFS="font0"/></TextLine><TextLine WIDTH="1030" HEIGHT="75" ID="p158_t52" HPOS="140" VPOS="2629"><String ID="p158_w397" CONTENT="ALPHETA," HPOS="140" VPOS="2629" WIDTH="245" HEIGHT="75" STYLEREFS="font0"/><SP WIDTH="16" VPOS="2629" HPOS="385"/><String ID="p158_w398" CONTENT="in" HPOS="401" VPOS="2629" WIDTH="33" HEIGHT="75" STYLEREFS="font0"/><SP WIDTH="17" VPOS="2629" HPOS="434"/><String ID="p158_w399" CONTENT="affronotny," HPOS="451" VPOS="2629" WIDTH="191" HEIGHT="75" STYLEREFS="font0"/><SP WIDTH="10" VPOS="2629" HPOS="642"/><String ID="p158_w400" CONTENT="the" HPOS="652" VPOS="2629" WIDTH="55" HEIGHT="75" STYLEREFS="font0"/><SP WIDTH="16" VPOS="2629" HPOS="707"/><String ID="p158_w401" CONTENT="fame" HPOS="723" VPOS="2629" WIDTH="83" HEIGHT="75" STYLEREFS="font0"/><SP WIDTH="16" VPOS="2629" HPOS="806"/><String ID="p158_w402" CONTENT="withlucida" HPOS="822" VPOS="2629" WIDTH="196" HEIGHT="75" STYLEREFS="font0"/><SP WIDTH="15" VPOS="2629" HPOS="1018"/><String ID="p158_w403" CONTENT="coronas." HPOS="1033" VPOS="2629" WIDTH="137" HEIGHT="75" STYLEREFS="font0"/></TextLine><TextLine WIDTH="446" HEIGHT="75" ID="p158_t53" HPOS="191" VPOS="2677"><String ID="p158_w404" CONTENT="See" HPOS="191" VPOS="2677" WIDTH="61" HEIGHT="75" STYLEREFS="font0"/><SP WIDTH="17" VPOS="2677" HPOS="252"/><String ID="p158_w405" CONTENT="Lucida" HPOS="269" VPOS="2677" WIDTH="157" HEIGHT="75" STYLEREFS="font0"/><SP WIDTH="18" VPOS="2677" HPOS="426"/><String ID="p158_w406" CONTENT="Coron.e." HPOS="444" VPOS="2677" WIDTH="193" HEIGHT="75" STYLEREFS="font0"/></TextLine><TextLine WIDTH="1031" HEIGHT="75" ID="p158_t54" HPOS="141" VPOS="2722"><String ID="p158_w407" CONTENT="ALPHITIDION," HPOS="141" VPOS="2722" WIDTH="342" HEIGHT="75" STYLEREFS="font0"/><SP WIDTH="27" VPOS="2722" HPOS="483"/><String ID="p158_w408" CONTENT="a" HPOS="510" VPOS="2722" WIDTH="18" HEIGHT="75" STYLEREFS="font0"/><SP WIDTH="24" VPOS="2722" HPOS="528"/><String ID="p158_w409" CONTENT="term" HPOS="552" VPOS="2722" WIDTH="83" HEIGHT="75" STYLEREFS="font0"/><SP WIDTH="28" VPOS="2722" HPOS="635"/><String ID="p158_w410" CONTENT="for" HPOS="663" VPOS="2722" WIDTH="53" HEIGHT="75" STYLEREFS="font0"/><SP WIDTH="15" VPOS="2722" HPOS="716"/><String ID="p158_w411" CONTENT="a" HPOS="731" VPOS="2722" WIDTH="19" HEIGHT="75" STYLEREFS="font0"/><SP WIDTH="25" VPOS="2722" HPOS="750"/><String ID="p158_w412" CONTENT="fradture," HPOS="775" VPOS="2722" WIDTH="151" HEIGHT="75" STYLEREFS="font0"/><SP WIDTH="24" VPOS="2722" HPOS="926"/><String ID="p158_w413" CONTENT="wherein" HPOS="950" VPOS="2722" WIDTH="140" HEIGHT="75" STYLEREFS="font0"/><SP WIDTH="26" VPOS="2722" HPOS="1090"/><String ID="p158_w414" CONTENT="the" HPOS="1116" VPOS="2722" WIDTH="56" HEIGHT="75" STYLEREFS="font0"/></TextLine><TextLine WIDTH="486" HEIGHT="75" ID="p158_t55" HPOS="189" VPOS="2770"><String ID="p158_w415" CONTENT="bone" HPOS="189" VPOS="2770" WIDTH="83" HEIGHT="75" STYLEREFS="font0"/><SP WIDTH="15" VPOS="2770" HPOS="272"/><String ID="p158_w416" CONTENT="is" HPOS="287" VPOS="2770" WIDTH="26" HEIGHT="75" STYLEREFS="font0"/><SP WIDTH="17" VPOS="2770" HPOS="313"/><String ID="p158_w417" CONTENT="crufhed" HPOS="330" VPOS="2770" WIDTH="132" HEIGHT="75" STYLEREFS="font0"/><SP WIDTH="15" VPOS="2770" HPOS="462"/><String ID="p158_w418" CONTENT="to" HPOS="477" VPOS="2770" WIDTH="35" HEIGHT="75" STYLEREFS="font0"/><SP WIDTH="15" VPOS="2770" HPOS="512"/><String ID="p158_w419" CONTENT="pieces." HPOS="527" VPOS="2770" WIDTH="117" HEIGHT="75" STYLEREFS="font0"/><SP WIDTH="26" VPOS="2770" HPOS="644"/><String ID="p158_w420" CONTENT="." HPOS="670" VPOS="2770" WIDTH="5" HEIGHT="75" STYLEREFS="font0"/></TextLine><TextLine WIDTH="1029" HEIGHT="75" ID="p158_t56" HPOS="143" VPOS="2814"><String ID="p158_w421" CONTENT="ALPHITOMANCY," HPOS="143" VPOS="2814" WIDTH="408" HEIGHT="75" STYLEREFS="font0"/><SP WIDTH="31" VPOS="2814" HPOS="551"/><String ID="p158_w422" CONTENT="a" HPOS="582" VPOS="2814" WIDTH="17" HEIGHT="75" STYLEREFS="font0"/><SP WIDTH="30" VPOS="2814" HPOS="599"/><String ID="p158_w423" CONTENT="fpecies" HPOS="629" VPOS="2814" WIDTH="119" HEIGHT="75" STYLEREFS="font0"/><SP WIDTH="35" VPOS="2814" HPOS="748"/><String ID="p158_w424" CONTENT="of" HPOS="783" VPOS="2814" WIDTH="40" HEIGHT="75" STYLEREFS="font0"/><SP WIDTH="21" VPOS="2814" HPOS="823"/><String ID="p158_w425" CONTENT="divination," HPOS="844" VPOS="2814" WIDTH="189" HEIGHT="75" STYLEREFS="font0"/><SP WIDTH="30" VPOS="2814" HPOS="1033"/><String ID="p158_w426" CONTENT="other-" HPOS="1063" VPOS="2814" WIDTH="109" HEIGHT="75" STYLEREFS="font0"/></TextLine><TextLine WIDTH="888" HEIGHT="75" ID="p158_t57" HPOS="190" VPOS="2863"><String ID="p158_w427" CONTENT="wife" HPOS="190" VPOS="2863" WIDTH="73" HEIGHT="75" STYLEREFS="font0"/><SP WIDTH="17" VPOS="2863" HPOS="263"/><String ID="p158_w428" CONTENT="called" HPOS="280" VPOS="2863" WIDTH="102" HEIGHT="75" STYLEREFS="font0"/><SP WIDTH="17" VPOS="2863" HPOS="382"/><String ID="p158_w429" CONTENT="aleuromancy." HPOS="399" VPOS="2863" WIDTH="234" HEIGHT="75" STYLEREFS="font0"/><SP WIDTH="51" VPOS="2863" HPOS="633"/><String ID="p158_w430" CONTENT="See" HPOS="684" VPOS="2863" WIDTH="61" HEIGHT="75" STYLEREFS="font0"/><SP WIDTH="18" VPOS="2863" HPOS="745"/><String ID="p158_w431" CONTENT="Aleuromancy." HPOS="763" VPOS="2863" WIDTH="315" HEIGHT="75" STYLEREFS="font0"/></TextLine><TextLine WIDTH="1028" HEIGHT="75" ID="p158_t58" HPOS="144" VPOS="2910"><String ID="p158_w432" CONTENT="ALPKONSIN," HPOS="144" VPOS="2910" WIDTH="294" HEIGHT="75" STYLEREFS="font0"/><SP WIDTH="25" VPOS="2910" HPOS="438"/><String ID="p158_w433" CONTENT="in" HPOS="463" VPOS="2910" WIDTH="32" HEIGHT="75" STYLEREFS="font0"/><SP WIDTH="10" VPOS="2910" HPOS="495"/><String ID="p158_w434" CONTENT="forgery," HPOS="505" VPOS="2910" WIDTH="149" HEIGHT="75" STYLEREFS="font0"/><SP WIDTH="29" VPOS="2910" HPOS="654"/><String ID="p158_w435" CONTENT="an" HPOS="683" VPOS="2910" WIDTH="39" HEIGHT="75" STYLEREFS="font0"/><SP WIDTH="27" VPOS="2910" HPOS="722"/><String ID="p158_w436" CONTENT="indrument" HPOS="749" VPOS="2910" WIDTH="185" HEIGHT="75" STYLEREFS="font0"/><SP WIDTH="21" VPOS="2910" HPOS="934"/><String ID="p158_w437" CONTENT="ufed" HPOS="955" VPOS="2910" WIDTH="77" HEIGHT="75" STYLEREFS="font0"/><SP WIDTH="26" VPOS="2910" HPOS="1032"/><String ID="p158_w438" CONTENT="in" HPOS="1058" VPOS="2910" WIDTH="33" HEIGHT="75" STYLEREFS="font0"/><SP WIDTH="23" VPOS="2910" HPOS="1091"/><String ID="p158_w439" CONTENT="ex-" HPOS="1114" VPOS="2910" WIDTH="58" HEIGHT="75" STYLEREFS="font0"/></TextLine><TextLine WIDTH="980" HEIGHT="75" ID="p158_t59" HPOS="191" VPOS="2955"><String ID="p158_w440" CONTENT="tracting" HPOS="191" VPOS="2955" WIDTH="133" HEIGHT="75" STYLEREFS="font0"/><SP WIDTH="15" VPOS="2955" HPOS="324"/><String ID="p158_w441" CONTENT="bullets,in" HPOS="339" VPOS="2955" WIDTH="173" HEIGHT="75" STYLEREFS="font0"/><SP WIDTH="16" VPOS="2955" HPOS="512"/><String ID="p158_w442" CONTENT="gun-lhot-wouhds." HPOS="528" VPOS="2955" WIDTH="312" HEIGHT="75" STYLEREFS="font0"/><SP WIDTH="50" VPOS="2955" HPOS="840"/><String ID="p158_w443" CONTENT="See" HPOS="890" VPOS="2955" WIDTH="63" HEIGHT="75" STYLEREFS="font0"/><SP WIDTH="17" VPOS="2955" HPOS="953"/><String ID="p158_w444" CONTENT="Surgery," HPOS="970" VPOS="2955" WIDTH="201" HEIGHT="75" STYLEREFS="font0"/></TextLine><TextLine WIDTH="379" HEIGHT="75" ID="p158_t60" HPOS="192" VPOS="3003"><String ID="p158_w445" CONTENT="Of" HPOS="192" VPOS="3003" WIDTH="53" HEIGHT="75" STYLEREFS="font0"/><SP WIDTH="6" VPOS="3003" HPOS="245"/><String ID="p158_w446" CONTENT="Gtin-JJoot" HPOS="251" VPOS="3003" WIDTH="161" HEIGHT="75" STYLEREFS="font0"/><SP WIDTH="14" VPOS="3003" HPOS="412"/><String ID="p158_w447" CONTENT="wounds." HPOS="426" VPOS="3003" WIDTH="145" HEIGHT="75" STYLEREFS="font0"/></TextLine><TextLine WIDTH="1029" HEIGHT="75" ID="p158_t61" HPOS="142" VPOS="3049"><String ID="p158_w448" CONTENT="ALPHONSINE" HPOS="142" VPOS="3049" WIDTH="314" HEIGHT="75" STYLEREFS="font0"/><SP WIDTH="16" VPOS="3049" HPOS="456"/><String ID="p158_w449" CONTENT="TABLES," HPOS="472" VPOS="3049" WIDTH="205" HEIGHT="75" STYLEREFS="font0"/><SP WIDTH="33" VPOS="3049" HPOS="677"/><String ID="p158_w450" CONTENT="adronomical" HPOS="710" VPOS="3049" WIDTH="219" HEIGHT="75" STYLEREFS="font0"/><SP WIDTH="31" VPOS="3049" HPOS="929"/><String ID="p158_w451" CONTENT="tables," HPOS="960" VPOS="3049" WIDTH="114" HEIGHT="75" STYLEREFS="font0"/><SP WIDTH="33" VPOS="3049" HPOS="1074"/><String ID="p158_w452" CONTENT="cal-" HPOS="1107" VPOS="3049" WIDTH="64" HEIGHT="75" STYLEREFS="font0"/></TextLine><TextLine WIDTH="20" HEIGHT="75" ID="p158_t62" HPOS="1297" VPOS="162"><String ID="p158_w453" CONTENT=")" HPOS="1297" VPOS="162" WIDTH="20" HEIGHT="75" STYLEREFS="font0"/></TextLine><TextLine WIDTH="221" HEIGHT="75" ID="p158_t63" HPOS="1634" VPOS="162"><String ID="p158_w454" CONTENT="A" HPOS="1634" VPOS="162" WIDTH="43" HEIGHT="75" STYLEREFS="font0"/><SP WIDTH="59" VPOS="162" HPOS="1677"/><String ID="p158_w455" CONTENT="L" HPOS="1736" VPOS="162" WIDTH="35" HEIGHT="75" STYLEREFS="font0"/><SP WIDTH="56" VPOS="162" HPOS="1771"/><String ID="p158_w456" CONTENT="S" HPOS="1827" VPOS="162" WIDTH="28" HEIGHT="75" STYLEREFS="font0"/></TextLine><TextLine WIDTH="986" HEIGHT="75" ID="p158_t64" HPOS="1259" VPOS="225"><String ID="p158_w457" CONTENT="culated" HPOS="1259" VPOS="225" WIDTH="127" HEIGHT="75" STYLEREFS="font0"/><SP WIDTH="16" VPOS="225" HPOS="1386"/><String ID="p158_w458" CONTENT="by" HPOS="1402" VPOS="225" WIDTH="44" HEIGHT="75" STYLEREFS="font0"/><SP WIDTH="16" VPOS="225" HPOS="1446"/><String ID="p158_w459" CONTENT="order" HPOS="1462" VPOS="225" WIDTH="96" HEIGHT="75" STYLEREFS="font0"/><SP WIDTH="16" VPOS="225" HPOS="1558"/><String ID="p158_w460" CONTENT="of" HPOS="1574" VPOS="225" WIDTH="40" HEIGHT="75" STYLEREFS="font0"/><SP WIDTH="10" VPOS="225" HPOS="1614"/><String ID="p158_w461" CONTENT="Alphonfus" HPOS="1624" VPOS="225" WIDTH="185" HEIGHT="75" STYLEREFS="font0"/><SP WIDTH="16" VPOS="225" HPOS="1809"/><String ID="p158_w462" CONTENT="king" HPOS="1825" VPOS="225" WIDTH="80" HEIGHT="75" STYLEREFS="font0"/><SP WIDTH="21" VPOS="225" HPOS="1905"/><String ID="p158_w463" CONTENT="of" HPOS="1926" VPOS="225" WIDTH="41" HEIGHT="75" STYLEREFS="font0"/><SP WIDTH="25" VPOS="225" HPOS="1967"/><String ID="p158_w464" CONTENT="Cadile," HPOS="1992" VPOS="225" WIDTH="132" HEIGHT="75" STYLEREFS="font0"/><SP WIDTH="16" VPOS="225" HPOS="2124"/><String ID="p158_w465" CONTENT="in" HPOS="2140" VPOS="225" WIDTH="33" HEIGHT="75" STYLEREFS="font0"/><SP WIDTH="17" VPOS="225" HPOS="2173"/><String ID="p158_w466" CONTENT="the" HPOS="2190" VPOS="225" WIDTH="55" HEIGHT="75" STYLEREFS="font0"/></TextLine><TextLine WIDTH="987" HEIGHT="75" ID="p158_t65" HPOS="1258" VPOS="272"><String ID="p158_w467" CONTENT="condruCtion" HPOS="1258" VPOS="272" WIDTH="210" HEIGHT="75" STYLEREFS="font0"/><SP WIDTH="17" VPOS="272" HPOS="1468"/><String ID="p158_w468" CONTENT="of" HPOS="1485" VPOS="272" WIDTH="41" HEIGHT="75" STYLEREFS="font0"/><SP WIDTH="16" VPOS="272" HPOS="1526"/><String ID="p158_w469" CONTENT="which" HPOS="1542" VPOS="272" WIDTH="106" HEIGHT="75" STYLEREFS="font0"/><SP WIDTH="17" VPOS="272" HPOS="1648"/><String ID="p158_w470" CONTENT="that" HPOS="1665" VPOS="272" WIDTH="71" HEIGHT="75" STYLEREFS="font0"/><SP WIDTH="24" VPOS="272" HPOS="1736"/><String ID="p158_w471" CONTENT="prince" HPOS="1760" VPOS="272" WIDTH="108" HEIGHT="75" STYLEREFS="font0"/><SP WIDTH="15" VPOS="272" HPOS="1868"/><String ID="p158_w472" CONTENT="is" HPOS="1883" VPOS="272" WIDTH="27" HEIGHT="75" STYLEREFS="font0"/><SP WIDTH="16" VPOS="272" HPOS="1910"/><String ID="p158_w473" CONTENT="fuppofcd" HPOS="1926" VPOS="272" WIDTH="156" HEIGHT="75" STYLEREFS="font0"/><SP WIDTH="23" VPOS="272" HPOS="2082"/><String ID="p158_w474" CONTENT="to" HPOS="2105" VPOS="272" WIDTH="35" HEIGHT="75" STYLEREFS="font0"/><SP WIDTH="23" VPOS="272" HPOS="2140"/><String ID="p158_w475" CONTENT="have" HPOS="2163" VPOS="272" WIDTH="82" HEIGHT="75" STYLEREFS="font0"/></TextLine><TextLine WIDTH="506" HEIGHT="75" ID="p158_t66" HPOS="1259" VPOS="318"><String ID="p158_w476" CONTENT="contributed" HPOS="1259" VPOS="318" WIDTH="203" HEIGHT="75" STYLEREFS="font0"/><SP WIDTH="24" VPOS="318" HPOS="1462"/><String ID="p158_w477" CONTENT="his" HPOS="1486" VPOS="318" WIDTH="49" HEIGHT="75" STYLEREFS="font0"/><SP WIDTH="17" VPOS="318" HPOS="1535"/><String ID="p158_w478" CONTENT="own" HPOS="1552" VPOS="318" WIDTH="72" HEIGHT="75" STYLEREFS="font0"/><SP WIDTH="16" VPOS="318" HPOS="1624"/><String ID="p158_w479" CONTENT="labour." HPOS="1640" VPOS="318" WIDTH="125" HEIGHT="75" STYLEREFS="font0"/></TextLine><TextLine WIDTH="1033" HEIGHT="75" ID="p158_t67" HPOS="1211" VPOS="366"><String ID="p158_w480" CONTENT="ALPHOS," HPOS="1211" VPOS="366" WIDTH="204" HEIGHT="75" STYLEREFS="font0"/><SP WIDTH="18" VPOS="366" HPOS="1415"/><String ID="p158_w481" CONTENT="among" HPOS="1433" VPOS="366" WIDTH="117" HEIGHT="75" STYLEREFS="font0"/><SP WIDTH="10" VPOS="366" HPOS="1550"/><String ID="p158_w482" CONTENT="phyficians," HPOS="1560" VPOS="366" WIDTH="189" HEIGHT="75" STYLEREFS="font0"/><SP WIDTH="17" VPOS="366" HPOS="1749"/><String ID="p158_w483" CONTENT="adifeafe" HPOS="1766" VPOS="366" WIDTH="146" HEIGHT="75" STYLEREFS="font0"/><SP WIDTH="12" VPOS="366" HPOS="1912"/><String ID="p158_w484" CONTENT="of" HPOS="1924" VPOS="366" WIDTH="40" HEIGHT="75" STYLEREFS="font0"/><SP WIDTH="11" VPOS="366" HPOS="1964"/><String ID="p158_w485" CONTENT="the" HPOS="1975" VPOS="366" WIDTH="55" HEIGHT="75" STYLEREFS="font0"/><SP WIDTH="15" VPOS="366" HPOS="2030"/><String ID="p158_w486" CONTENT="fkin," HPOS="2045" VPOS="366" WIDTH="79" HEIGHT="75" STYLEREFS="font0"/><SP WIDTH="14" VPOS="366" HPOS="2124"/><String ID="p158_w487" CONTENT="which" HPOS="2138" VPOS="366" WIDTH="106" HEIGHT="75" STYLEREFS="font0"/></TextLine><TextLine WIDTH="748" HEIGHT="75" ID="p158_t68" HPOS="1258" VPOS="413"><String ID="p158_w488" CONTENT="is" HPOS="1258" VPOS="413" WIDTH="26" HEIGHT="75" STYLEREFS="font0"/><SP WIDTH="18" VPOS="413" HPOS="1284"/><String ID="p158_w489" CONTENT="rough," HPOS="1302" VPOS="413" WIDTH="115" HEIGHT="75" STYLEREFS="font0"/><SP WIDTH="19" VPOS="413" HPOS="1417"/><String ID="p158_w490" CONTENT="and" HPOS="1436" VPOS="413" WIDTH="62" HEIGHT="75" STYLEREFS="font0"/><SP WIDTH="15" VPOS="413" HPOS="1498"/><String ID="p158_w491" CONTENT="Iprinkled" HPOS="1513" VPOS="413" WIDTH="163" HEIGHT="75" STYLEREFS="font0"/><SP WIDTH="15" VPOS="413" HPOS="1676"/><String ID="p158_w492" CONTENT="with" HPOS="1691" VPOS="413" WIDTH="79" HEIGHT="75" STYLEREFS="font0"/><SP WIDTH="24" VPOS="413" HPOS="1770"/><String ID="p158_w493" CONTENT="white" HPOS="1794" VPOS="413" WIDTH="97" HEIGHT="75" STYLEREFS="font0"/><SP WIDTH="17" VPOS="413" HPOS="1891"/><String ID="p158_w494" CONTENT="fpots." HPOS="1908" VPOS="413" WIDTH="98" HEIGHT="75" STYLEREFS="font0"/></TextLine><TextLine WIDTH="1032" HEIGHT="75" ID="p158_t69" HPOS="1210" VPOS="461"><String ID="p158_w495" CONTENT="ALPINE," HPOS="1210" VPOS="461" WIDTH="195" HEIGHT="75" STYLEREFS="font0"/><SP WIDTH="18" VPOS="461" HPOS="1405"/><String ID="p158_w496" CONTENT="fomething" HPOS="1423" VPOS="461" WIDTH="178" HEIGHT="75" STYLEREFS="font0"/><SP WIDTH="17" VPOS="461" HPOS="1601"/><String ID="p158_w497" CONTENT="belonging" HPOS="1618" VPOS="461" WIDTH="174" HEIGHT="75" STYLEREFS="font0"/><SP WIDTH="16" VPOS="461" HPOS="1792"/><String ID="p158_w498" CONTENT="to" HPOS="1808" VPOS="461" WIDTH="35" HEIGHT="75" STYLEREFS="font0"/><SP WIDTH="13" VPOS="461" HPOS="1843"/><String ID="p158_w499" CONTENT="the" HPOS="1856" VPOS="461" WIDTH="56" HEIGHT="75" STYLEREFS="font0"/><SP WIDTH="15" VPOS="461" HPOS="1912"/><String ID="p158_w500" CONTENT="Alps." HPOS="1927" VPOS="461" WIDTH="97" HEIGHT="75" STYLEREFS="font0"/><SP WIDTH="25" VPOS="461" HPOS="2024"/><String ID="p158_w501" CONTENT="See" HPOS="2049" VPOS="461" WIDTH="61" HEIGHT="75" STYLEREFS="font0"/><SP WIDTH="12" VPOS="461" HPOS="2110"/><String ID="p158_w502" CONTENT="Alps." HPOS="2122" VPOS="461" WIDTH="120" HEIGHT="75" STYLEREFS="font0"/></TextLine><TextLine WIDTH="1051" HEIGHT="75" ID="p158_t70" HPOS="1213" VPOS="507"><String ID="p158_w503" CONTENT="ALPINIA," HPOS="1213" VPOS="507" WIDTH="213" HEIGHT="75" STYLEREFS="font0"/><SP WIDTH="18" VPOS="507" HPOS="1426"/><String ID="p158_w504" CONTENT="in" HPOS="1444" VPOS="507" WIDTH="32" HEIGHT="75" STYLEREFS="font0"/><SP WIDTH="19" VPOS="507" HPOS="1476"/><String ID="p158_w505" CONTENT="botany," HPOS="1495" VPOS="507" WIDTH="130" HEIGHT="75" STYLEREFS="font0"/><SP WIDTH="21" VPOS="507" HPOS="1625"/><String ID="p158_w506" CONTENT="a" HPOS="1646" VPOS="507" WIDTH="19" HEIGHT="75" STYLEREFS="font0"/><SP WIDTH="15" VPOS="507" HPOS="1665"/><String ID="p158_w507" CONTENT="genus" HPOS="1680" VPOS="507" WIDTH="99" HEIGHT="75" STYLEREFS="font0"/><SP WIDTH="16" VPOS="507" HPOS="1779"/><String ID="p158_w508" CONTENT="of" HPOS="1795" VPOS="507" WIDTH="41" HEIGHT="75" STYLEREFS="font0"/><SP WIDTH="22" VPOS="507" HPOS="1836"/><String ID="p158_w509" CONTENT="the" HPOS="1858" VPOS="507" WIDTH="55" HEIGHT="75" STYLEREFS="font0"/><SP WIDTH="17" VPOS="507" HPOS="1913"/><String ID="p158_w510" CONTENT="monandria" HPOS="1930" VPOS="507" WIDTH="187" HEIGHT="75" STYLEREFS="font0"/><SP WIDTH="15" VPOS="507" HPOS="2117"/><String ID="p158_w511" CONTENT="mono-*" HPOS="2132" VPOS="507" WIDTH="132" HEIGHT="75" STYLEREFS="font0"/></TextLine><TextLine WIDTH="987" HEIGHT="75" ID="p158_t71" HPOS="1259" VPOS="554"><String ID="p158_w512" CONTENT="gynia" HPOS="1259" VPOS="554" WIDTH="96" HEIGHT="75" STYLEREFS="font0"/><SP WIDTH="15" VPOS="554" HPOS="1355"/><String ID="p158_w513" CONTENT="clafs," HPOS="1370" VPOS="554" WIDTH="93" HEIGHT="75" STYLEREFS="font0"/><SP WIDTH="25" VPOS="554" HPOS="1463"/><String ID="p158_w514" CONTENT="of" HPOS="1488" VPOS="554" WIDTH="41" HEIGHT="75" STYLEREFS="font0"/><SP WIDTH="22" VPOS="554" HPOS="1529"/><String ID="p158_w515" CONTENT="which" HPOS="1551" VPOS="554" WIDTH="106" HEIGHT="75" STYLEREFS="font0"/><SP WIDTH="17" VPOS="554" HPOS="1657"/><String ID="p158_w516" CONTENT="there" HPOS="1674" VPOS="554" WIDTH="91" HEIGHT="75" STYLEREFS="font0"/><SP WIDTH="25" VPOS="554" HPOS="1765"/><String ID="p158_w517" CONTENT="is" HPOS="1790" VPOS="554" WIDTH="27" HEIGHT="75" STYLEREFS="font0"/><SP WIDTH="21" VPOS="554" HPOS="1817"/><String ID="p158_w518" CONTENT="but" HPOS="1838" VPOS="554" WIDTH="57" HEIGHT="75" STYLEREFS="font0"/><SP WIDTH="16" VPOS="554" HPOS="1895"/><String ID="p158_w519" CONTENT="one" HPOS="1911" VPOS="554" WIDTH="60" HEIGHT="75" STYLEREFS="font0"/><SP WIDTH="17" VPOS="554" HPOS="1971"/><String ID="p158_w520" CONTENT="fpecies." HPOS="1988" VPOS="554" WIDTH="132" HEIGHT="75" STYLEREFS="font0"/><SP WIDTH="48" VPOS="554" HPOS="2120"/><String ID="p158_w521" CONTENT="The" HPOS="2168" VPOS="554" WIDTH="78" HEIGHT="75" STYLEREFS="font0"/></TextLine><TextLine WIDTH="987" HEIGHT="75" ID="p158_t72" HPOS="1259" VPOS="600"><String ID="p158_w522" CONTENT="flower" HPOS="1259" VPOS="600" WIDTH="111" HEIGHT="75" STYLEREFS="font0"/><SP WIDTH="15" VPOS="600" HPOS="1370"/><String ID="p158_w523" CONTENT="is" HPOS="1385" VPOS="600" WIDTH="29" HEIGHT="75" STYLEREFS="font0"/><SP WIDTH="15" VPOS="600" HPOS="1414"/><String ID="p158_w524" CONTENT="tubulous," HPOS="1429" VPOS="600" WIDTH="165" HEIGHT="75" STYLEREFS="font0"/><SP WIDTH="17" VPOS="600" HPOS="1594"/><String ID="p158_w525" CONTENT="and" HPOS="1611" VPOS="600" WIDTH="63" HEIGHT="75" STYLEREFS="font0"/><SP WIDTH="15" VPOS="600" HPOS="1674"/><String ID="p158_w526" CONTENT="divided" HPOS="1689" VPOS="600" WIDTH="131" HEIGHT="75" STYLEREFS="font0"/><SP WIDTH="14" VPOS="600" HPOS="1820"/><String ID="p158_w527" CONTENT="into" HPOS="1834" VPOS="600" WIDTH="69" HEIGHT="75" STYLEREFS="font0"/><SP WIDTH="17" VPOS="600" HPOS="1903"/><String ID="p158_w528" CONTENT="fix" HPOS="1920" VPOS="600" WIDTH="45" HEIGHT="75" STYLEREFS="font0"/><SP WIDTH="16" VPOS="600" HPOS="1965"/><String ID="p158_w529" CONTENT="legments" HPOS="1981" VPOS="600" WIDTH="157" HEIGHT="75" STYLEREFS="font0"/><SP WIDTH="15" VPOS="600" HPOS="2138"/><String ID="p158_w530" CONTENT=";" HPOS="2153" VPOS="600" WIDTH="10" HEIGHT="75" STYLEREFS="font0"/><SP WIDTH="27" VPOS="600" HPOS="2163"/><String ID="p158_w531" CONTENT="the" HPOS="2190" VPOS="600" WIDTH="56" HEIGHT="75" STYLEREFS="font0"/></TextLine><TextLine WIDTH="984" HEIGHT="75" ID="p158_t73" HPOS="1261" VPOS="648"><String ID="p158_w532" CONTENT="capiule," HPOS="1261" VPOS="648" WIDTH="135" HEIGHT="75" STYLEREFS="font0"/><SP WIDTH="26" VPOS="648" HPOS="1396"/><String ID="p158_w533" CONTENT="which" HPOS="1422" VPOS="648" WIDTH="107" HEIGHT="75" STYLEREFS="font0"/><SP WIDTH="28" VPOS="648" HPOS="1529"/><String ID="p158_w534" CONTENT="becomes" HPOS="1557" VPOS="648" WIDTH="146" HEIGHT="75" STYLEREFS="font0"/><SP WIDTH="23" VPOS="648" HPOS="1703"/><String ID="p158_w535" CONTENT="a" HPOS="1726" VPOS="648" WIDTH="19" HEIGHT="75" STYLEREFS="font0"/><SP WIDTH="15" VPOS="648" HPOS="1745"/><String ID="p158_w536" CONTENT="fruit," HPOS="1760" VPOS="648" WIDTH="93" HEIGHT="75" STYLEREFS="font0"/><SP WIDTH="26" VPOS="648" HPOS="1853"/><String ID="p158_w537" CONTENT="is" HPOS="1879" VPOS="648" WIDTH="27" HEIGHT="75" STYLEREFS="font0"/><SP WIDTH="17" VPOS="648" HPOS="1906"/><String ID="p158_w538" CONTENT="divided" HPOS="1923" VPOS="648" WIDTH="131" HEIGHT="75" STYLEREFS="font0"/><SP WIDTH="15" VPOS="648" HPOS="2054"/><String ID="p158_w539" CONTENT="into" HPOS="2069" VPOS="648" WIDTH="70" HEIGHT="75" STYLEREFS="font0"/><SP WIDTH="15" VPOS="648" HPOS="2139"/><String ID="p158_w540" CONTENT="three" HPOS="2154" VPOS="648" WIDTH="91" HEIGHT="75" STYLEREFS="font0"/></TextLine><TextLine WIDTH="992" HEIGHT="75" ID="p158_t74" HPOS="1260" VPOS="695"><String ID="p158_w541" CONTENT="cells," HPOS="1260" VPOS="695" WIDTH="89" HEIGHT="75" STYLEREFS="font0"/><SP WIDTH="34" VPOS="695" HPOS="1349"/><String ID="p158_w542" CONTENT="each" HPOS="1383" VPOS="695" WIDTH="79" HEIGHT="75" STYLEREFS="font0"/><SP WIDTH="28" VPOS="695" HPOS="1462"/><String ID="p158_w543" CONTENT="containing" HPOS="1490" VPOS="695" WIDTH="184" HEIGHT="75" STYLEREFS="font0"/><SP WIDTH="26" VPOS="695" HPOS="1674"/><String ID="p158_w544" CONTENT="one" HPOS="1700" VPOS="695" WIDTH="61" HEIGHT="75" STYLEREFS="font0"/><SP WIDTH="28" VPOS="695" HPOS="1761"/><String ID="p158_w545" CONTENT="feed." HPOS="1789" VPOS="695" WIDTH="85" HEIGHT="75" STYLEREFS="font0"/><SP WIDTH="49" VPOS="695" HPOS="1874"/><String ID="p158_w546" CONTENT="It" HPOS="1923" VPOS="695" WIDTH="33" HEIGHT="75" STYLEREFS="font0"/><SP WIDTH="27" VPOS="695" HPOS="1956"/><String ID="p158_w547" CONTENT="is" HPOS="1983" VPOS="695" WIDTH="26" HEIGHT="75" STYLEREFS="font0"/><SP WIDTH="25" VPOS="695" HPOS="2009"/><String ID="p158_w548" CONTENT="a" HPOS="2034" VPOS="695" WIDTH="20" HEIGHT="75" STYLEREFS="font0"/><SP WIDTH="25" VPOS="695" HPOS="2054"/><String ID="p158_w549" CONTENT="native" HPOS="2079" VPOS="695" WIDTH="104" HEIGHT="75" STYLEREFS="font0"/><SP WIDTH="27" VPOS="695" HPOS="2183"/><String ID="p158_w550" CONTENT="of" HPOS="2210" VPOS="695" WIDTH="42" HEIGHT="75" STYLEREFS="font0"/></TextLine><TextLine WIDTH="164" HEIGHT="75" ID="p158_t75" HPOS="1259" VPOS="742"><String ID="p158_w551" CONTENT="America." HPOS="1259" VPOS="742" WIDTH="164" HEIGHT="75" STYLEREFS="font0"/></TextLine><TextLine WIDTH="1035" HEIGHT="75" ID="p158_t76" HPOS="1212" VPOS="789"><String ID="p158_w552" CONTENT="ALPS," HPOS="1212" VPOS="789" WIDTH="134" HEIGHT="75" STYLEREFS="font0"/><SP WIDTH="18" VPOS="789" HPOS="1346"/><String ID="p158_w553" CONTENT="a" HPOS="1364" VPOS="789" WIDTH="19" HEIGHT="75" STYLEREFS="font0"/><SP WIDTH="16" VPOS="789" HPOS="1383"/><String ID="p158_w554" CONTENT="chain" HPOS="1399" VPOS="789" WIDTH="92" HEIGHT="75" STYLEREFS="font0"/><SP WIDTH="18" VPOS="789" HPOS="1491"/><String ID="p158_w555" CONTENT="of" HPOS="1509" VPOS="789" WIDTH="40" HEIGHT="75" STYLEREFS="font0"/><SP WIDTH="22" VPOS="789" HPOS="1549"/><String ID="p158_w556" CONTENT="exceeding" HPOS="1571" VPOS="789" WIDTH="176" HEIGHT="75" STYLEREFS="font0"/><SP WIDTH="17" VPOS="789" HPOS="1747"/><String ID="p158_w557" CONTENT="high" HPOS="1764" VPOS="789" WIDTH="77" HEIGHT="75" STYLEREFS="font0"/><SP WIDTH="16" VPOS="789" HPOS="1841"/><String ID="p158_w558" CONTENT="mountains," HPOS="1857" VPOS="789" WIDTH="194" HEIGHT="75" STYLEREFS="font0"/><SP WIDTH="16" VPOS="789" HPOS="2051"/><String ID="p158_w559" CONTENT="feparating" HPOS="2067" VPOS="789" WIDTH="180" HEIGHT="75" STYLEREFS="font0"/></TextLine><TextLine WIDTH="601" HEIGHT="75" ID="p158_t77" HPOS="1259" VPOS="835"><String ID="p158_w560" CONTENT="Italy" HPOS="1259" VPOS="835" WIDTH="85" HEIGHT="75" STYLEREFS="font0"/><SP WIDTH="17" VPOS="835" HPOS="1344"/><String ID="p158_w561" CONTENT="from" HPOS="1361" VPOS="835" WIDTH="87" HEIGHT="75" STYLEREFS="font0"/><SP WIDTH="12" VPOS="835" HPOS="1448"/><String ID="p158_w562" CONTENT="France" HPOS="1460" VPOS="835" WIDTH="123" HEIGHT="75" STYLEREFS="font0"/><SP WIDTH="18" VPOS="835" HPOS="1583"/><String ID="p158_w563" CONTENT="and" HPOS="1601" VPOS="835" WIDTH="62" HEIGHT="75" STYLEREFS="font0"/><SP WIDTH="16" VPOS="835" HPOS="1663"/><String ID="p158_w564" CONTENT="Germany." HPOS="1679" VPOS="835" WIDTH="181" HEIGHT="75" STYLEREFS="font0"/></TextLine><TextLine WIDTH="1033" HEIGHT="75" ID="p158_t78" HPOS="1212" VPOS="883"><String ID="p158_w565" CONTENT="ALQUIER," HPOS="1212" VPOS="883" WIDTH="235" HEIGHT="75" STYLEREFS="font0"/><SP WIDTH="19" VPOS="883" HPOS="1447"/><String ID="p158_w566" CONTENT="a" HPOS="1466" VPOS="883" WIDTH="19" HEIGHT="75" STYLEREFS="font0"/><SP WIDTH="14" VPOS="883" HPOS="1485"/><String ID="p158_w567" CONTENT="liquid" HPOS="1499" VPOS="883" WIDTH="103" HEIGHT="75" STYLEREFS="font0"/><SP WIDTH="17" VPOS="883" HPOS="1602"/><String ID="p158_w568" CONTENT="meafure," HPOS="1619" VPOS="883" WIDTH="154" HEIGHT="75" STYLEREFS="font0"/><SP WIDTH="21" VPOS="883" HPOS="1773"/><String ID="p158_w569" CONTENT="uled" HPOS="1794" VPOS="883" WIDTH="78" HEIGHT="75" STYLEREFS="font0"/><SP WIDTH="15" VPOS="883" HPOS="1872"/><String ID="p158_w570" CONTENT="in" HPOS="1887" VPOS="883" WIDTH="32" HEIGHT="75" STYLEREFS="font0"/><SP WIDTH="17" VPOS="883" HPOS="1919"/><String ID="p158_w571" CONTENT="Portugal" HPOS="1936" VPOS="883" WIDTH="154" HEIGHT="75" STYLEREFS="font0"/><SP WIDTH="17" VPOS="883" HPOS="2090"/><String ID="p158_w572" CONTENT="to" HPOS="2107" VPOS="883" WIDTH="36" HEIGHT="75" STYLEREFS="font0"/><SP WIDTH="16" VPOS="883" HPOS="2143"/><String ID="p158_w573" CONTENT="mea-" HPOS="2159" VPOS="883" WIDTH="86" HEIGHT="75" STYLEREFS="font0"/></TextLine><TextLine WIDTH="986" HEIGHT="75" ID="p158_t79" HPOS="1259" VPOS="930"><String ID="p158_w574" CONTENT="fure" HPOS="1259" VPOS="930" WIDTH="70" HEIGHT="75" STYLEREFS="font0"/><SP WIDTH="24" VPOS="930" HPOS="1329"/><String ID="p158_w575" CONTENT="oil," HPOS="1353" VPOS="930" WIDTH="57" HEIGHT="75" STYLEREFS="font0"/><SP WIDTH="29" VPOS="930" HPOS="1410"/><String ID="p158_w576" CONTENT="two" HPOS="1439" VPOS="930" WIDTH="66" HEIGHT="75" STYLEREFS="font0"/><SP WIDTH="17" VPOS="930" HPOS="1505"/><String ID="p158_w577" CONTENT="of" HPOS="1522" VPOS="930" WIDTH="40" HEIGHT="75" STYLEREFS="font0"/><SP WIDTH="27" VPOS="930" HPOS="1562"/><String ID="p158_w578" CONTENT="which" HPOS="1589" VPOS="930" WIDTH="106" HEIGHT="75" STYLEREFS="font0"/><SP WIDTH="23" VPOS="930" HPOS="1695"/><String ID="p158_w579" CONTENT="make" HPOS="1718" VPOS="930" WIDTH="94" HEIGHT="75" STYLEREFS="font0"/><SP WIDTH="21" VPOS="930" HPOS="1812"/><String ID="p158_w580" CONTENT="an" HPOS="1833" VPOS="930" WIDTH="39" HEIGHT="75" STYLEREFS="font0"/><SP WIDTH="28" VPOS="930" HPOS="1872"/><String ID="p158_w581" CONTENT="almond." HPOS="1900" VPOS="930" WIDTH="142" HEIGHT="75" STYLEREFS="font0"/><SP WIDTH="50" VPOS="930" HPOS="2042"/><String ID="p158_w582" CONTENT="See" HPOS="2092" VPOS="930" WIDTH="63" HEIGHT="75" STYLEREFS="font0"/><SP WIDTH="15" VPOS="930" HPOS="2155"/><String ID="p158_w583" CONTENT="Al-" HPOS="2170" VPOS="930" WIDTH="75" HEIGHT="75" STYLEREFS="font0"/></TextLine><TextLine WIDTH="124" HEIGHT="75" ID="p158_t80" HPOS="1262" VPOS="977"><String ID="p158_w584" CONTENT="mond." HPOS="1262" VPOS="977" WIDTH="124" HEIGHT="75" STYLEREFS="font0"/></TextLine><TextLine WIDTH="1035" HEIGHT="75" ID="p158_t81" HPOS="1211" VPOS="1025"><String ID="p158_w585" CONTENT="ALRAMECH," HPOS="1211" VPOS="1025" WIDTH="292" HEIGHT="75" STYLEREFS="font0"/><SP WIDTH="17" VPOS="1025" HPOS="1503"/><String ID="p158_w586" CONTENT="in" HPOS="1520" VPOS="1025" WIDTH="32" HEIGHT="75" STYLEREFS="font0"/><SP WIDTH="17" VPOS="1025" HPOS="1552"/><String ID="p158_w587" CONTENT="adronomy," HPOS="1569" VPOS="1025" WIDTH="193" HEIGHT="75" STYLEREFS="font0"/><SP WIDTH="18" VPOS="1025" HPOS="1762"/><String ID="p158_w588" CONTENT="the" HPOS="1780" VPOS="1025" WIDTH="56" HEIGHT="75" STYLEREFS="font0"/><SP WIDTH="24" VPOS="1025" HPOS="1836"/><String ID="p158_w589" CONTENT="name" HPOS="1860" VPOS="1025" WIDTH="91" HEIGHT="75" STYLEREFS="font0"/><SP WIDTH="17" VPOS="1025" HPOS="1951"/><String ID="p158_w590" CONTENT="of" HPOS="1968" VPOS="1025" WIDTH="41" HEIGHT="75" STYLEREFS="font0"/><SP WIDTH="19" VPOS="1025" HPOS="2009"/><String ID="p158_w591" CONTENT="a" HPOS="2028" VPOS="1025" WIDTH="18" HEIGHT="75" STYLEREFS="font0"/><SP WIDTH="16" VPOS="1025" HPOS="2046"/><String ID="p158_w592" CONTENT="dar" HPOS="2062" VPOS="1025" WIDTH="62" HEIGHT="75" STYLEREFS="font0"/><SP WIDTH="15" VPOS="1025" HPOS="2124"/><String ID="p158_w593" CONTENT="of" HPOS="2139" VPOS="1025" WIDTH="41" HEIGHT="75" STYLEREFS="font0"/><SP WIDTH="11" VPOS="1025" HPOS="2180"/><String ID="p158_w594" CONTENT="the" HPOS="2191" VPOS="1025" WIDTH="55" HEIGHT="75" STYLEREFS="font0"/></TextLine><TextLine WIDTH="986" HEIGHT="75" ID="p158_t82" HPOS="1259" VPOS="1071"><String ID="p158_w595" CONTENT="fird" HPOS="1259" VPOS="1071" WIDTH="63" HEIGHT="75" STYLEREFS="font0"/><SP WIDTH="17" VPOS="1071" HPOS="1322"/><String ID="p158_w596" CONTENT="magnitude," HPOS="1339" VPOS="1071" WIDTH="197" HEIGHT="75" STYLEREFS="font0"/><SP WIDTH="18" VPOS="1071" HPOS="1536"/><String ID="p158_w597" CONTENT="otherwiie" HPOS="1554" VPOS="1071" WIDTH="169" HEIGHT="75" STYLEREFS="font0"/><SP WIDTH="15" VPOS="1071" HPOS="1723"/><String ID="p158_w598" CONTENT="called" HPOS="1738" VPOS="1071" WIDTH="106" HEIGHT="75" STYLEREFS="font0"/><SP WIDTH="17" VPOS="1071" HPOS="1844"/><String ID="p158_w599" CONTENT="arCturus." HPOS="1861" VPOS="1071" WIDTH="155" HEIGHT="75" STYLEREFS="font0"/><SP WIDTH="51" VPOS="1071" HPOS="2016"/><String ID="p158_w600" CONTENT="See" HPOS="2067" VPOS="1071" WIDTH="61" HEIGHT="75" STYLEREFS="font0"/><SP WIDTH="15" VPOS="1071" HPOS="2128"/><String ID="p158_w601" CONTENT="Arc-" HPOS="2143" VPOS="1071" WIDTH="102" HEIGHT="75" STYLEREFS="font0"/></TextLine><TextLine WIDTH="523" HEIGHT="75" ID="p158_t83" HPOS="1262" VPOS="1118"><String ID="p158_w602" CONTENT="turus," HPOS="1262" VPOS="1118" WIDTH="142" HEIGHT="75" STYLEREFS="font0"/><SP WIDTH="26" VPOS="1118" HPOS="1404"/><String ID="p158_w603" CONTENT="and" HPOS="1430" VPOS="1118" WIDTH="63" HEIGHT="75" STYLEREFS="font0"/><SP WIDTH="21" VPOS="1118" HPOS="1493"/><String ID="p158_w604" CONTENT="Astronomy." HPOS="1514" VPOS="1118" WIDTH="271" HEIGHT="75" STYLEREFS="font0"/></TextLine><TextLine WIDTH="1034" HEIGHT="75" ID="p158_t84" HPOS="1211" VPOS="1166"><String ID="p158_w605" CONTENT="ALRUM," HPOS="1211" VPOS="1166" WIDTH="193" HEIGHT="75" STYLEREFS="font0"/><SP WIDTH="26" VPOS="1166" HPOS="1404"/><String ID="p158_w606" CONTENT="in" HPOS="1430" VPOS="1166" WIDTH="32" HEIGHT="75" STYLEREFS="font0"/><SP WIDTH="16" VPOS="1166" HPOS="1462"/><String ID="p158_w607" CONTENT="botany," HPOS="1478" VPOS="1166" WIDTH="134" HEIGHT="75" STYLEREFS="font0"/><SP WIDTH="18" VPOS="1166" HPOS="1612"/><String ID="p158_w608" CONTENT="an" HPOS="1630" VPOS="1166" WIDTH="39" HEIGHT="75" STYLEREFS="font0"/><SP WIDTH="16" VPOS="1166" HPOS="1669"/><String ID="p158_w609" CONTENT="obfolete" HPOS="1685" VPOS="1166" WIDTH="143" HEIGHT="75" STYLEREFS="font0"/><SP WIDTH="17" VPOS="1166" HPOS="1828"/><String ID="p158_w610" CONTENT="name" HPOS="1845" VPOS="1166" WIDTH="90" HEIGHT="75" STYLEREFS="font0"/><SP WIDTH="20" VPOS="1166" HPOS="1935"/><String ID="p158_w611" CONTENT="of" HPOS="1955" VPOS="1166" WIDTH="40" HEIGHT="75" STYLEREFS="font0"/><SP WIDTH="10" VPOS="1166" HPOS="1995"/><String ID="p158_w612" CONTENT="the" HPOS="2005" VPOS="1166" WIDTH="55" HEIGHT="75" STYLEREFS="font0"/><SP WIDTH="16" VPOS="1166" HPOS="2060"/><String ID="p158_w613" CONTENT="tree" HPOS="2076" VPOS="1166" WIDTH="68" HEIGHT="75" STYLEREFS="font0"/><SP WIDTH="15" VPOS="1166" HPOS="2144"/><String ID="p158_w614" CONTENT="from" HPOS="2159" VPOS="1166" WIDTH="86" HEIGHT="75" STYLEREFS="font0"/></TextLine><TextLine WIDTH="985" HEIGHT="75" ID="p158_t85" HPOS="1259" VPOS="1214"><String ID="p158_w615" CONTENT="which" HPOS="1259" VPOS="1214" WIDTH="106" HEIGHT="75" STYLEREFS="font0"/><SP WIDTH="17" VPOS="1214" HPOS="1365"/><String ID="p158_w616" CONTENT="the" HPOS="1382" VPOS="1214" WIDTH="56" HEIGHT="75" STYLEREFS="font0"/><SP WIDTH="14" VPOS="1214" HPOS="1438"/><String ID="p158_w617" CONTENT="gum" HPOS="1452" VPOS="1214" WIDTH="75" HEIGHT="75" STYLEREFS="font0"/><SP WIDTH="13" VPOS="1214" HPOS="1527"/><String ID="p158_w618" CONTENT="bdellium" HPOS="1540" VPOS="1214" WIDTH="154" HEIGHT="75" STYLEREFS="font0"/><SP WIDTH="11" VPOS="1214" HPOS="1694"/><String ID="p158_w619" CONTENT="is" HPOS="1705" VPOS="1214" WIDTH="26" HEIGHT="75" STYLEREFS="font0"/><SP WIDTH="13" VPOS="1214" HPOS="1731"/><String ID="p158_w620" CONTENT="procured." HPOS="1744" VPOS="1214" WIDTH="170" HEIGHT="75" STYLEREFS="font0"/><SP WIDTH="30" VPOS="1214" HPOS="1914"/><String ID="p158_w621" CONTENT="SeeBoELLiuM." HPOS="1944" VPOS="1214" WIDTH="300" HEIGHT="75" STYLEREFS="font0"/></TextLine><TextLine WIDTH="1032" HEIGHT="75" ID="p158_t86" HPOS="1212" VPOS="1260"><String ID="p158_w622" CONTENT="ALSACE," HPOS="1212" VPOS="1260" WIDTH="204" HEIGHT="75" STYLEREFS="font0"/><SP WIDTH="11" VPOS="1260" HPOS="1416"/><String ID="p158_w623" CONTENT="a" HPOS="1427" VPOS="1260" WIDTH="18" HEIGHT="75" STYLEREFS="font0"/><SP WIDTH="9" VPOS="1260" HPOS="1445"/><String ID="p158_w624" CONTENT="province" HPOS="1454" VPOS="1260" WIDTH="148" HEIGHT="75" STYLEREFS="font0"/><SP WIDTH="7" VPOS="1260" HPOS="1602"/><String ID="p158_w625" CONTENT="formerly" HPOS="1609" VPOS="1260" WIDTH="155" HEIGHT="75" STYLEREFS="font0"/><SP WIDTH="10" VPOS="1260" HPOS="1764"/><String ID="p158_w626" CONTENT="belonging" HPOS="1774" VPOS="1260" WIDTH="171" HEIGHT="75" STYLEREFS="font0"/><SP WIDTH="10" VPOS="1260" HPOS="1945"/><String ID="p158_w627" CONTENT="to" HPOS="1955" VPOS="1260" WIDTH="35" HEIGHT="75" STYLEREFS="font0"/><SP WIDTH="8" VPOS="1260" HPOS="1990"/><String ID="p158_w628" CONTENT="Germany," HPOS="1998" VPOS="1260" WIDTH="179" HEIGHT="75" STYLEREFS="font0"/><SP WIDTH="10" VPOS="1260" HPOS="2177"/><String ID="p158_w629" CONTENT="but" HPOS="2187" VPOS="1260" WIDTH="57" HEIGHT="75" STYLEREFS="font0"/></TextLine><TextLine WIDTH="986" HEIGHT="75" ID="p158_t87" HPOS="1260" VPOS="1305"><String ID="p158_w630" CONTENT="aimed" HPOS="1260" VPOS="1305" WIDTH="110" HEIGHT="75" STYLEREFS="font0"/><SP WIDTH="16" VPOS="1305" HPOS="1370"/><String ID="p158_w631" CONTENT="entirely" HPOS="1386" VPOS="1305" WIDTH="135" HEIGHT="75" STYLEREFS="font0"/><SP WIDTH="16" VPOS="1305" HPOS="1521"/><String ID="p158_w632" CONTENT="ceded" HPOS="1537" VPOS="1305" WIDTH="101" HEIGHT="75" STYLEREFS="font0"/><SP WIDTH="16" VPOS="1305" HPOS="1638"/><String ID="p158_w633" CONTENT="to" HPOS="1654" VPOS="1305" WIDTH="34" HEIGHT="75" STYLEREFS="font0"/><SP WIDTH="18" VPOS="1305" HPOS="1688"/><String ID="p158_w634" CONTENT="France-by" HPOS="1706" VPOS="1305" WIDTH="180" HEIGHT="75" STYLEREFS="font0"/><SP WIDTH="17" VPOS="1305" HPOS="1886"/><String ID="p158_w635" CONTENT="the" HPOS="1903" VPOS="1305" WIDTH="55" HEIGHT="75" STYLEREFS="font0"/><SP WIDTH="17" VPOS="1305" HPOS="1958"/><String ID="p158_w636" CONTENT="peace" HPOS="1975" VPOS="1305" WIDTH="96" HEIGHT="75" STYLEREFS="font0"/><SP WIDTH="15" VPOS="1305" HPOS="2071"/><String ID="p158_w637" CONTENT="of" HPOS="2086" VPOS="1305" WIDTH="39" HEIGHT="75" STYLEREFS="font0"/><SP WIDTH="20" VPOS="1305" HPOS="2125"/><String ID="p158_w638" CONTENT="blun-" HPOS="2145" VPOS="1305" WIDTH="101" HEIGHT="75" STYLEREFS="font0"/></TextLine><TextLine WIDTH="985" HEIGHT="75" ID="p158_t88" HPOS="1260" VPOS="1351"><String ID="p158_w639" CONTENT="der" HPOS="1260" VPOS="1351" WIDTH="61" HEIGHT="75" STYLEREFS="font0"/><SP WIDTH="13" VPOS="1351" HPOS="1321"/><String ID="p158_w640" CONTENT=";" HPOS="1334" VPOS="1351" WIDTH="9" HEIGHT="75" STYLEREFS="font0"/><SP WIDTH="27" VPOS="1351" HPOS="1343"/><String ID="p158_w641" CONTENT="is" HPOS="1370" VPOS="1351" WIDTH="26" HEIGHT="75" STYLEREFS="font0"/><SP WIDTH="17" VPOS="1351" HPOS="1396"/><String ID="p158_w642" CONTENT="fituated" HPOS="1413" VPOS="1351" WIDTH="136" HEIGHT="75" STYLEREFS="font0"/><SP WIDTH="16" VPOS="1351" HPOS="1549"/><String ID="p158_w643" CONTENT="between" HPOS="1565" VPOS="1351" WIDTH="144" HEIGHT="75" STYLEREFS="font0"/><SP WIDTH="17" VPOS="1351" HPOS="1709"/><String ID="p158_w644" CONTENT="the" HPOS="1726" VPOS="1351" WIDTH="55" HEIGHT="75" STYLEREFS="font0"/><SP WIDTH="17" VPOS="1351" HPOS="1781"/><String ID="p158_w645" CONTENT="river" HPOS="1798" VPOS="1351" WIDTH="85" HEIGHT="75" STYLEREFS="font0"/><SP WIDTH="26" VPOS="1351" HPOS="1883"/><String ID="p158_w646" CONTENT="Rhine" HPOS="1909" VPOS="1351" WIDTH="108" HEIGHT="75" STYLEREFS="font0"/><SP WIDTH="16" VPOS="1351" HPOS="2017"/><String ID="p158_w647" CONTENT="on" HPOS="2033" VPOS="1351" WIDTH="40" HEIGHT="75" STYLEREFS="font0"/><SP WIDTH="24" VPOS="1351" HPOS="2073"/><String ID="p158_w648" CONTENT="the" HPOS="2097" VPOS="1351" WIDTH="55" HEIGHT="75" STYLEREFS="font0"/><SP WIDTH="17" VPOS="1351" HPOS="2152"/><String ID="p158_w649" CONTENT="ead," HPOS="2169" VPOS="1351" WIDTH="76" HEIGHT="75" STYLEREFS="font0"/></TextLine><TextLine WIDTH="981" HEIGHT="75" ID="p158_t89" HPOS="1261" VPOS="1399"><String ID="p158_w650" CONTENT="and" HPOS="1261" VPOS="1399" WIDTH="62" HEIGHT="75" STYLEREFS="font0"/><SP WIDTH="15" VPOS="1399" HPOS="1323"/><String ID="p158_w651" CONTENT="Lorrain" HPOS="1338" VPOS="1399" WIDTH="140" HEIGHT="75" STYLEREFS="font0"/><SP WIDTH="17" VPOS="1399" HPOS="1478"/><String ID="p158_w652" CONTENT="on" HPOS="1495" VPOS="1399" WIDTH="41" HEIGHT="75" STYLEREFS="font0"/><SP WIDTH="23" VPOS="1399" HPOS="1536"/><String ID="p158_w653" CONTENT="the" HPOS="1559" VPOS="1399" WIDTH="56" HEIGHT="75" STYLEREFS="font0"/><SP WIDTH="17" VPOS="1399" HPOS="1615"/><String ID="p158_w654" CONTENT="wed," HPOS="1632" VPOS="1399" WIDTH="86" HEIGHT="75" STYLEREFS="font0"/><SP WIDTH="36" VPOS="1399" HPOS="1718"/><String ID="p158_w655" CONTENT="Switzerland" HPOS="1754" VPOS="1399" WIDTH="215" HEIGHT="75" STYLEREFS="font0"/><SP WIDTH="23" VPOS="1399" HPOS="1969"/><String ID="p158_w656" CONTENT="on" HPOS="1992" VPOS="1399" WIDTH="40" HEIGHT="75" STYLEREFS="font0"/><SP WIDTH="25" VPOS="1399" HPOS="2032"/><String ID="p158_w657" CONTENT="the" HPOS="2057" VPOS="1399" WIDTH="54" HEIGHT="75" STYLEREFS="font0"/><SP WIDTH="24" VPOS="1399" HPOS="2111"/><String ID="p158_w658" CONTENT="iouth," HPOS="2135" VPOS="1399" WIDTH="107" HEIGHT="75" STYLEREFS="font0"/></TextLine><TextLine WIDTH="827" HEIGHT="75" ID="p158_t90" HPOS="1265" VPOS="1446"><String ID="p158_w659" CONTENT="and" HPOS="1265" VPOS="1446" WIDTH="61" HEIGHT="75" STYLEREFS="font0"/><SP WIDTH="16" VPOS="1446" HPOS="1326"/><String ID="p158_w660" CONTENT="the" HPOS="1342" VPOS="1446" WIDTH="55" HEIGHT="75" STYLEREFS="font0"/><SP WIDTH="17" VPOS="1446" HPOS="1397"/><String ID="p158_w661" CONTENT="palatinate" HPOS="1414" VPOS="1446" WIDTH="171" HEIGHT="75" STYLEREFS="font0"/><SP WIDTH="17" VPOS="1446" HPOS="1585"/><String ID="p158_w662" CONTENT="of" HPOS="1602" VPOS="1446" WIDTH="40" HEIGHT="75" STYLEREFS="font0"/><SP WIDTH="11" VPOS="1446" HPOS="1642"/><String ID="p158_w663" CONTENT="the" HPOS="1653" VPOS="1446" WIDTH="55" HEIGHT="75" STYLEREFS="font0"/><SP WIDTH="17" VPOS="1446" HPOS="1708"/><String ID="p158_w664" CONTENT="Rhine" HPOS="1725" VPOS="1446" WIDTH="108" HEIGHT="75" STYLEREFS="font0"/><SP WIDTH="16" VPOS="1446" HPOS="1833"/><String ID="p158_w665" CONTENT="on" HPOS="1849" VPOS="1446" WIDTH="41" HEIGHT="75" STYLEREFS="font0"/><SP WIDTH="18" VPOS="1446" HPOS="1890"/><String ID="p158_w666" CONTENT="the" HPOS="1908" VPOS="1446" WIDTH="54" HEIGHT="75" STYLEREFS="font0"/><SP WIDTH="12" VPOS="1446" HPOS="1962"/><String ID="p158_w667" CONTENT="north.'" HPOS="1974" VPOS="1446" WIDTH="118" HEIGHT="75" STYLEREFS="font0"/></TextLine><TextLine WIDTH="1032" HEIGHT="75" ID="p158_t91" HPOS="1213" VPOS="1494"><String ID="p158_w668" CONTENT="ALSADAF," HPOS="1213" VPOS="1494" WIDTH="241" HEIGHT="75" STYLEREFS="font0"/><SP WIDTH="19" VPOS="1494" HPOS="1454"/><String ID="p158_w669" CONTENT="in" HPOS="1473" VPOS="1494" WIDTH="33" HEIGHT="75" STYLEREFS="font0"/><SP WIDTH="12" VPOS="1494" HPOS="1506"/><String ID="p158_w670" CONTENT="materia'" HPOS="1518" VPOS="1494" WIDTH="142" HEIGHT="75" STYLEREFS="font0"/><String ID="p158_w671" CONTENT="jnedica," HPOS="1660" VPOS="1494" WIDTH="141" HEIGHT="75" STYLEREFS="font0"/><SP WIDTH="18" VPOS="1494" HPOS="1801"/><String ID="p158_w672" CONTENT="an" HPOS="1819" VPOS="1494" WIDTH="41" HEIGHT="75" STYLEREFS="font0"/><SP WIDTH="14" VPOS="1494" HPOS="1860"/><String ID="p158_w673" CONTENT="obfolete" HPOS="1874" VPOS="1494" WIDTH="142" HEIGHT="75" STYLEREFS="font0"/><SP WIDTH="15" VPOS="1494" HPOS="2016"/><String ID="p158_w674" CONTENT="name" HPOS="2031" VPOS="1494" WIDTH="92" HEIGHT="75" STYLEREFS="font0"/><SP WIDTH="16" VPOS="1494" HPOS="2123"/><String ID="p158_w675" CONTENT="of" HPOS="2139" VPOS="1494" WIDTH="41" HEIGHT="75" STYLEREFS="font0"/><SP WIDTH="10" VPOS="1494" HPOS="2180"/><String ID="p158_w676" CONTENT="the" HPOS="2190" VPOS="1494" WIDTH="55" HEIGHT="75" STYLEREFS="font0"/></TextLine><TextLine WIDTH="595" HEIGHT="75" ID="p158_t92" HPOS="1260" VPOS="1540"><String ID="p158_w677" CONTENT="unguis" HPOS="1260" VPOS="1540" WIDTH="113" HEIGHT="75" STYLEREFS="font0"/><SP WIDTH="17" VPOS="1540" HPOS="1373"/><String ID="p158_w678" CONTENT="odoratus." HPOS="1390" VPOS="1540" WIDTH="167" HEIGHT="75" STYLEREFS="font0"/><SP WIDTH="50" VPOS="1540" HPOS="1557"/><String ID="p158_w679" CONTENT="See" HPOS="1607" VPOS="1540" WIDTH="62" HEIGHT="75" STYLEREFS="font0"/><SP WIDTH="15" VPOS="1540" HPOS="1669"/><String ID="p158_w680" CONTENT="Unguis." HPOS="1684" VPOS="1540" WIDTH="171" HEIGHT="75" STYLEREFS="font0"/></TextLine><TextLine WIDTH="1032" HEIGHT="75" ID="p158_t93" HPOS="1213" VPOS="1588"><String ID="p158_w681" CONTENT="ALSAHARATICA," HPOS="1213" VPOS="1588" WIDTH="398" HEIGHT="75" STYLEREFS="font0"/><SP WIDTH="18" VPOS="1588" HPOS="1611"/><String ID="p158_w682" CONTENT="in" HPOS="1629" VPOS="1588" WIDTH="31" HEIGHT="75" STYLEREFS="font0"/><SP WIDTH="17" VPOS="1588" HPOS="1660"/><String ID="p158_w683" CONTENT="botany," HPOS="1677" VPOS="1588" WIDTH="132" HEIGHT="75" STYLEREFS="font0"/><SP WIDTH="18" VPOS="1588" HPOS="1809"/><String ID="p158_w684" CONTENT="an" HPOS="1827" VPOS="1588" WIDTH="39" HEIGHT="75" STYLEREFS="font0"/><SP WIDTH="17" VPOS="1588" HPOS="1866"/><String ID="p158_w685" CONTENT="obfolete" HPOS="1883" VPOS="1588" WIDTH="140" HEIGHT="75" STYLEREFS="font0"/><SP WIDTH="12" VPOS="1588" HPOS="2023"/><String ID="p158_w686" CONTENT="name" HPOS="2035" VPOS="1588" WIDTH="90" HEIGHT="75" STYLEREFS="font0"/><SP WIDTH="16" VPOS="1588" HPOS="2125"/><String ID="p158_w687" CONTENT="of" HPOS="2141" VPOS="1588" WIDTH="41" HEIGHT="75" STYLEREFS="font0"/><SP WIDTH="7" VPOS="1588" HPOS="2182"/><String ID="p158_w688" CONTENT="the" HPOS="2189" VPOS="1588" WIDTH="56" HEIGHT="75" STYLEREFS="font0"/></TextLine><TextLine WIDTH="622" HEIGHT="75" ID="p158_t94" HPOS="1262" VPOS="1635"><String ID="p158_w689" CONTENT="parthenium." HPOS="1262" VPOS="1635" WIDTH="212" HEIGHT="75" STYLEREFS="font0"/><SP WIDTH="51" VPOS="1635" HPOS="1474"/><String ID="p158_w690" CONTENT="See" HPOS="1525" VPOS="1635" WIDTH="62" HEIGHT="75" STYLEREFS="font0"/><SP WIDTH="15" VPOS="1635" HPOS="1587"/><String ID="p158_w691" CONTENT="Partherium." HPOS="1602" VPOS="1635" WIDTH="282" HEIGHT="75" STYLEREFS="font0"/></TextLine><TextLine WIDTH="1037" HEIGHT="75" ID="p158_t95" HPOS="1214" VPOS="1683"><String ID="p158_w692" CONTENT="ALSEN," HPOS="1214" VPOS="1683" WIDTH="174" HEIGHT="75" STYLEREFS="font0"/><SP WIDTH="29" VPOS="1683" HPOS="1388"/><String ID="p158_w693" CONTENT="an" HPOS="1417" VPOS="1683" WIDTH="39" HEIGHT="75" STYLEREFS="font0"/><SP WIDTH="17" VPOS="1683" HPOS="1456"/><String ID="p158_w694" CONTENT="ifland" HPOS="1473" VPOS="1683" WIDTH="97" HEIGHT="75" STYLEREFS="font0"/><SP WIDTH="23" VPOS="1683" HPOS="1570"/><String ID="p158_w695" CONTENT="in" HPOS="1593" VPOS="1683" WIDTH="32" HEIGHT="75" STYLEREFS="font0"/><SP WIDTH="17" VPOS="1683" HPOS="1625"/><String ID="p158_w696" CONTENT="the" HPOS="1642" VPOS="1683" WIDTH="54" HEIGHT="75" STYLEREFS="font0"/><SP WIDTH="16" VPOS="1683" HPOS="1696"/><String ID="p158_w697" CONTENT="lefl’er" HPOS="1712" VPOS="1683" WIDTH="90" HEIGHT="75" STYLEREFS="font0"/><SP WIDTH="16" VPOS="1683" HPOS="1802"/><String ID="p158_w698" CONTENT="belt," HPOS="1818" VPOS="1683" WIDTH="82" HEIGHT="75" STYLEREFS="font0"/><SP WIDTH="17" VPOS="1683" HPOS="1900"/><String ID="p158_w699" CONTENT="at" HPOS="1917" VPOS="1683" WIDTH="33" HEIGHT="75" STYLEREFS="font0"/><SP WIDTH="16" VPOS="1683" HPOS="1950"/><String ID="p158_w700" CONTENT="the" HPOS="1966" VPOS="1683" WIDTH="55" HEIGHT="75" STYLEREFS="font0"/><SP WIDTH="17" VPOS="1683" HPOS="2021"/><String ID="p158_w701" CONTENT="entrance" HPOS="2038" VPOS="1683" WIDTH="149" HEIGHT="75" STYLEREFS="font0"/><SP WIDTH="23" VPOS="1683" HPOS="2187"/><String ID="p158_w702" CONTENT="of" HPOS="2210" VPOS="1683" WIDTH="41" HEIGHT="75" STYLEREFS="font0"/></TextLine><TextLine WIDTH="982" HEIGHT="75" ID="p158_t96" HPOS="1262" VPOS="1728"><String ID="p158_w703" CONTENT="the" HPOS="1262" VPOS="1728" WIDTH="56" HEIGHT="75" STYLEREFS="font0"/><SP WIDTH="14" VPOS="1728" HPOS="1318"/><String ID="p158_w704" CONTENT="Baltic" HPOS="1332" VPOS="1728" WIDTH="108" HEIGHT="75" STYLEREFS="font0"/><SP WIDTH="15" VPOS="1728" HPOS="1440"/><String ID="p158_w705" CONTENT="fea," HPOS="1455" VPOS="1728" WIDTH="63" HEIGHT="75" STYLEREFS="font0"/><SP WIDTH="29" VPOS="1728" HPOS="1518"/><String ID="p158_w706" CONTENT="between" HPOS="1547" VPOS="1728" WIDTH="143" HEIGHT="75" STYLEREFS="font0"/><SP WIDTH="18" VPOS="1728" HPOS="1690"/><String ID="p158_w707" CONTENT="Slefwic" HPOS="1708" VPOS="1728" WIDTH="130" HEIGHT="75" STYLEREFS="font0"/><SP WIDTH="17" VPOS="1728" HPOS="1838"/><String ID="p158_w708" CONTENT="and" HPOS="1855" VPOS="1728" WIDTH="62" HEIGHT="75" STYLEREFS="font0"/><SP WIDTH="27" VPOS="1728" HPOS="1917"/><String ID="p158_w709" CONTENT="Funen." HPOS="1944" VPOS="1728" WIDTH="124" HEIGHT="75" STYLEREFS="font0"/><SP WIDTH="26" VPOS="1728" HPOS="2068"/><String ID="p158_w710" CONTENT="E." HPOS="2094" VPOS="1728" WIDTH="43" HEIGHT="75" STYLEREFS="font0"/><SP WIDTH="17" VPOS="1728" HPOS="2137"/><String ID="p158_w711" CONTENT="long." HPOS="2154" VPOS="1728" WIDTH="90" HEIGHT="75" STYLEREFS="font0"/></TextLine><TextLine WIDTH="462" HEIGHT="75" ID="p158_t97" HPOS="1267" VPOS="1759"><String ID="p158_w712" CONTENT="io°" HPOS="1267" VPOS="1777" WIDTH="58" HEIGHT="75" STYLEREFS="font0"/><SP WIDTH="24" VPOS="1777" HPOS="1325"/><String ID="p158_w713" CONTENT="\2" HPOS="1349" VPOS="1777" WIDTH="39" HEIGHT="75" STYLEREFS="font0"/><SP WIDTH="15" VPOS="1777" HPOS="1388"/><String ID="p158_w714" CONTENT="," HPOS="1403" VPOS="1777" WIDTH="10" HEIGHT="75" STYLEREFS="font0"/><SP WIDTH="18" VPOS="1777" HPOS="1413"/><String ID="p158_w715" CONTENT="N." HPOS="1431" VPOS="1777" WIDTH="48" HEIGHT="75" STYLEREFS="font0"/><SP WIDTH="18" VPOS="1777" HPOS="1479"/><String ID="p158_w716" CONTENT="lat." HPOS="1497" VPOS="1777" WIDTH="60" HEIGHT="75" STYLEREFS="font0"/><SP WIDTH="22" VPOS="1777" HPOS="1557"/><String ID="p158_w717" CONTENT="yj" HPOS="1579" VPOS="1777" WIDTH="40" HEIGHT="75" STYLEREFS="font0"/><String ID="p158_w718" CONTENT="0" HPOS="1619" VPOS="1759" WIDTH="21" HEIGHT="49" STYLEREFS="font1"/><SP WIDTH="24" VPOS="1759" HPOS="1640"/><String ID="p158_w719" CONTENT="i2" HPOS="1664" VPOS="1777" WIDTH="39" HEIGHT="75" STYLEREFS="font0"/><String ID="p158_w720" CONTENT="/" HPOS="1703" VPOS="1759" WIDTH="13" HEIGHT="49" STYLEREFS="font1"/><String ID="p158_w721" CONTENT="." HPOS="1716" VPOS="1777" WIDTH="13" HEIGHT="75" STYLEREFS="font0"/></TextLine><TextLine WIDTH="963" HEIGHT="75" ID="p158_t98" HPOS="1214" VPOS="1823"><String ID="p158_w722" CONTENT="ALSCHARCUR," HPOS="1214" VPOS="1823" WIDTH="345" HEIGHT="75" STYLEREFS="font0"/><SP WIDTH="17" VPOS="1823" HPOS="1559"/><String ID="p158_w723" CONTENT="in" HPOS="1576" VPOS="1823" WIDTH="32" HEIGHT="75" STYLEREFS="font0"/><SP WIDTH="17" VPOS="1823" HPOS="1608"/><String ID="p158_w724" CONTENT="materia" HPOS="1625" VPOS="1823" WIDTH="135" HEIGHT="75" STYLEREFS="font0"/><SP WIDTH="14" VPOS="1823" HPOS="1760"/><String ID="p158_w725" CONTENT="medica." HPOS="1774" VPOS="1823" WIDTH="137" HEIGHT="75" STYLEREFS="font0"/><SP WIDTH="50" VPOS="1823" HPOS="1911"/><String ID="p158_w726" CONTENT="See" HPOS="1961" VPOS="1823" WIDTH="62" HEIGHT="75" STYLEREFS="font0"/><SP WIDTH="18" VPOS="1823" HPOS="2023"/><String ID="p158_w727" CONTENT="Skink." HPOS="2041" VPOS="1823" WIDTH="136" HEIGHT="75" STYLEREFS="font0"/></TextLine><TextLine WIDTH="1028" HEIGHT="75" ID="p158_t99" HPOS="1216" VPOS="1869"><String ID="p158_w728" CONTENT="ALSFIELD," HPOS="1216" VPOS="1869" WIDTH="255" HEIGHT="75" STYLEREFS="font0"/><SP WIDTH="25" VPOS="1869" HPOS="1471"/><String ID="p158_w729" CONTENT="or" HPOS="1496" VPOS="1869" WIDTH="37" HEIGHT="75" STYLEREFS="font0"/><SP WIDTH="16" VPOS="1869" HPOS="1533"/><String ID="p158_w730" CONTENT="Asfield," HPOS="1549" VPOS="1869" WIDTH="187" HEIGHT="75" STYLEREFS="font0"/><SP WIDTH="26" VPOS="1869" HPOS="1736"/><String ID="p158_w731" CONTENT="a" HPOS="1762" VPOS="1869" WIDTH="18" HEIGHT="75" STYLEREFS="font0"/><SP WIDTH="23" VPOS="1869" HPOS="1780"/><String ID="p158_w732" CONTENT="town" HPOS="1803" VPOS="1869" WIDTH="85" HEIGHT="75" STYLEREFS="font0"/><SP WIDTH="18" VPOS="1869" HPOS="1888"/><String ID="p158_w733" CONTENT="of" HPOS="1906" VPOS="1869" WIDTH="40" HEIGHT="75" STYLEREFS="font0"/><SP WIDTH="12" VPOS="1869" HPOS="1946"/><String ID="p158_w734" CONTENT="Heffe" HPOS="1958" VPOS="1869" WIDTH="95" HEIGHT="75" STYLEREFS="font0"/><SP WIDTH="18" VPOS="1869" HPOS="2053"/><String ID="p158_w735" CONTENT="Caflel," HPOS="2071" VPOS="1869" WIDTH="116" HEIGHT="75" STYLEREFS="font0"/><SP WIDTH="24" VPOS="1869" HPOS="2187"/><String ID="p158_w736" CONTENT="in" HPOS="2211" VPOS="1869" WIDTH="33" HEIGHT="75" STYLEREFS="font0"/></TextLine><TextLine WIDTH="821" HEIGHT="75" ID="p158_t100" HPOS="1261" VPOS="1896"><String ID="p158_w737" CONTENT="Germany." HPOS="1261" VPOS="1914" WIDTH="179" HEIGHT="75" STYLEREFS="font0"/><SP WIDTH="24" VPOS="1914" HPOS="1440"/><String ID="p158_w738" CONTENT="E." HPOS="1464" VPOS="1914" WIDTH="45" HEIGHT="75" STYLEREFS="font0"/><SP WIDTH="17" VPOS="1914" HPOS="1509"/><String ID="p158_w739" CONTENT="long." HPOS="1526" VPOS="1914" WIDTH="89" HEIGHT="75" STYLEREFS="font0"/><SP WIDTH="20" VPOS="1914" HPOS="1615"/><String ID="p158_w740" CONTENT="9" HPOS="1635" VPOS="1914" WIDTH="19" HEIGHT="75" STYLEREFS="font0"/><String ID="p158_w741" CONTENT="0" HPOS="1654" VPOS="1896" WIDTH="20" HEIGHT="49" STYLEREFS="font1"/><SP WIDTH="21" VPOS="1896" HPOS="1674"/><String ID="p158_w742" CONTENT="5'" HPOS="1695" VPOS="1914" WIDTH="31" HEIGHT="75" STYLEREFS="font0"/><String ID="p158_w743" CONTENT="." HPOS="1726" VPOS="1914" WIDTH="11" HEIGHT="75" STYLEREFS="font0"/><SP WIDTH="26" VPOS="1914" HPOS="1737"/><String ID="p158_w744" CONTENT="N." HPOS="1763" VPOS="1914" WIDTH="47" HEIGHT="75" STYLEREFS="font0"/><SP WIDTH="17" VPOS="1914" HPOS="1810"/><String ID="p158_w745" CONTENT="lat." HPOS="1827" VPOS="1914" WIDTH="59" HEIGHT="75" STYLEREFS="font0"/><SP WIDTH="16" VPOS="1914" HPOS="1886"/><String ID="p158_w746" CONTENT="50°" HPOS="1902" VPOS="1914" WIDTH="62" HEIGHT="75" STYLEREFS="font0"/><SP WIDTH="18" VPOS="1914" HPOS="1964"/><String ID="p158_w747" CONTENT="40'." HPOS="1982" VPOS="1914" WIDTH="69" HEIGHT="75" STYLEREFS="font0"/><SP WIDTH="21" VPOS="1914" HPOS="2051"/><String ID="p158_w748" CONTENT="‘" HPOS="2072" VPOS="1914" WIDTH="10" HEIGHT="75" STYLEREFS="font0"/></TextLine><TextLine WIDTH="1033" HEIGHT="75" ID="p158_t101" HPOS="1213" VPOS="1962"><String ID="p158_w749" CONTENT="ALSIMBEL," HPOS="1213" VPOS="1962" WIDTH="264" HEIGHT="75" STYLEREFS="font0"/><SP WIDTH="29" VPOS="1962" HPOS="1477"/><String ID="p158_w750" CONTENT="in" HPOS="1506" VPOS="1962" WIDTH="32" HEIGHT="75" STYLEREFS="font0"/><SP WIDTH="25" VPOS="1962" HPOS="1538"/><String ID="p158_w751" CONTENT="botany," HPOS="1563" VPOS="1962" WIDTH="131" HEIGHT="75" STYLEREFS="font0"/><SP WIDTH="29" VPOS="1962" HPOS="1694"/><String ID="p158_w752" CONTENT="an" HPOS="1723" VPOS="1962" WIDTH="39" HEIGHT="75" STYLEREFS="font0"/><SP WIDTH="17" VPOS="1962" HPOS="1762"/><String ID="p158_w753" CONTENT="obfolete" HPOS="1779" VPOS="1962" WIDTH="141" HEIGHT="75" STYLEREFS="font0"/><SP WIDTH="16" VPOS="1962" HPOS="1920"/><String ID="p158_w754" CONTENT="name" HPOS="1936" VPOS="1962" WIDTH="92" HEIGHT="75" STYLEREFS="font0"/><SP WIDTH="16" VPOS="1962" HPOS="2028"/><String ID="p158_w755" CONTENT="of" HPOS="2044" VPOS="1962" WIDTH="41" HEIGHT="75" STYLEREFS="font0"/><SP WIDTH="10" VPOS="1962" HPOS="2085"/><String ID="p158_w756" CONTENT="a" HPOS="2095" VPOS="1962" WIDTH="19" HEIGHT="75" STYLEREFS="font0"/><SP WIDTH="15" VPOS="1962" HPOS="2114"/><String ID="p158_w757" CONTENT="fpecies" HPOS="2129" VPOS="1962" WIDTH="117" HEIGHT="75" STYLEREFS="font0"/></TextLine><TextLine WIDTH="491" HEIGHT="75" ID="p158_t102" HPOS="1262" VPOS="2009"><String ID="p158_w758" CONTENT="of" HPOS="1262" VPOS="2009" WIDTH="38" HEIGHT="75" STYLEREFS="font0"/><SP WIDTH="12" VPOS="2009" HPOS="1300"/><String ID="p158_w759" CONTENT="nardus." HPOS="1312" VPOS="2009" WIDTH="132" HEIGHT="75" STYLEREFS="font0"/><SP WIDTH="51" VPOS="2009" HPOS="1444"/><String ID="p158_w760" CONTENT="See" HPOS="1495" VPOS="2009" WIDTH="62" HEIGHT="75" STYLEREFS="font0"/><SP WIDTH="17" VPOS="2009" HPOS="1557"/><String ID="p158_w761" CONTENT="Nardus." HPOS="1574" VPOS="2009" WIDTH="179" HEIGHT="75" STYLEREFS="font0"/></TextLine><TextLine WIDTH="1030" HEIGHT="75" ID="p158_t103" HPOS="1215" VPOS="2057"><String ID="p158_w762" CONTENT="ALSINA," HPOS="1215" VPOS="2057" WIDTH="194" HEIGHT="75" STYLEREFS="font0"/><SP WIDTH="33" VPOS="2057" HPOS="1409"/><String ID="p158_w763" CONTENT="in" HPOS="1442" VPOS="2057" WIDTH="33" HEIGHT="75" STYLEREFS="font0"/><SP WIDTH="16" VPOS="2057" HPOS="1475"/><String ID="p158_w764" CONTENT="botany," HPOS="1491" VPOS="2057" WIDTH="132" HEIGHT="75" STYLEREFS="font0"/><SP WIDTH="30" VPOS="2057" HPOS="1623"/><String ID="p158_w765" CONTENT="a" HPOS="1653" VPOS="2057" WIDTH="19" HEIGHT="75" STYLEREFS="font0"/><SP WIDTH="14" VPOS="2057" HPOS="1672"/><String ID="p158_w766" CONTENT="fynonyme" HPOS="1686" VPOS="2057" WIDTH="174" HEIGHT="75" STYLEREFS="font0"/><SP WIDTH="25" VPOS="2057" HPOS="1860"/><String ID="p158_w767" CONTENT="of" HPOS="1885" VPOS="2057" WIDTH="41" HEIGHT="75" STYLEREFS="font0"/><SP WIDTH="25" VPOS="2057" HPOS="1926"/><String ID="p158_w768" CONTENT="the" HPOS="1951" VPOS="2057" WIDTH="56" HEIGHT="75" STYLEREFS="font0"/><SP WIDTH="24" VPOS="2057" HPOS="2007"/><String ID="p158_w769" CONTENT="theligonum." HPOS="2031" VPOS="2057" WIDTH="214" HEIGHT="75" STYLEREFS="font0"/></TextLine><TextLine WIDTH="363" HEIGHT="75" ID="p158_t104" HPOS="1264" VPOS="2103"><String ID="p158_w770" CONTENT="See" HPOS="1264" VPOS="2103" WIDTH="61" HEIGHT="75" STYLEREFS="font0"/><SP WIDTH="15" VPOS="2103" HPOS="1325"/><String ID="p158_w771" CONTENT="Theligonum." HPOS="1340" VPOS="2103" WIDTH="287" HEIGHT="75" STYLEREFS="font0"/></TextLine><TextLine WIDTH="1033" HEIGHT="75" ID="p158_t105" HPOS="1216" VPOS="2151"><String ID="p158_w772" CONTENT="ALSINASTRUM," HPOS="1216" VPOS="2151" WIDTH="369" HEIGHT="75" STYLEREFS="font0"/><SP WIDTH="17" VPOS="2151" HPOS="1585"/><String ID="p158_w773" CONTENT="in" HPOS="1602" VPOS="2151" WIDTH="32" HEIGHT="75" STYLEREFS="font0"/><SP WIDTH="17" VPOS="2151" HPOS="1634"/><String ID="p158_w774" CONTENT="botany," HPOS="1651" VPOS="2151" WIDTH="134" HEIGHT="75" STYLEREFS="font0"/><SP WIDTH="9" VPOS="2151" HPOS="1785"/><String ID="p158_w775" CONTENT="the" HPOS="1794" VPOS="2151" WIDTH="56" HEIGHT="75" STYLEREFS="font0"/><SP WIDTH="8" VPOS="2151" HPOS="1850"/><String ID="p158_w776" CONTENT="trivial" HPOS="1858" VPOS="2151" WIDTH="106" HEIGHT="75" STYLEREFS="font0"/><SP WIDTH="12" VPOS="2151" HPOS="1964"/><String ID="p158_w777" CONTENT="name" HPOS="1976" VPOS="2151" WIDTH="92" HEIGHT="75" STYLEREFS="font0"/><SP WIDTH="13" VPOS="2151" HPOS="2068"/><String ID="p158_w778" CONTENT="and" HPOS="2081" VPOS="2151" WIDTH="62" HEIGHT="75" STYLEREFS="font0"/><SP WIDTH="12" VPOS="2151" HPOS="2143"/><String ID="p158_w779" CONTENT="alfo" HPOS="2155" VPOS="2151" WIDTH="65" HEIGHT="75" STYLEREFS="font0"/><SP WIDTH="9" VPOS="2151" HPOS="2220"/><String ID="p158_w780" CONTENT="a" HPOS="2229" VPOS="2151" WIDTH="20" HEIGHT="75" STYLEREFS="font0"/></TextLine><TextLine WIDTH="767" HEIGHT="75" ID="p158_t106" HPOS="1265" VPOS="2197"><String ID="p158_w781" CONTENT="fynonyme" HPOS="1265" VPOS="2197" WIDTH="172" HEIGHT="75" STYLEREFS="font0"/><SP WIDTH="17" VPOS="2197" HPOS="1437"/><String ID="p158_w782" CONTENT="of" HPOS="1454" VPOS="2197" WIDTH="39" HEIGHT="75" STYLEREFS="font0"/><SP WIDTH="12" VPOS="2197" HPOS="1493"/><String ID="p158_w783" CONTENT="the" HPOS="1505" VPOS="2197" WIDTH="55" HEIGHT="75" STYLEREFS="font0"/><SP WIDTH="16" VPOS="2197" HPOS="1560"/><String ID="p158_w784" CONTENT="elatine." HPOS="1576" VPOS="2197" WIDTH="129" HEIGHT="75" STYLEREFS="font0"/><SP WIDTH="51" VPOS="2197" HPOS="1705"/><String ID="p158_w785" CONTENT="See" HPOS="1756" VPOS="2197" WIDTH="61" HEIGHT="75" STYLEREFS="font0"/><SP WIDTH="20" VPOS="2197" HPOS="1817"/><String ID="p158_w786" CONTENT="Elatine." HPOS="1837" VPOS="2197" WIDTH="195" HEIGHT="75" STYLEREFS="font0"/></TextLine><TextLine WIDTH="1031" HEIGHT="75" ID="p158_t107" HPOS="1217" VPOS="2245"><String ID="p158_w787" CONTENT="ALSINE," HPOS="1217" VPOS="2245" WIDTH="193" HEIGHT="75" STYLEREFS="font0"/><SP WIDTH="18" VPOS="2245" HPOS="1410"/><String ID="p158_w788" CONTENT="Chickweed," HPOS="1428" VPOS="2245" WIDTH="196" HEIGHT="75" STYLEREFS="font0"/><SP WIDTH="21" VPOS="2245" HPOS="1624"/><String ID="p158_w789" CONTENT="in" HPOS="1645" VPOS="2245" WIDTH="32" HEIGHT="75" STYLEREFS="font0"/><SP WIDTH="16" VPOS="2245" HPOS="1677"/><String ID="p158_w790" CONTENT="botany," HPOS="1693" VPOS="2245" WIDTH="133" HEIGHT="75" STYLEREFS="font0"/><SP WIDTH="18" VPOS="2245" HPOS="1826"/><String ID="p158_w791" CONTENT="a" HPOS="1844" VPOS="2245" WIDTH="18" HEIGHT="75" STYLEREFS="font0"/><SP WIDTH="16" VPOS="2245" HPOS="1862"/><String ID="p158_w792" CONTENT="genus" HPOS="1878" VPOS="2245" WIDTH="97" HEIGHT="75" STYLEREFS="font0"/><SP WIDTH="17" VPOS="2245" HPOS="1975"/><String ID="p158_w793" CONTENT="of" HPOS="1992" VPOS="2245" WIDTH="40" HEIGHT="75" STYLEREFS="font0"/><SP WIDTH="12" VPOS="2245" HPOS="2032"/><String ID="p158_w794" CONTENT="the" HPOS="2044" VPOS="2245" WIDTH="55" HEIGHT="75" STYLEREFS="font0"/><SP WIDTH="16" VPOS="2245" HPOS="2099"/><String ID="p158_w795" CONTENT="pentan-" HPOS="2115" VPOS="2245" WIDTH="133" HEIGHT="75" STYLEREFS="font0"/></TextLine><TextLine WIDTH="983" HEIGHT="75" ID="p158_t108" HPOS="1266" VPOS="2291"><String ID="p158_w796" CONTENT="dria" HPOS="1266" VPOS="2291" WIDTH="70" HEIGHT="75" STYLEREFS="font0"/><SP WIDTH="11" VPOS="2291" HPOS="1336"/><String ID="p158_w797" CONTENT="trigynia" HPOS="1347" VPOS="2291" WIDTH="139" HEIGHT="75" STYLEREFS="font0"/><SP WIDTH="11" VPOS="2291" HPOS="1486"/><String ID="p158_w798" CONTENT="clafs" HPOS="1497" VPOS="2291" WIDTH="78" HEIGHT="75" STYLEREFS="font0"/><SP WIDTH="14" VPOS="2291" HPOS="1575"/><String ID="p158_w799" CONTENT=":" HPOS="1589" VPOS="2291" WIDTH="9" HEIGHT="75" STYLEREFS="font0"/><SP WIDTH="15" VPOS="2291" HPOS="1598"/><String ID="p158_w800" CONTENT="The" HPOS="1613" VPOS="2291" WIDTH="77" HEIGHT="75" STYLEREFS="font0"/><SP WIDTH="17" VPOS="2291" HPOS="1690"/><String ID="p158_w801" CONTENT="calix" HPOS="1707" VPOS="2291" WIDTH="85" HEIGHT="75" STYLEREFS="font0"/><SP WIDTH="11" VPOS="2291" HPOS="1792"/><String ID="p158_w802" CONTENT="is" HPOS="1803" VPOS="2291" WIDTH="27" HEIGHT="75" STYLEREFS="font0"/><SP WIDTH="13" VPOS="2291" HPOS="1830"/><String ID="p158_w803" CONTENT="divided" HPOS="1843" VPOS="2291" WIDTH="129" HEIGHT="75" STYLEREFS="font0"/><SP WIDTH="8" VPOS="2291" HPOS="1972"/><String ID="p158_w804" CONTENT="into" HPOS="1980" VPOS="2291" WIDTH="70" HEIGHT="75" STYLEREFS="font0"/><SP WIDTH="11" VPOS="2291" HPOS="2050"/><String ID="p158_w805" CONTENT="five" HPOS="2061" VPOS="2291" WIDTH="61" HEIGHT="75" STYLEREFS="font0"/><SP WIDTH="14" VPOS="2291" HPOS="2122"/><String ID="p158_w806" CONTENT="parts" HPOS="2136" VPOS="2291" WIDTH="87" HEIGHT="75" STYLEREFS="font0"/><SP WIDTH="13" VPOS="2291" HPOS="2223"/><String ID="p158_w807" CONTENT=";" HPOS="2236" VPOS="2291" WIDTH="13" HEIGHT="75" STYLEREFS="font0"/></TextLine><TextLine WIDTH="980" HEIGHT="75" ID="p158_t109" HPOS="1266" VPOS="2338"><String ID="p158_w808" CONTENT="the" HPOS="1266" VPOS="2338" WIDTH="55" HEIGHT="75" STYLEREFS="font0"/><SP WIDTH="15" VPOS="2338" HPOS="1321"/><String ID="p158_w809" CONTENT="flowers" HPOS="1336" VPOS="2338" WIDTH="126" HEIGHT="75" STYLEREFS="font0"/><SP WIDTH="17" VPOS="2338" HPOS="1462"/><String ID="p158_w810" CONTENT="confifi" HPOS="1479" VPOS="2338" WIDTH="109" HEIGHT="75" STYLEREFS="font0"/><SP WIDTH="16" VPOS="2338" HPOS="1588"/><String ID="p158_w811" CONTENT="of" HPOS="1604" VPOS="2338" WIDTH="40" HEIGHT="75" STYLEREFS="font0"/><SP WIDTH="11" VPOS="2338" HPOS="1644"/><String ID="p158_w812" CONTENT="five" HPOS="1655" VPOS="2338" WIDTH="60" HEIGHT="75" STYLEREFS="font0"/><SP WIDTH="12" VPOS="2338" HPOS="1715"/><String ID="p158_w813" CONTENT="petals" HPOS="1727" VPOS="2338" WIDTH="100" HEIGHT="75" STYLEREFS="font0"/><SP WIDTH="12" VPOS="2338" HPOS="1827"/><String ID="p158_w814" CONTENT="divided" HPOS="1839" VPOS="2338" WIDTH="131" HEIGHT="75" STYLEREFS="font0"/><SP WIDTH="15" VPOS="2338" HPOS="1970"/><String ID="p158_w815" CONTENT="in" HPOS="1985" VPOS="2338" WIDTH="31" HEIGHT="75" STYLEREFS="font0"/><SP WIDTH="16" VPOS="2338" HPOS="2016"/><String ID="p158_w816" CONTENT="the" HPOS="2032" VPOS="2338" WIDTH="56" HEIGHT="75" STYLEREFS="font0"/><SP WIDTH="17" VPOS="2338" HPOS="2088"/><String ID="p158_w817" CONTENT="middle;" HPOS="2105" VPOS="2338" WIDTH="141" HEIGHT="75" STYLEREFS="font0"/></TextLine><TextLine WIDTH="980" HEIGHT="75" ID="p158_t110" HPOS="1267" VPOS="2385"><String ID="p158_w818" CONTENT="and" HPOS="1267" VPOS="2385" WIDTH="61" HEIGHT="75" STYLEREFS="font0"/><SP WIDTH="10" VPOS="2385" HPOS="1328"/><String ID="p158_w819" CONTENT="the" HPOS="1338" VPOS="2385" WIDTH="55" HEIGHT="75" STYLEREFS="font0"/><SP WIDTH="13" VPOS="2385" HPOS="1393"/><String ID="p158_w820" CONTENT="capfule" HPOS="1406" VPOS="2385" WIDTH="124" HEIGHT="75" STYLEREFS="font0"/><SP WIDTH="8" VPOS="2385" HPOS="1530"/><String ID="p158_w821" CONTENT="has" HPOS="1538" VPOS="2385" WIDTH="56" HEIGHT="75" STYLEREFS="font0"/><SP WIDTH="10" VPOS="2385" HPOS="1594"/><String ID="p158_w822" CONTENT="three" HPOS="1604" VPOS="2385" WIDTH="90" HEIGHT="75" STYLEREFS="font0"/><SP WIDTH="7" VPOS="2385" HPOS="1694"/><String ID="p158_w823" CONTENT="valves." HPOS="1701" VPOS="2385" WIDTH="120" HEIGHT="75" STYLEREFS="font0"/><SP WIDTH="24" VPOS="2385" HPOS="1821"/><String ID="p158_w824" CONTENT="There" HPOS="1845" VPOS="2385" WIDTH="112" HEIGHT="75" STYLEREFS="font0"/><SP WIDTH="13" VPOS="2385" HPOS="1957"/><String ID="p158_w825" CONTENT="are" HPOS="1970" VPOS="2385" WIDTH="53" HEIGHT="75" STYLEREFS="font0"/><SP WIDTH="9" VPOS="2385" HPOS="2023"/><String ID="p158_w826" CONTENT="three" HPOS="2032" VPOS="2385" WIDTH="90" HEIGHT="75" STYLEREFS="font0"/><SP WIDTH="9" VPOS="2385" HPOS="2122"/><String ID="p158_w827" CONTENT="fpecies" HPOS="2131" VPOS="2385" WIDTH="116" HEIGHT="75" STYLEREFS="font0"/></TextLine><TextLine WIDTH="982" HEIGHT="75" ID="p158_t111" HPOS="1268" VPOS="2433"><String ID="p158_w828" CONTENT="of" HPOS="1268" VPOS="2433" WIDTH="39" HEIGHT="75" STYLEREFS="font0"/><SP WIDTH="10" VPOS="2433" HPOS="1307"/><String ID="p158_w829" CONTENT="the" HPOS="1317" VPOS="2433" WIDTH="55" HEIGHT="75" STYLEREFS="font0"/><SP WIDTH="16" VPOS="2433" HPOS="1372"/><String ID="p158_w830" CONTENT="alfine~,*©;z." HPOS="1388" VPOS="2433" WIDTH="197" HEIGHT="75" STYLEREFS="font0"/><SP WIDTH="16" VPOS="2433" HPOS="1585"/><String ID="p158_w831" CONTENT="the" HPOS="1601" VPOS="2433" WIDTH="56" HEIGHT="75" STYLEREFS="font0"/><SP WIDTH="17" VPOS="2433" HPOS="1657"/><String ID="p158_w832" CONTENT="media," HPOS="1674" VPOS="2433" WIDTH="115" HEIGHT="75" STYLEREFS="font0"/><SP WIDTH="13" VPOS="2433" HPOS="1789"/><String ID="p158_w833" CONTENT="dr" HPOS="1802" VPOS="2433" WIDTH="38" HEIGHT="75" STYLEREFS="font0"/><SP WIDTH="15" VPOS="2433" HPOS="1840"/><String ID="p158_w834" CONTENT="common" HPOS="1855" VPOS="2433" WIDTH="147" HEIGHT="75" STYLEREFS="font0"/><SP WIDTH="15" VPOS="2433" HPOS="2002"/><String ID="p158_w835" CONTENT="duckweed," HPOS="2017" VPOS="2433" WIDTH="196" HEIGHT="75" STYLEREFS="font0"/><SP WIDTH="19" VPOS="2433" HPOS="2213"/><String ID="p158_w836" CONTENT="a" HPOS="2232" VPOS="2433" WIDTH="18" HEIGHT="75" STYLEREFS="font0"/></TextLine><TextLine WIDTH="982" HEIGHT="75" ID="p158_t112" HPOS="1267" VPOS="2480"><String ID="p158_w837" CONTENT="native" HPOS="1267" VPOS="2480" WIDTH="105" HEIGHT="75" STYLEREFS="font0"/><SP WIDTH="12" VPOS="2480" HPOS="1372"/><String ID="p158_w838" CONTENT="of" HPOS="1384" VPOS="2480" WIDTH="39" HEIGHT="75" STYLEREFS="font0"/><SP WIDTH="11" VPOS="2480" HPOS="1423"/><String ID="p158_w839" CONTENT="Britain" HPOS="1434" VPOS="2480" WIDTH="125" HEIGHT="75" STYLEREFS="font0"/><SP WIDTH="15" VPOS="2480" HPOS="1559"/><String ID="p158_w840" CONTENT=";" HPOS="1574" VPOS="2480" WIDTH="10" HEIGHT="75" STYLEREFS="font0"/><SP WIDTH="27" VPOS="2480" HPOS="1584"/><String ID="p158_w841" CONTENT="the" HPOS="1611" VPOS="2480" WIDTH="56" HEIGHT="75" STYLEREFS="font0"/><SP WIDTH="16" VPOS="2480" HPOS="1667"/><String ID="p158_w842" CONTENT="mucronata," HPOS="1683" VPOS="2480" WIDTH="196" HEIGHT="75" STYLEREFS="font0"/><SP WIDTH="15" VPOS="2480" HPOS="1879"/><String ID="p158_w843" CONTENT="a" HPOS="1894" VPOS="2480" WIDTH="17" HEIGHT="75" STYLEREFS="font0"/><SP WIDTH="17" VPOS="2480" HPOS="1911"/><String ID="p158_w844" CONTENT="native" HPOS="1928" VPOS="2480" WIDTH="105" HEIGHT="75" STYLEREFS="font0"/><SP WIDTH="14" VPOS="2480" HPOS="2033"/><String ID="p158_w845" CONTENT="of" HPOS="2047" VPOS="2480" WIDTH="40" HEIGHT="75" STYLEREFS="font0"/><SP WIDTH="8" VPOS="2480" HPOS="2087"/><String ID="p158_w846" CONTENT="Switzer-" HPOS="2095" VPOS="2480" WIDTH="154" HEIGHT="75" STYLEREFS="font0"/></TextLine><TextLine WIDTH="802" HEIGHT="75" ID="p158_t113" HPOS="1266" VPOS="2528"><String ID="p158_w847" CONTENT="land" HPOS="1266" VPOS="2528" WIDTH="77" HEIGHT="75" STYLEREFS="font0"/><SP WIDTH="12" VPOS="2528" HPOS="1343"/><String ID="p158_w848" CONTENT=";" HPOS="1355" VPOS="2528" WIDTH="11" HEIGHT="75" STYLEREFS="font0"/><SP WIDTH="27" VPOS="2528" HPOS="1366"/><String ID="p158_w849" CONTENT="and" HPOS="1393" VPOS="2528" WIDTH="63" HEIGHT="75" STYLEREFS="font0"/><SP WIDTH="15" VPOS="2528" HPOS="1456"/><String ID="p158_w850" CONTENT="the" HPOS="1471" VPOS="2528" WIDTH="56" HEIGHT="75" STYLEREFS="font0"/><SP WIDTH="17" VPOS="2528" HPOS="1527"/><String ID="p158_w851" CONTENT="fegetalis," HPOS="1544" VPOS="2528" WIDTH="157" HEIGHT="75" STYLEREFS="font0"/><SP WIDTH="18" VPOS="2528" HPOS="1701"/><String ID="p158_w852" CONTENT="a" HPOS="1719" VPOS="2528" WIDTH="19" HEIGHT="75" STYLEREFS="font0"/><SP WIDTH="16" VPOS="2528" HPOS="1738"/><String ID="p158_w853" CONTENT="native" HPOS="1754" VPOS="2528" WIDTH="106" HEIGHT="75" STYLEREFS="font0"/><SP WIDTH="16" VPOS="2528" HPOS="1860"/><String ID="p158_w854" CONTENT="of" HPOS="1876" VPOS="2528" WIDTH="41" HEIGHT="75" STYLEREFS="font0"/><SP WIDTH="17" VPOS="2528" HPOS="1917"/><String ID="p158_w855" CONTENT="France." HPOS="1934" VPOS="2528" WIDTH="134" HEIGHT="75" STYLEREFS="font0"/></TextLine><TextLine WIDTH="936" HEIGHT="75" ID="p158_t114" HPOS="1313" VPOS="2575"><String ID="p158_w856" CONTENT="The" HPOS="1313" VPOS="2575" WIDTH="76" HEIGHT="75" STYLEREFS="font0"/><SP WIDTH="25" VPOS="2575" HPOS="1389"/><String ID="p158_w857" CONTENT="alfine" HPOS="1414" VPOS="2575" WIDTH="93" HEIGHT="75" STYLEREFS="font0"/><SP WIDTH="16" VPOS="2575" HPOS="1507"/><String ID="p158_w858" CONTENT="media" HPOS="1523" VPOS="2575" WIDTH="106" HEIGHT="75" STYLEREFS="font0"/><SP WIDTH="14" VPOS="2575" HPOS="1629"/><String ID="p158_w859" CONTENT="has" HPOS="1643" VPOS="2575" WIDTH="57" HEIGHT="75" STYLEREFS="font0"/><SP WIDTH="16" VPOS="2575" HPOS="1700"/><String ID="p158_w860" CONTENT="fometimes" HPOS="1716" VPOS="2575" WIDTH="179" HEIGHT="75" STYLEREFS="font0"/><SP WIDTH="12" VPOS="2575" HPOS="1895"/><String ID="p158_w861" CONTENT="been" HPOS="1907" VPOS="2575" WIDTH="81" HEIGHT="75" STYLEREFS="font0"/><SP WIDTH="16" VPOS="2575" HPOS="1988"/><String ID="p158_w862" CONTENT="recommended" HPOS="2004" VPOS="2575" WIDTH="245" HEIGHT="75" STYLEREFS="font0"/></TextLine><TextLine WIDTH="295" HEIGHT="75" ID="p158_t115" HPOS="1268" VPOS="2622"><String ID="p158_w863" CONTENT="in" HPOS="1268" VPOS="2622" WIDTH="31" HEIGHT="75" STYLEREFS="font0"/><SP WIDTH="16" VPOS="2622" HPOS="1299"/><String ID="p158_w864" CONTENT="hedical" HPOS="1315" VPOS="2622" WIDTH="132" HEIGHT="75" STYLEREFS="font0"/><SP WIDTH="17" VPOS="2622" HPOS="1447"/><String ID="p158_w865" CONTENT="cafes." HPOS="1464" VPOS="2622" WIDTH="99" HEIGHT="75" STYLEREFS="font0"/></TextLine><TextLine WIDTH="1029" HEIGHT="75" ID="p158_t116" HPOS="1221" VPOS="2669"><String ID="p158_w866" CONTENT="ALSIRAT," HPOS="1221" VPOS="2669" WIDTH="228" HEIGHT="75" STYLEREFS="font0"/><SP WIDTH="28" VPOS="2669" HPOS="1449"/><String ID="p158_w867" CONTENT="in" HPOS="1477" VPOS="2669" WIDTH="33" HEIGHT="75" STYLEREFS="font0"/><SP WIDTH="27" VPOS="2669" HPOS="1510"/><String ID="p158_w868" CONTENT="the" HPOS="1537" VPOS="2669" WIDTH="55" HEIGHT="75" STYLEREFS="font0"/><SP WIDTH="32" VPOS="2669" HPOS="1592"/><String ID="p158_w869" CONTENT="Mahometan" HPOS="1624" VPOS="2669" WIDTH="212" HEIGHT="75" STYLEREFS="font0"/><SP WIDTH="32" VPOS="2669" HPOS="1836"/><String ID="p158_w870" CONTENT="theology," HPOS="1868" VPOS="2669" WIDTH="165" HEIGHT="75" STYLEREFS="font0"/><SP WIDTH="32" VPOS="2669" HPOS="2033"/><String ID="p158_w871" CONTENT="derates" HPOS="2065" VPOS="2669" WIDTH="133" HEIGHT="75" STYLEREFS="font0"/><SP WIDTH="33" VPOS="2669" HPOS="2198"/><String ID="p158_w872" CONTENT="a" HPOS="2231" VPOS="2669" WIDTH="19" HEIGHT="75" STYLEREFS="font0"/></TextLine><TextLine WIDTH="979" HEIGHT="75" ID="p158_t117" HPOS="1270" VPOS="2717"><String ID="p158_w873" CONTENT="bridge" HPOS="1270" VPOS="2717" WIDTH="110" HEIGHT="75" STYLEREFS="font0"/><SP WIDTH="26" VPOS="2717" HPOS="1380"/><String ID="p158_w874" CONTENT="laid" HPOS="1406" VPOS="2717" WIDTH="67" HEIGHT="75" STYLEREFS="font0"/><SP WIDTH="21" VPOS="2717" HPOS="1473"/><String ID="p158_w875" CONTENT="over" HPOS="1494" VPOS="2717" WIDTH="77" HEIGHT="75" STYLEREFS="font0"/><SP WIDTH="19" VPOS="2717" HPOS="1571"/><String ID="p158_w876" CONTENT="the" HPOS="1590" VPOS="2717" WIDTH="56" HEIGHT="75" STYLEREFS="font0"/><SP WIDTH="23" VPOS="2717" HPOS="1646"/><String ID="p158_w877" CONTENT="middle" HPOS="1669" VPOS="2717" WIDTH="120" HEIGHT="75" STYLEREFS="font0"/><SP WIDTH="26" VPOS="2717" HPOS="1789"/><String ID="p158_w878" CONTENT="of" HPOS="1815" VPOS="2717" WIDTH="40" HEIGHT="75" STYLEREFS="font0"/><SP WIDTH="21" VPOS="2717" HPOS="1855"/><String ID="p158_w879" CONTENT="hell," HPOS="1876" VPOS="2717" WIDTH="76" HEIGHT="75" STYLEREFS="font0"/><SP WIDTH="29" VPOS="2717" HPOS="1952"/><String ID="p158_w880" CONTENT="the" HPOS="1981" VPOS="2717" WIDTH="56" HEIGHT="75" STYLEREFS="font0"/><SP WIDTH="21" VPOS="2717" HPOS="2037"/><String ID="p158_w881" CONTENT="palfage" HPOS="2058" VPOS="2717" WIDTH="121" HEIGHT="75" STYLEREFS="font0"/><SP WIDTH="32" VPOS="2717" HPOS="2179"/><String ID="p158_w882" CONTENT="or" HPOS="2211" VPOS="2717" WIDTH="38" HEIGHT="75" STYLEREFS="font0"/></TextLine><TextLine WIDTH="976" HEIGHT="75" ID="p158_t118" HPOS="1270" VPOS="2766"><String ID="p158_w883" CONTENT="path" HPOS="1270" VPOS="2766" WIDTH="75" HEIGHT="75" STYLEREFS="font0"/><SP WIDTH="24" VPOS="2766" HPOS="1345"/><String ID="p158_w884" CONTENT="whereof" HPOS="1369" VPOS="2766" WIDTH="149" HEIGHT="75" STYLEREFS="font0"/><SP WIDTH="22" VPOS="2766" HPOS="1518"/><String ID="p158_w885" CONTENT="is" HPOS="1540" VPOS="2766" WIDTH="27" HEIGHT="75" STYLEREFS="font0"/><SP WIDTH="24" VPOS="2766" HPOS="1567"/><String ID="p158_w886" CONTENT="(harper" HPOS="1591" VPOS="2766" WIDTH="128" HEIGHT="75" STYLEREFS="font0"/><SP WIDTH="23" VPOS="2766" HPOS="1719"/><String ID="p158_w887" CONTENT="than" HPOS="1742" VPOS="2766" WIDTH="77" HEIGHT="75" STYLEREFS="font0"/><SP WIDTH="17" VPOS="2766" HPOS="1819"/><String ID="p158_w888" CONTENT="the" HPOS="1836" VPOS="2766" WIDTH="55" HEIGHT="75" STYLEREFS="font0"/><SP WIDTH="16" VPOS="2766" HPOS="1891"/><String ID="p158_w889" CONTENT="edge" HPOS="1907" VPOS="2766" WIDTH="82" HEIGHT="75" STYLEREFS="font0"/><SP WIDTH="20" VPOS="2766" HPOS="1989"/><String ID="p158_w890" CONTENT="of" HPOS="2009" VPOS="2766" WIDTH="40" HEIGHT="75" STYLEREFS="font0"/><SP WIDTH="22" VPOS="2766" HPOS="2049"/><String ID="p158_w891" CONTENT="a" HPOS="2071" VPOS="2766" WIDTH="19" HEIGHT="75" STYLEREFS="font0"/><SP WIDTH="26" VPOS="2766" HPOS="2090"/><String ID="p158_w892" CONTENT="fword;" HPOS="2116" VPOS="2766" WIDTH="130" HEIGHT="75" STYLEREFS="font0"/></TextLine><TextLine WIDTH="979" HEIGHT="75" ID="p158_t119" HPOS="1270" VPOS="2810"><String ID="p158_w893" CONTENT="over" HPOS="1270" VPOS="2810" WIDTH="75" HEIGHT="75" STYLEREFS="font0"/><SP WIDTH="16" VPOS="2810" HPOS="1345"/><String ID="p158_w894" CONTENT="which" HPOS="1361" VPOS="2810" WIDTH="105" HEIGHT="75" STYLEREFS="font0"/><SP WIDTH="16" VPOS="2810" HPOS="1466"/><String ID="p158_w895" CONTENT="every" HPOS="1482" VPOS="2810" WIDTH="98" HEIGHT="75" STYLEREFS="font0"/><SP WIDTH="17" VPOS="2810" HPOS="1580"/><String ID="p158_w896" CONTENT="body" HPOS="1597" VPOS="2810" WIDTH="87" HEIGHT="75" STYLEREFS="font0"/><SP WIDTH="16" VPOS="2810" HPOS="1684"/><String ID="p158_w897" CONTENT="mull" HPOS="1700" VPOS="2810" WIDTH="80" HEIGHT="75" STYLEREFS="font0"/><SP WIDTH="16" VPOS="2810" HPOS="1780"/><String ID="p158_w898" CONTENT="pafs" HPOS="1796" VPOS="2810" WIDTH="68" HEIGHT="75" STYLEREFS="font0"/><SP WIDTH="16" VPOS="2810" HPOS="1864"/><String ID="p158_w899" CONTENT="at" HPOS="1880" VPOS="2810" WIDTH="33" HEIGHT="75" STYLEREFS="font0"/><SP WIDTH="17" VPOS="2810" HPOS="1913"/><String ID="p158_w900" CONTENT="the" HPOS="1930" VPOS="2810" WIDTH="55" HEIGHT="75" STYLEREFS="font0"/><SP WIDTH="16" VPOS="2810" HPOS="1985"/><String ID="p158_w901" CONTENT="day" HPOS="2001" VPOS="2810" WIDTH="62" HEIGHT="75" STYLEREFS="font0"/><SP WIDTH="17" VPOS="2810" HPOS="2063"/><String ID="p158_w902" CONTENT="of" HPOS="2080" VPOS="2810" WIDTH="39" HEIGHT="75" STYLEREFS="font0"/><SP WIDTH="14" VPOS="2810" HPOS="2119"/><String ID="p158_w903" CONTENT="judge-" HPOS="2133" VPOS="2810" WIDTH="116" HEIGHT="75" STYLEREFS="font0"/></TextLine><TextLine WIDTH="980" HEIGHT="75" ID="p158_t120" HPOS="1270" VPOS="2857"><String ID="p158_w904" CONTENT="ment," HPOS="1270" VPOS="2857" WIDTH="98" HEIGHT="75" STYLEREFS="font0"/><SP WIDTH="31" VPOS="2857" HPOS="1368"/><String ID="p158_w905" CONTENT="when" HPOS="1399" VPOS="2857" WIDTH="93" HEIGHT="75" STYLEREFS="font0"/><SP WIDTH="27" VPOS="2857" HPOS="1492"/><String ID="p158_w906" CONTENT="the" HPOS="1519" VPOS="2857" WIDTH="57" HEIGHT="75" STYLEREFS="font0"/><SP WIDTH="28" VPOS="2857" HPOS="1576"/><String ID="p158_w907" CONTENT="wicked" HPOS="1604" VPOS="2857" WIDTH="124" HEIGHT="75" STYLEREFS="font0"/><SP WIDTH="26" VPOS="2857" HPOS="1728"/><String ID="p158_w908" CONTENT="will" HPOS="1754" VPOS="2857" WIDTH="68" HEIGHT="75" STYLEREFS="font0"/><SP WIDTH="23" VPOS="2857" HPOS="1822"/><String ID="p158_w909" CONTENT="tumble" HPOS="1845" VPOS="2857" WIDTH="124" HEIGHT="75" STYLEREFS="font0"/><SP WIDTH="26" VPOS="2857" HPOS="1969"/><String ID="p158_w910" CONTENT="headlong" HPOS="1995" VPOS="2857" WIDTH="161" HEIGHT="75" STYLEREFS="font0"/><SP WIDTH="26" VPOS="2857" HPOS="2156"/><String ID="p158_w911" CONTENT="into" HPOS="2182" VPOS="2857" WIDTH="68" HEIGHT="75" STYLEREFS="font0"/></TextLine><TextLine WIDTH="978" HEIGHT="75" ID="p158_t121" HPOS="1270" VPOS="2905"><String ID="p158_w912" CONTENT="hell," HPOS="1270" VPOS="2905" WIDTH="77" HEIGHT="75" STYLEREFS="font0"/><SP WIDTH="26" VPOS="2905" HPOS="1347"/><String ID="p158_w913" CONTENT="whereas" HPOS="1373" VPOS="2905" WIDTH="142" HEIGHT="75" STYLEREFS="font0"/><SP WIDTH="17" VPOS="2905" HPOS="1515"/><String ID="p158_w914" CONTENT="the" HPOS="1532" VPOS="2905" WIDTH="56" HEIGHT="75" STYLEREFS="font0"/><SP WIDTH="15" VPOS="2905" HPOS="1588"/><String ID="p158_w915" CONTENT="good" HPOS="1603" VPOS="2905" WIDTH="87" HEIGHT="75" STYLEREFS="font0"/><SP WIDTH="15" VPOS="2905" HPOS="1690"/><String ID="p158_w916" CONTENT="will" HPOS="1705" VPOS="2905" WIDTH="65" HEIGHT="75" STYLEREFS="font0"/><SP WIDTH="26" VPOS="2905" HPOS="1770"/><String ID="p158_w917" CONTENT="fly" HPOS="1796" VPOS="2905" WIDTH="45" HEIGHT="75" STYLEREFS="font0"/><SP WIDTH="16" VPOS="2905" HPOS="1841"/><String ID="p158_w918" CONTENT="over" HPOS="1857" VPOS="2905" WIDTH="78" HEIGHT="75" STYLEREFS="font0"/><SP WIDTH="15" VPOS="2905" HPOS="1935"/><String ID="p158_w919" CONTENT="it" HPOS="1950" VPOS="2905" WIDTH="26" HEIGHT="75" STYLEREFS="font0"/><SP WIDTH="20" VPOS="2905" HPOS="1976"/><String ID="p158_w920" CONTENT="like" HPOS="1996" VPOS="2905" WIDTH="66" HEIGHT="75" STYLEREFS="font0"/><SP WIDTH="16" VPOS="2905" HPOS="2062"/><String ID="p158_w921" CONTENT="the" HPOS="2078" VPOS="2905" WIDTH="55" HEIGHT="75" STYLEREFS="font0"/><SP WIDTH="16" VPOS="2905" HPOS="2133"/><String ID="p158_w922" CONTENT="wind." HPOS="2149" VPOS="2905" WIDTH="99" HEIGHT="75" STYLEREFS="font0"/></TextLine><TextLine WIDTH="1028" HEIGHT="75" ID="p158_t122" HPOS="1221" VPOS="2951"><String ID="p158_w923" CONTENT="ALSONE," HPOS="1221" VPOS="2951" WIDTH="208" HEIGHT="75" STYLEREFS="font0"/><SP WIDTH="22" VPOS="2951" HPOS="1429"/><String ID="p158_w924" CONTENT="a" HPOS="1451" VPOS="2951" WIDTH="20" HEIGHT="75" STYLEREFS="font0"/><SP WIDTH="26" VPOS="2951" HPOS="1471"/><String ID="p158_w925" CONTENT="fmall" HPOS="1497" VPOS="2951" WIDTH="90" HEIGHT="75" STYLEREFS="font0"/><SP WIDTH="15" VPOS="2951" HPOS="1587"/><String ID="p158_w926" CONTENT="city" HPOS="1602" VPOS="2951" WIDTH="66" HEIGHT="75" STYLEREFS="font0"/><SP WIDTH="15" VPOS="2951" HPOS="1668"/><String ID="p158_w927" CONTENT="of" HPOS="1683" VPOS="2951" WIDTH="40" HEIGHT="75" STYLEREFS="font0"/><SP WIDTH="17" VPOS="2951" HPOS="1723"/><String ID="p158_w928" CONTENT="Languedoc" HPOS="1740" VPOS="2951" WIDTH="198" HEIGHT="75" STYLEREFS="font0"/><SP WIDTH="14" VPOS="2951" HPOS="1938"/><String ID="p158_w929" CONTENT="in" HPOS="1952" VPOS="2951" WIDTH="31" HEIGHT="75" STYLEREFS="font0"/><SP WIDTH="19" VPOS="2951" HPOS="1983"/><String ID="p158_w930" CONTENT="France," HPOS="2002" VPOS="2951" WIDTH="134" HEIGHT="75" STYLEREFS="font0"/><SP WIDTH="28" VPOS="2951" HPOS="2136"/><String ID="p158_w931" CONTENT="upon" HPOS="2164" VPOS="2951" WIDTH="85" HEIGHT="75" STYLEREFS="font0"/></TextLine><TextLine WIDTH="978" HEIGHT="75" ID="p158_t123" HPOS="1270" VPOS="2997"><String ID="p158_w932" CONTENT="the" HPOS="1270" VPOS="2997" WIDTH="54" HEIGHT="75" STYLEREFS="font0"/><SP WIDTH="39" VPOS="2997" HPOS="1324"/><String ID="p158_w933" CONTENT="river" HPOS="1363" VPOS="2997" WIDTH="84" HEIGHT="75" STYLEREFS="font0"/><SP WIDTH="37" VPOS="2997" HPOS="1447"/><String ID="p158_w934" CONTENT="Frefquel," HPOS="1484" VPOS="2997" WIDTH="165" HEIGHT="75" STYLEREFS="font0"/><SP WIDTH="43" VPOS="2997" HPOS="1649"/><String ID="p158_w935" CONTENT="between" HPOS="1692" VPOS="2997" WIDTH="144" HEIGHT="75" STYLEREFS="font0"/><SP WIDTH="33" VPOS="2997" HPOS="1836"/><String ID="p158_w936" CONTENT="Carcaffone" HPOS="1869" VPOS="2997" WIDTH="190" HEIGHT="75" STYLEREFS="font0"/><SP WIDTH="38" VPOS="2997" HPOS="2059"/><String ID="p158_w937" CONTENT="and" HPOS="2097" VPOS="2997" WIDTH="63" HEIGHT="75" STYLEREFS="font0"/><SP WIDTH="36" VPOS="2997" HPOS="2160"/><String ID="p158_w938" CONTENT="St." HPOS="2196" VPOS="2997" WIDTH="52" HEIGHT="75" STYLEREFS="font0"/></TextLine><TextLine WIDTH="135" HEIGHT="75" ID="p158_t124" HPOS="1268" VPOS="3044"><String ID="p158_w939" CONTENT="Papoul." HPOS="1268" VPOS="3044" WIDTH="135" HEIGHT="75" STYLEREFS="font0"/></TextLine><TextLine WIDTH="329" HEIGHT="75" ID="p158_t125" HPOS="1917" VPOS="3087"><String ID="p158_w940" CONTENT="ALSWANGEN," HPOS="1917" VPOS="3087" WIDTH="329" HEIGHT="75" STYLEREFS="font0"/></TextLine></PrintSpace></Page></Layout></alto>