2397 3387
490 133 241 75 BAT

1077 133 18 75 (

103 206 247 75 Battery^
362 206 136 75 revcrfe,
524 206 70 75 that
612 206 106 75 which
735 206 89 75 plays
837 206 85 75 upon
936 206 54 75 the
1002 206 142 75 enemy’s

151 253 94 75 back.
300 299 192 75 Battery
520 299 26 75 is
575 299 93 75 when
693 299 118 75 feveral
833 299 79 75 guns
937 299 74 75 play
1034 299 33 75 at
1088 299 55 75 the

151 347 83 75 fame
251 347 77 75 time
346 347 83 75 upon
448 347 60 75 one
527 347 101 75 place.

104 393 207 75 Battery,
337 393 32 75 in
397 393 74 75 law,
497 393 56 75 the
581 393 144 75 ftriking,
762 393 142 75 beating,
941 393 38 75 or
1003 393 139 75 offering

151 440 62 75 any
236 440 144 75 violence
410 440 36 75 to
474 440 133 75 another
634 440 126 75 perfon,
784 440 52 75 for
860 440 105 75 which
990 440 150 75 damages

151 486 73 75 may
243 486 40 75 be
301 486 186 75 recovered.

101 534 264 75 BATTEURS
385 534 31 75 d'
416 534 138 75 ejlrade,
572 534 37 75 or
623 534 171 75 Scouts,
820 534 53 75 are
890 534 165 75 horfemen
1073 534 68 75 fent

151 579 57 75 out
224 579 123 75 before,
374 579 62 75 and
461 579 41 75 on
531 579 56 75 the
610 579 98 75 wings
725 579 40 75 of
777 579 38 75 an
833 579 102 75 army,
961 579 73 75 one,
1060 579 79 75 two,

150 625 37 75 or
203 625 91 75 three
310 625 105 75 miles,
441 625 36 75 to
493 625 92 75 make
602 625 204 75 difeoveries.

103 673 213 75 BATTLE,
343 673 19 75 a
386 673 128 75 general
538 673 208 75 engagement
770 673 142 75 between
930 673 65 75 two
1011 673 132 75 armies,

150 719 32 75 in
200 719 18 75 a
234 719 138 75 country
387 719 188 75 fufficiently
592 719 81 75 open
690 719 53 75 for
758 719 88 75 them
863 719 35 75 to
915 719 175 75 encounter
1107 719 33 75 in

150 765 101 75 front,
278 765 60 75 and
356 765 31 75 at
404 765 56 75 the
477 765 82 75 fame
576 765 89 75 time.

197 812 106 75 Other
313 812 91 75 great
415 812 131 75 addons,
560 812 122 75 though
695 812 40 75 of
746 812 19 75 a
775 812 113 75 longer
899 812 162 75 duration,
1076 812 64 75 and

148 859 77 75 even
242 859 151 75 attended
409 859 77 75 with
499 859 20 75 a
534 859 125 75 greater
675 859 171 75 daughter,
872 859 54 75 are
943 859 77 75 only
1034 859 105 75 called

150 906 110 75 fights.

102 952 119 75 iVhtW
235 952 176 75 Battle,
436 952 55 75 the
508 952 83 75 fame
608 952 79 75 with
712 952 19 75 a
754 952 161 75 fea-fight,
940 952 39 75 or
1002 952 135 75 engage-

148 999 87 75 ment
252 999 144 75 between
413 999 66 75 two
496 999 89 75 fleets
605 999 40 75 of
657 999 72 75 men
747 999 39 75 of
801 999 77 75 war.

195 1046 120 75 Before
328 1046 18 75 a
363 1046 90 75 naval
470 1046 113 75 battle,
601 1046 96 75 every
714 1046 159 75 fquadron
891 1046 122 75 ufually
1031 1046 106 75 fubdi-

148 1093 89 75 vides
253 1093 90 75 itfelf
354 1093 69 75 into
445 1093 91 75 three
560 1093 94 75 equal
675 1093 160 75 divifions,
861 1093 77 75 with
965 1093 19 75 a
1011 1093 124 75 referve

149 1139 39 75 of
211 1139 119 75 certain
347 1139 81 75 fhips
453 1139 56 75 out
538 1139 40 75 of
600 1139 97 75 every
724 1139 160 75 fquadron
915 1139 36 75 to
975 1139 93 75 bring
1096 1139 42 75 up

148 1185 85 75 their
250 1185 83 75 rear.
382 1185 110 75 Every
504 1185 60 75 one
576 1185 40 75 of
627 1185 99 75 thefe,
752 1185 169 75 obferving
937 1185 18 75 a
972 1185 62 75 due
1048 1185 88 75 birth

147 1233 62 75 and
226 1233 149 75 didance,
400 1233 54 75 are
470 1233 32 75 in
525 1233 55 75 the
597 1233 101 75 battle
721 1233 35 75 to
772 1233 116 75 fecond
901 1233 60 75 one
973 1233 134 75 another
1122 1233 11 75 ;

148 1279 63 75 and
227 1279 56 75 the
300 1279 106 75 better
424 1279 34 75 t©
476 1279 95 75 avoid
588 1279 162 75 confufion
778 1279 64 75 and
869 1279 114 75 falling
1005 1279 69 75 foul
1102 1279 41 75 of

146 1326 78 75 each
248 1326 106 75 other,
388 1326 35 75 to
448 1326 129 75 charge,
612 1326 176 75 difeharge,
823 1326 62 75 and
917 1326 59 75 fall
1008 1326 58 75 off,
1092 1326 44 75 by

147 1372 107 75 threes
271 1372 38 75 or
324 1372 90 75 fives,
439 1372 89 75 more
545 1372 38 75 or
603 1372 73 75 lefs,
703 1372 33 75 as
754 1372 56 75 the
825 1372 74 75 fleet
915 1372 27 75 is
958 1372 125 75 greater
1100 1372 38 75 or

148 1418 138 75 fmaller.
334 1418 76 75 The
428 1418 82 75 fhips
527 1418 40 75 of
591 1418 121 75 referve
730 1418 53 75 are
800 1418 168 75 inftrudted
984 1418 103 75 either
1103 1418 35 75 to

148 1464 133 75 fuccour
297 1464 62 75 and
377 1464 116 75 relieve
509 1464 90 75 thofe
615 1464 71 75 thit
703 1464 53 75 are
773 1464 62 75 any
851 1464 71 75 way
937 1464 33 75 in
995 1464 141 75 danger;

149 1511 37 75 or
202 1511 36 75 to
255 1511 124 75 fupply,
406 1511 62 75 and
496 1511 56 75 put
568 1511 188 75 themfelves
771 1511 33 75 in
821 1511 56 75 the
893 1511 89 75 place
999 1511 39 75 of
1050 1511 89 75 thofe

148 1558 70 75 that
236 1558 76 75 lhall
331 1558 39 75 be
387 1558 92 75 made
496 1558 246 75 unferviceable.

193 1605 50 75 As
260 1605 51 75 for
329 1605 18 75 a
364 1605 80 75 Ileet
461 1605 164 75 confiding
647 1605 58 75 but
722 1605 40 75 of
776 1605 63 75 few
856 1605 95 75 {hips,
969 1605 92 75 when
1077 1605 58 75 ob-

149 1652 85 75 liged
251 1652 35 75 to
302 1652 81 75 fight
399 1652 33 75 in
450 1652 38 75 an
506 1652 82 75 open
610 1652 63 75 fea,
698 1652 25 75 it
748 1652 112 75 (hould
876 1652 39 75 be
938 1652 140 75 brought
1094 1652 42 75 up

148 1698 36 75 to
205 1698 101 75 battle
328 1698 34 75 in
379 1698 75 75 only
472 1698 60 75 one
548 1698 101 75 front,
675 1698 80 75 with
779 1698 55 75 the
851 1698 91 75 chief
954 1698 132 75 admiral
1104 1698 32 75 in

149 1745 55 75 the
232 1745 120 75 middle
380 1745 40 75 of
442 1745 100 75 them,
574 1745 62 75 and
660 1745 41 75 on
731 1745 77 75 each
837 1745 62 75 fide
927 1745 40 75 of
990 1745 68 75 him
1080 1745 57 75 the

149 1791 150 75 dronged
315 1791 63 75 and
394 1791 65 75 bed
475 1791 153 75 provided
644 1791 81 75 {hips
742 1791 41 75 of
801 1791 54 75 the
872 1791 87 75 fleet.

100 1837 161 75 Battle
289 1837 26 75 is
343 1837 64 75 alfo
432 1837 75 75 ufed
533 1837 214 75 figuratively,
770 1837 52 75 for
842 1837 18 75 a
888 1837 246 75 reprefentation

148 1884 38 75 of
203 1884 19 75 a
238 1884 100 75 battle
353 1884 32 75 in
401 1884 173 75 fculpture,
599 1884 156 75 painting,
781 1884 63 75 and
859 1884 56 75 the
931 1884 78 75 like.

99 1931 283 75 BATTLE-/-dy.7?/,
407 1931 33 75 in
468 1931 244 75 cock-fighting,
737 1931 18 75 a
771 1931 80 75 fight
867 1931 144 75 between
1028 1931 104 75 three,

144 1978 74 75 five,
244 1978 37 75 or
296 1978 92 75 feven
406 1978 95 75 cocks
518 1978 42 75 all
577 1978 143 75 engaged
746 1978 160 75 together,
932 1978 34 75 fo
990 1978 71 75 that
1077 1978 56 75 the

146 2024 81 75 cock
243 2024 106 75 which
367 2024 103 75 Hands
487 2024 120 75 longed
633 2024 69 75 gets
732 2024 55 75 the
804 2024 76 75 day.

98 2070 235 75 Battle-«x,
371 2070 19 75 a
416 2070 78 75 kind
520 2070 40 75 of
577 2070 145 75 halbard,
756 2070 65 75 fird
848 2070 190 75 introduced
1062 2070 73 75 into

147 2115 148 75 England
312 2115 42 75 by
370 2115 55 75 the
442 2115 125 75 Danes.

99 2162 382 75 BATTLEMENTS,
506 2162 34 75 in
567 2162 220 75 architedure,
814 2162 53 75 are
884 2162 183 75 indentures
1093 2162 37 75 or

146 2208 133 75 notches
296 2208 33 75 in
344 2208 56 75 the
420 2208 56 75 top
494 2208 39 75 of
544 2208 19 75 a
578 2208 71 75 wall
668 2208 36 75 or
732 2208 96 75 other
843 2208 157 75 building,
1026 2208 31 75 in
1074 2208 57 75 the

146 2255 84 75 form
256 2255 39 75 of
306 2255 219 75 embraflures,
550 2255 52 75 for
618 2255 55 75 the
695 2255 76 75 fake
798 2255 41 75 of
860 2255 132 75 looking
1008 2255 124 75 though

146 2301 98 75 them.

98 2348 316 75 BATEOLOGY,
448 2348 32 75 in
505 2348 174 75 grammar,
703 2348 20 75 a
745 2348 198 75 fuperfluous
962 2348 170 75 repetition

145 2394 39 75 of
195 2394 85 75 fome
296 2394 107 75 words
419 2394 38 75 or
472 2394 120 75 things.

98 2440 216 75 BATTON,
340 2440 175 75 Batoon,
542 2440 37 75 or
595 2440 173 75 Baston.
820 2440 256 75 SccBaston.

97 2486 246 75 BATTORY,
368 2486 31 75 in
417 2486 188 75 commerce,
632 2486 19 75 a
666 2486 91 75 name
773 2486 92 75 given
883 2486 45 75 by
949 2486 55 75 the
1020 2486 109 75 Hanfe

145 2533 101 75 towns
268 2533 35 75 to
326 2533 85 75 their
432 2533 264 75 country-houfes
726 2533 61 75 and
814 2533 199 75 warehoufes
1029 2533 31 75 in
1078 2533 52 75 fo-

144 2580 88 75 reign
250 2580 173 75 countries.
455 2580 77 75 The
548 2580 152 75 principal
716 2580 156 75 batteries
887 2580 84 75 were
988 2580 33 75 at
1037 2580 91 75 Lon-

143 2628 77 75 don,
245 2628 198 75 Archangel,
479 2628 213 75 Novogorod,
729 2628 135 75 Liftion,
897 2628 135 75 Venice,
1066 2628 63 75 and

143 2672 170 75 Antwerp.

97 2720 210 75 BATTUS,
333 2720 41 75 an
401 2720 95 75 order
522 2720 41 75 of
585 2720 158 75 penitents
771 2720 33 75 at
827 2720 165 75 Avignon,
1017 2720 62 75 and
1095 2720 33 75 in

141 2766 177 75 Provence,
343 2766 106 75 whofe
465 2766 87 75 piety
569 2766 116 75 carries
713 2766 89 75 them
830 2766 35 75 to
887 2766 139 75 exercife
1050 2766 79 75 very

142 2813 106 75 fevere
265 2813 163 75 difeipline
444 2813 85 75 upon
545 2813 202 75 themfelves,
772 2813 80 75 both
876 2813 33 75 in
933 2813 109 75 public
1067 2813 63 75 and

141 2859 136 75 private.

93 2908 273 75 BATUECOS,
383 2908 39 75 or
437 2908 81 75 Los
537 2908 219 75 Batuecos,
775 2908 18 75 a
809 2908 112 75 people
932 2908 41 75 of
982 2908 95 75 Spain
1093 2908 34 75 in

141 2954 54 75 the
211 2954 153 75 kingdom
381 2954 40 75 of
432 2954 106 75 Leon,
564 2954 71 75 that
650 2954 123 75 inhabit
791 2954 55 75 the
868 2954 180 75 mountains
1071 2954 55 75 be-

1164 132 70 75 531
1297 132 18 75 )

1671 132 236 75 BAY

1244 203 104 75 tween
1377 203 187 75 Salamanca
1588 203 63 75 and
1676 203 131 75 Corica,
1833 203 63 75 and
1920 203 54 75 are
1993 203 137 75 thought
2146 203 37 75 to
2198 203 45 75 be

1243 249 177 75 defeended
1436 249 85 75 from
1539 249 55 75 the
1611 249 111 75 Goths

1195 297 142 75 BATZ,
1364 297 19 75 a
1400 297 117 75 copper
1540 297 71 75 coin
1628 297 110 75 mixed
1758 297 78 75 with
1854 297 85 75 fome
1955 297 103 75 filver,
2084 297 63 75 and
2163 297 75 75 cur-

1242 343 71 75 rent
1331 343 32 75 at
1380 343 151 75 different
1550 343 95 75 rates,
1672 343 171 75 according
1861 343 34 75 to
1912 343 55 75 the
1985 343 98 75 alloy,
2110 343 32 75 in
2161 343 76 75 Nu-

1238 389 159 75 remberg,
1423 389 98 75 Bafil,
1548 389 171 75 Fribourg,
1745 389 162 75 Lucerne,
1931 389 64 75 and
2018 389 95 75 other
2141 389 92 75 cities

1240 436 38 75 of
1290 436 168 75 Germany
1474 436 62 75 and
1556 436 227 75 Switzerland.

1191 483 232 75 BAVARIA,
1449 483 61 75 one
1526 483 41 75 of
1582 483 55 75 the
1653 483 113 75 circles
1795 483 41 75 of
1858 483 54 75 the
1937 483 144 75 German
2099 483 131 75 empire,

1238 530 89 75 lying
1344 530 144 75 between
1505 530 130 75 Audria
1650 530 42 75 on
1715 530 56 75 the
1788 530 75 75 ead,
1890 530 63 75 and
1970 530 129 75 Swabia
2117 530 43 75 on
2176 530 56 75 the

1238 576 86 75 wed.

1286 624 75 75 The
1381 624 85 75 duke
1483 624 38 75 of
1534 624 138 75 Bavaria
1698 624 27 75 is
1753 624 61 75 one
1840 624 41 75 of
1904 624 56 75 the
1985 624 72 75 nine
2082 624 148 75 electors.

1240 670 60 75 See
1316 670 204 75 Elector.

1190 718 179 75 BAVAY;
1395 718 17 75 a
1428 718 89 75 fmall
1534 718 88 75 town
1649 718 33 75 in
1710 718 56 75 the
1793 718 152 75 province
1973 718 40 75 of
2035 718 133 75 Hainalt
2196 718 34 75 in

1238 764 125 75 French
1392 764 166 75 Flanders,
1591 764 98 75 about
1716 764 115 75 twelve
1860 764 91 75 miles
1980 764 186 75 fouth-wed
2194 764 42 75 of

1236 811 112 75 Mons,
1374 811 30 75 in
1429 811 16 75 3
1445 793 23 49 0
1482 811 45 75 4Q
1527 793 11 49 /
1558 811 42 75 E.
1621 811 88 75 long,
1735 811 61 75 and
1817 811 63 75 50°
1900 811 42 75 25
1972 811 45 75 N.
2038 811 58 75 lat.

1189 857 257 75 BAUHINIA,
1471 857 31 75 in
1522 857 129 75 botany,
1678 857 18 75 a
1712 857 100 75 genus
1832 857 42 75 of
1897 857 55 75 the
1969 857 170 75 decandria
2156 857 69 75 mo-

1236 905 137 75 nogynia
1386 905 91 75 clafs.
1525 905 78 75 The
1620 905 86 75 calix
1717 905 58 75 has
1788 905 60 75 five
1865 905 162 75 divifions,
2054 905 62 75 and
2132 905 26 75 is
2171 905 59 75 de-

1237 952 132 75 ciduous
1381 952 11 75 ;
1417 952 56 75 the
1490 952 102 75 petals
1608 952 53 75 are
1678 952 95 75 open,
1800 952 132 75 oblong,
1958 952 60 75 and
2035 952 140 75 inferred
2186 952 47 75 by

1237 998 95 75 claws
1349 998 68 75 into
1434 998 56 75 the
1508 998 100 75 calix.
1653 998 79 75 The
1756 998 119 75 fpecies
1902 998 55 75 are
1985 998 101 75 eight,
2112 998 43 75 all
2172 998 56 75 na-

1236 1044 80 75 tives
1334 1044 39 75 of
1384 1044 57 75 the
1457 1044 120 75 Indies.

1188 1092 192 75 BAVINS,
1417 1092 31 75 in
1477 1092 55 75 the
1560 1092 142 75 military
1730 1092 63 75 art,
1828 1092 117 75 denote
1973 1092 257 75 brufti-faggots^

1236 1137 77 75 with
1331 1137 55 75 the
1402 1137 93 75 brudr
1513 1137 32 75 at
1561 1137 125 75 length.

1188 1185 154 75 BAUM,
1367 1185 31 75 in
1416 1185 133 75 botany.
1599 1185 61 75 See
1677 1185 192 75 Melissa.

1187 1232 214 75 BAURAC,
1427 1232 18 75 a
1468 1232 91 75 name
1576 1232 145 75 ancienty
1739 1232 75 75 ufed
1831 1232 51 75 for
1900 1232 95 75 nitre.

1186 1279 247 75 BAUTZEN,
1458 1279 56 75 the
1530 1279 90 75 chief
1631 1279 86 75 town
1735 1279 40 75 of
1786 1279 133 75 Lufatia
1935 1279 31 75 in
1984 1279 182 75 Germany,
2191 1279 35 75 a-

1234 1324 77 75 bout
1325 1324 179 75 thirty-five
1520 1324 91 75 miles
1624 1324 176 75 north-ead
1813 1324 40 75 of
1864 1324 161 75 Drefden,
2041 1324 32 75 in
2092 1324 40 75 14
2132 1306 22 49 0
2170 1324 58 75 30^

1235 1371 43 75 E.
1297 1371 86 75 long,
1410 1371 63 75 and
1492 1371 61 75 51°
1576 1371 52 75 15'
1645 1371 46 75 N.
1710 1371 57 75 lat.

1188 1418 250 75 BAWLING,
1464 1418 115 75 among
1596 1418 184 75 fportfmen,
1798 1418 55 75 the
1869 1418 85 75 fame
1967 1418 77 75 with
2058 1418 164 75 babbling.

1237 1464 60 75 See
1314 1464 219 75 Babbling.

1188 1510 109 75 BAY,
1322 1510 31 75 in
1371 1510 197 75 geography,
1593 1510 38 75 an
1657 1510 68 75 arm
1742 1510 41 75 of
1795 1510 55 75 the
1865 1510 51 75 fea
1931 1510 147 75 {hooting
2094 1510 42 75 up
2153 1510 70 75 into

1235 1557 54 75 the
1305 1557 90 75 land,
1420 1557 62 75 and
1499 1557 202 75 terminating
1717 1557 31 75 in
1774 1557 19 75 a
1817 1557 98 75 nook.
1965 1557 32 75 It
2014 1557 27 75 is
2058 1557 18 75 a
2093 1557 77 75 kind
2186 1557 44 75 of

1233 1603 90 75 lefler
1354 1603 80 75 gulf,
1463 1603 111 75 bigger
1590 1603 77 75 than
1684 1603 18 75 a
1719 1603 108 75 creek,
1852 1603 62 75 and
1941 1603 27 75 is
1996 1603 106 75 larger
2125 1603 32 75 in
2181 1603 41 75 its

1234 1650 119 75 middle
1371 1650 110 75 within
1498 1650 77 75 than
1592 1650 32 75 at
1641 1650 41 75 its
1700 1650 161 75 entrance.
1917 1650 76 75 The
2017 1650 114 75 larged
2159 1650 63 75 and

1233 1697 79 75 mod
1339 1697 98 75 noted
1453 1697 79 75 bays
1560 1697 35 75 in
1616 1697 57 75 the
1700 1697 104 75 world
1831 1697 54 75 ate
1909 1697 90 75 thofe
2026 1697 41 75 of
2089 1697 131 75 Bifcay,

1232 1744 136 75 Bengal,
1392 1744 176 75 Hudfon’s,
1594 1744 153 75 Panama,

1184 1790 96 75 Bay,
1306 1790 116 75 among
1437 1790 147 75 farmers,
1609 1790 19 75 a
1650 1790 83 75 term
1748 1790 77 75 ufed
1841 1790 34 75 to
1891 1790 115 75 fignify
2022 1790 56 75 the
2094 1790 122 75 magni-

1234 1838 75 75 tude
1325 1838 41 75 of
1377 1838 18 75 a
1411 1838 78 75 barn
1501 1838 10 75 ;
1530 1838 47 75 as,
1595 1838 32 75 if
1637 1838 19 75 a
1668 1838 78 75 barn
1764 1838 124 75 confids
1902 1838 40 75 of
1953 1838 18 75 a
1988 1838 81 75 floor
2080 1838 62 75 and
2154 1838 67 75 two

1231 1885 112 75 heads,
1367 1885 108 75 where
1492 1885 78 75 they
1585 1885 55 75 lay
1656 1885 88 75 corn,
1763 1885 78 75 they
1853 1885 60 75 call
1926 1885 25 75 it
1968 1885 19 75 a
2004 1885 82 75 barn
2103 1885 42 75 of
2152 1885 66 75 two

1231 1931 84 75 bays.
1347 1931 77 75 The
1436 1931 77 75 bays
1530 1931 54 75 are
1599 1931 84 75 from
1700 1931 147 75 fourteen
1859 1931 35 75 to
1906 1931 123 75 twenty
2046 1931 64 75 feet
2125 1931 102 75 long.:

1183 1978 84 75 Bay
1282 1978 134 75 denotes
1432 1978 139 75 likewife
1595 1978 18 75 a
1640 1978 108 75 pound
1774 1978 94 75 head,
1894 1978 92 75 made
2014 1978 36 75 to
2075 1978 82 75 keep
2184 1978 40 75 in.

1231 2025 80 75 dore
1323 2025 41 75 of
1374 2025 101 75 water
1498 2025 53 75 for
1562 2025 127 75 driving
1700 2025 56 75 the
1773 2025 122 75 wheels
1909 2025 40 75 of
1960 2025 56 75 the
2032 2025 130 75 furnace
2180 2025 37 75 or

1230 2073 141 75 hammer
1388 2073 171 75 belonging
1576 2073 34 75 to
1627 2073 39 75 an
1682 2073 170 75 iron-mill,
1877 2073 43 75 by
1935 2073 56 75 the
2016 2073 111 75 dream
2144 2073 72 75 that

1231 2118 106 75 comes
1347 2118 115 75 thence
1472 2118 141 75 through
1626 2118 18 75 a
1660 2118 190 75 flood-gate,
1864 2118 103 75 called
1978 2118 55 75 the
2040 2118 174 75 pen-Jlock.

1182 2165 82 75 Bay
1282 2165 27 75 is
1326 2165 65 75 alfo
1406 2165 62 75 one
1485 2165 40 75 of
1536 2165 55 75 the
1608 2165 127 75 colours
1752 2165 40 75 of
1803 2165 56 75 the
1874 2165 71 75 hair
1961 2165 40 75 of
2018 2165 123 75 horfes,
2166 2165 48 75 in-

1229 2211 118 75 clining
1363 2211 35 75 to
1415 2211 68 75 red,
1509 2211 62 75 and
1588 2211 127 75 coming
1731 2211 109 75 pretty
1859 2211 76 75 near
1947 2211 55 75 the
2019 2211 112 75 colour
2147 2211 40 75 of
2198 2211 25 75 a,

1228 2258 144 75 chefnut.
1420 2258 113 75 There
1558 2258 53 75 are
1637 2258 61 75 five
1722 2258 151 75 different
1899 2258 183 75 gradations
2099 2258 41 75 of
2157 2258 58 75 the

1228 2305 204 75 bay-colour,
1465 2305 68 75 viz.
1570 2305 222 75 chefnut-bay,
1816 2305 177 75 light-bay,
2018 2305 206 75 yellow-bay

1228 2351 38 75 or
1281 2351 158 75 dun-day,
1465 2351 212 75 bloody-bay,
1702 2351 106 75 which
1833 2351 27 75 is
1883 2351 64 75 alfo
1965 2351 103 75 called
2084 2351 128 75 fcarlet-

1227 2398 74 75 bay,
1326 2398 63 75 and
1405 2398 55 75 the
1475 2398 204 75 brown-bay.

1180 2445 96 75 Bay,
1302 2445 114 75 among
1432 2445 180 75 huntfmen.
1661 2445 93 75 Deer
1778 2445 54 75 are
1848 2445 67 75 faid
1931 2445 35 75 to
1983 2445 88 75 dand
2086 2445 33 75 at
2135 2445 86 75 bay,,

1226 2492 105 75 when,
1350 2492 83 75 after
1449 2492 94 75 being
1555 2492 81 75 hard
1652 2492 58 75 run
1710 2524 19 49 y
1742 2492 77 75 they
1836 2492 74 75 turn
1925 2492 83 75 head
2025 2492 119 75 againd
2156 2492 62 75 the.

1223 2539 137 75 hounds.

1178 2585 181 75 BAY-rr?(?,
1410 2585 61 75 See
1488 2585 184 75 Laurus..

1177 2631 176 75 BAY-falt.
1404 2631 61 75 See
1484 2631 117 75 Salt.

1177 2680 211 75 BAYEUX,
1414 2680 19 75 a
1458 2680 66 75 city
1548 2680 41 75 of
1606 2680 192 75 Normandy
1825 2680 33 75 in
1881 2680 135 75 France,
2042 2680 98 75 about
2156 2680 52 75 fif-

1225 2725 72 75 teen
1313 2725 90 75 miles
1419 2725 186 75 north-wed
1629 2725 41 75 of
1689 2725 102 75 Caen,
1816 2725 34 75 in
1877 2725 55 75 50'
1951 2725 61 75 W.
2030 2725 89 75 long.
2146 2725 71 75 and.

1226 2774 43 75 49
1269 2756 17 49 0
1306 2774 45 75 20
1377 2774 48 75 N.
1437 2774 59 75 lat.

1177 2820 244 75 BAYONET,
1446 2820 31 75 in
1494 2820 56 75 the
1565 2820 142 75 military
1725 2820 70 75 art,,
1812 2820 20 75 a
1854 2820 87 75 diort
1957 2820 101 75 broad
2073 2820 134 75 dagger,

1224 2866 152 75 formerly
1393 2866 80 75 with
1490 2866 18 75 a
1524 2866 104 75 round
1643 2866 117 75 handle
1776 2866 93 75 fitted
1896 2866 52 75 for
1965 2866 56 75 the
2037 2866 78 75 bore
2132 2866 40 75 of
2189 2866 27 75 a;

1225 2913 143 75 firelock,
1396 2913 33 75 to
1445 2913 40 75 be
1502 2913 89 75 fixed
1613 2913 91 75 there
1722 2913 83 75 after
1821 2913 55 75 the
1891 2913 118 75 foldier
2024 2913 64 75 had
2104 2913 79 75 fired
2197 2913 12 75 ;

1222 2961 58 75 but
1300 2961 78 75 they
1393 2961 53 75 are
1462 2961 74 75 now
1561 2961 91 75 made
1677 2961 80 75 with
1775 2961 70 75 iron
1871 2961 134 75 handles
2024 2961 65 75 and
2108 2961 100 75 rings,

2136 3016 79 75 that
