2381 3327
451 115 40 75 A
548 115 37 75 L
644 115 35 75 c

1026 115 17 75 (
1104 115 10 75 :

110 182 85 75 their
211 182 78 75 nails
306 182 62 75 and
386 182 82 75 hair.
517 182 39 75 In
570 182 113 75 dying,
708 182 27 75 it
751 182 87 75 gives
859 182 19 75 a
893 182 119 75 yellow
1036 182 54 75 co-

112 228 84 75 lour,
221 228 93 75 when
341 228 125 75 fteeped
490 228 80 75 with
595 228 148 75 common
757 228 121 75 water;
904 228 63 75 and
994 228 19 75 a
1035 228 58 75 red

86 274 4 75 '
109 274 75 75 one,
197 274 93 75 when
302 274 124 75 infufed
441 274 33 75 in
489 274 142 75 vinegar.
663 274 113 75 There
792 274 27 75 is
836 274 64 75 alfo
917 274 38 75 an
973 274 45 75 oil
1033 274 58 75 ex-

112 320 122 75 tradled
249 320 85 75 from
348 320 55 75 the
421 320 119 75 berries
565 320 40 75 of
625 320 141 75 alcanna,
792 320 62 75 and
878 320 77 75 ufed
977 320 33 75 in
1026 320 65 75 me-

113 367 103 75 dicine
232 367 33 75 as
282 367 19 75 a
316 367 131 75 calmer.

65 413 204 75 Alcanna.
319 413 62 75 See
398 413 330 75 Ichthyocolla.

65 459 319 75 ALCANTARA,
409 459 19 75 a
455 459 65 75 city
537 459 39 75 of
596 459 112 75 Spain,
734 459 32 75 in
793 459 56 75 the
877 459 151 75 province
1056 459 41 75 of

111 504 237 75 Eftremadura,
372 504 44 75 on
444 504 55 75 the
529 504 151 75 frontiers
708 504 40 75 of
772 504 177 75 Portugal;
993 504 34 75 7.
1056 504 36 75 o.

111 553 62 75 W.
190 553 89 75 long.
308 553 57 75 39.
387 553 55 75 10.
459 553 48 75 N.
525 553 58 75 lat.

66 598 143 75 Knights
232 598 44 75 of
290 598 260 75 Alcantara,
587 598 19 75 a
631 598 143 75 military
794 598 99 75 order
920 598 41 75 of
979 598 111 75 Spain,

110 644 107 75 which
234 644 79 75 took
336 644 43 75 its
403 644 91 75 name
515 644 86 75 from
617 644 56 75 the
697 644 300 75 above-mentioned
1013 644 78 75 city.

156 690 77 75 The
250 690 130 75 knights
397 690 40 75 of
448 690 177 75 Alcantara
639 690 93 75 make
748 690 19 75 a
783 690 78 75 very
878 690 214 75 confiderable

112 737 101 75 figure
240 737 33 75 in
299 737 55 75 the
382 737 120 75 hiftory
528 737 41 75 of
590 737 56 75 the
673 737 202 75 expeditions
900 737 118 75 againft
1037 737 55 75 the

112 783 132 75 Moors.

64 829 244 75 ALCARAZ,
335 829 18 75 a
370 829 87 75 town
474 829 40 75 of
527 829 110 75 Spain,
655 829 35 75 in
703 829 56 75 the
775 829 150 75 province
941 829 41 75 of
992 829 101 75 New-

112 876 130 75 Caftile,
265 876 135 75 fituated
414 876 42 75 on
477 876 56 75 the
557 876 83 75 river
656 876 228 75 Guadarema;
913 876 34 75 3.
968 876 36 75 o.
1029 876 63 75 W.

111 923 88 75 long.
226 923 57 75 38.
304 923 33 75 3.
353 923 48 75 N.
425 923 58 75 lat.

65 969 230 75 ALCAZAR
319 969 39 75 de
374 969 74 75 Sal,
474 969 19 75 a
515 969 91 75 fmall
628 969 88 75 town
734 969 40 75 of
792 969 167 75 Portugal,
985 969 33 75 in
1038 969 55 75 the

113 1014 150 75 province
285 1014 40 75 of
336 1014 236 75 Eftremadura,
597 1014 77 75 near
689 1014 55 75 the
765 1014 138 75 confines
920 1014 40 75 of
971 1014 72 75 that
1058 1014 42 75 of

113 1061 166 75 Alantejo.

67 1108 143 75 ALCE,
234 1108 193 75 ocAlces,
452 1108 32 75 in
502 1108 151 75 zoology,
678 1108 55 75 the
760 1108 107 75 trivial
894 1108 91 75 name
1013 1108 41 75 of
1076 1108 20 75 a

113 1153 116 75 fpecies
246 1153 39 75 of
296 1153 56 75 the
368 1153 124 75 cervus,
517 1153 172 75 belonging
705 1153 35 75 to
756 1153 55 75 the
828 1153 94 75 order
940 1153 39 75 of
994 1153 101 75 mam-

114 1199 95 75 malia
224 1199 127 75 pecora.
400 1199 63 75 See
479 1199 174 75 Cervus.

68 1246 178 75 ALCEA,
271 1246 37 75 or
334 1246 380 75 Vervain-mallow,
740 1246 32 75 in
795 1246 133 75 botany,
953 1246 19 75 a
996 1246 98 75 genus

115 1293 40 75 of
165 1293 56 75 the
237 1293 225 75 monodelphia
476 1293 187 75 polyandria
685 1293 91 75 clafs.
823 1293 113 75 There
952 1293 54 75 are
1018 1293 77 75 only

116 1338 66 75 two
200 1338 118 75 fpecies
337 1338 40 75 of
389 1338 63 75 this
472 1338 112 75 genus,
610 1338 70 75 viz.
697 1338 56 75 the
770 1338 88 75 rofea
873 1338 62 75 and
950 1338 143 75 ficifolia.

113 1384 85 75 This
222 1384 99 75 genus
346 1384 110 75 differs
476 1384 85 75 little
584 1384 85 75 from
697 1384 56 75 the
780 1384 148 75 common
954 1384 141 75 mallow,

116 1430 101 75 either
243 1430 33 75 in
309 1430 100 75 figure
436 1430 38 75 or
501 1430 134 75 medical
662 1430 132 75 virtues,
827 1430 170 75 excepting
1025 1430 71 75 that

115 1477 55 75 the
186 1477 104 75 leaves
311 1477 41 75 of
369 1477 55 75 the
441 1477 87 75 alcea
544 1477 53 75 are
613 1477 88 75 more
717 1477 116 75 deeply
848 1477 141 75 divided.

70 1523 131 75 Alcea
219 1523 169 75 veftcaria,
413 1523 32 75 in
460 1523 133 75 botany,
619 1523 38 75 an
674 1523 141 75 obfolete
831 1523 91 75 name
942 1523 39 75 of
993 1523 18 75 a
1027 1523 67 75 fpe-

115 1568 63 75 cies
196 1568 39 75 of
247 1568 54 75 the
317 1568 133 75 ketmia.
500 1568 61 75 See
577 1568 177 75 Ketmia.

70 1616 214 75 ALCEDO,
309 1616 38 75 or
370 1616 56 75 the
449 1616 306 75 Kings-fisher,
780 1616 33 75 in
834 1616 218 75 ornithology,
1078 1616 19 75 a

115 1660 99 75 genus
230 1660 40 75 of
280 1660 56 75 the
352 1660 96 75 order
467 1660 40 75 of
521 1660 91 75 picae.
674 1660 79 75 The
770 1660 110 75 alcedo
896 1660 57 75 has
970 1660 20 75 a
1005 1660 88 75 long,

116 1704 98 75 ftrait,
232 1704 101 75 thick,
351 1704 174 75 triangular
536 1704 79 75 bill;
634 1704 79 75 with
725 1704 19 75 a
754 1704 108 75 flelhy,
879 1704 97 75 plain,
995 1704 97 75 Ihort,

117 1749 55 75 flat
188 1749 130 75 tongue.
366 1749 112 75 There
496 1749 61 75 are.
570 1749 92 75 feven
684 1749 117 75 fpecies
829 1749 40 75 of
891 1749 54 75 the
968 1749 124 75 alcedo,

118 1795 68 75 viz.
217 1795 30 75 1.
271 1795 76 75 The
371 1795 111 75 ifpjda,
507 1795 39 75 or
569 1795 146 75 common
743 1795 211 75 kings-fifher,
979 1795 79 75 with
1077 1795 19 75 a

117 1841 85 75 fliort
218 1841 68 75 tail,
305 1841 72 75 blue
392 1841 112 75 above,
522 1841 63 75 and
600 1841 161 75 yellowifli
777 1841 119 75 below.
932 1841 31 75 It
979 1841 116 75 haunts

116 1888 55 75 the
194 1888 105 75 fhores
325 1888 42 75 of
388 1888 131 75 Europe
545 1888 64 75 and
631 1888 88 75 Afia.
778 1888 31 75 2.
836 1888 77 75 The
939 1888 154 75 erithaca,

116 1934 77 75 with
211 1934 18 75 a
241 1934 85 75 fliort
342 1934 70 75 tail,
438 1934 19 75 a
472 1934 73 75 blue
562 1934 93 75 back,
682 1934 19 75 a
715 1934 118 75 yellow
853 1934 71 75 bill,
949 1934 19 75 a
984 1934 111 75 purple

114 1980 83 75 head
212 1980 62 75 and
291 1980 103 75 rump,
419 1980 63 75 and
505 1980 55 75 the
584 1980 111 75 throat
716 1980 62 75 and
803 1980 138 75 oppofite
965 1980 71 75 part
1060 1980 41 75 of

115 2026 54 75 the
187 2026 79 75 neck
282 2026 110 75 white.
442 2026 31 75 It
490 2026 26 75 is
540 2026 19 75 a
582 2026 104 75 native
710 2026 41 75 of
772 2026 136 75 Bengal.
960 2026 32 75 3.
1016 2026 78 75 The

114 2073 125 75 alcyon,
265 2073 79 75 with
359 2073 20 75 a
394 2073 86 75 fliort
497 2073 92 75 black
606 2073 70 75 tail,
701 2073 97 75 white
814 2073 99 75 belly,
939 2073 62 75 and
1027 2073 66 75 fer-

115 2118 152 75 ruginous
284 2118 115 75 breaft.
431 2118 33 75 It
480 2118 27 75 is
525 2118 18 75 a
558 2118 108 75 native
687 2118 41 75 of
741 2118 166 75 America.
957 2118 34 75 4.
1016 2118 77 75 The

115 2165 108 75 todus,
240 2165 80 75 with
337 2165 19 75 a
367 2165 86 75 fliort
469 2165 95 75 green
576 2165 69 75 tail,
663 2165 18 75 a
691 2165 269 75 blood-coloured
970 2165 122 75 throat,

117 2211 62 75 and
194 2211 20 75 a
230 2211 97 75 white
343 2211 99 75 belly.
492 2211 31 75 It
539 2211 26 75 is
583 2211 17 75 a
617 2211 105 75 native
739 2211 40 75 of
790 2211 172 75 America;
988 2211 62 75 and
1065 2211 27 75 is

116 2258 55 75 the
183 2258 94 75 green
290 2258 149 75 fpatrow,
451 2258 37 75 or
500 2258 95 75 green
608 2258 254 75 humming-bird
872 2258 40 75 of
919 2258 172 75 Edwards,

120 2304 30 75 y.
173 2304 77 75 The
278 2304 196 75 fmyrnenfis,
506 2304 81 75 with
604 2304 18 75 a
636 2304 87 75 ftiort
737 2304 97 75 green
857 2304 67 75 tail,
955 2304 136 75 ferrugi-

115 2350 78 75 nous
217 2350 115 75 wings,
358 2350 62 75 and
441 2350 97 75 green
562 2350 94 75 back.
712 2350 33 75 It
772 2350 27 75 is
825 2350 18 75 a
869 2350 105 75 native
989 2350 41 75 of
1040 2350 49 75 A-

114 2396 79 75 frica
210 2396 63 75 and
289 2396 87 75 Afia.
425 2396 34 75 6.
484 2396 77 75 The
588 2396 102 75 rudis,
715 2396 79 75 with
822 2396 18 75 a
866 2396 111 75 brown
1004 2396 87 75 fliort

114 2442 57 75 tail
186 2442 184 75 variegated
384 2442 80 75 with
480 2442 110 75 white.
647 2442 32 75 It
705 2442 26 75 is
756 2442 19 75 a
797 2442 105 75 native
925 2442 40 75 of
981 2442 111 75 Perfia

115 2489 63 75 and
203 2489 123 75 Egypt.
389 2489 32 75 7.
445 2489 77 75 The
548 2489 72 75 dea,
645 2489 79 75 with
747 2489 65 75 two
834 2489 78 75 very
932 2489 76 75 long
1024 2489 66 75 fea-

114 2535 87 75 thers
225 2535 32 75 in
272 2535 57 75 the
344 2535 70 75 tail,
439 2535 19 75 a
478 2535 137 75 blackifti
640 2535 72 75 blue
736 2535 98 75 body,
860 2535 63 75 and
949 2535 140 75 greenifti

113 2581 114 75 wings.
277 2581 32 75 It
325 2581 26 75 is
369 2581 18 75 a
406 2581 106 75 native
536 2581 40 75 of
595 2581 160 75 Surinam.
803 2581 60 75 All
889 2581 55 75 the
972 2581 118 75 fpecies

114 2627 40 75 of
173 2627 64 75 this
257 2627 98 75 genus
373 2627 72 75 dive
468 2627 43 75 in.
523 2627 55 75 the
594 2627 110 75 water,
730 2627 63 75 and
815 2627 93 75 catch
931 2627 55 75 fifti
1011 2627 80 75 with

113 2672 85 75 their
214 2672 76 75 long
305 2672 110 75 beaks.

68 2720 338 75 ALCHEMILLA,
424 2720 38 75 or
482 2720 339 75 Ladies-mantle,
840 2720 19 75 a
870 2720 97 75 genus
984 2720 40 75 of
1033 2720 57 75 the

114 2765 174 75 tetrandria
302 2765 191 75 monogynia
509 2765 90 75 clafs.
647 2765 76 75 The
739 2765 103 75 leaves
862 2765 41 75 of
915 2765 65 75 this
992 2765 98 75 genus

115 2811 52 75 are
183 2811 153 75 ferrated.
368 2811 76 75 The
460 2811 60 75 cup
538 2811 26 75 is
578 2811 130 75 divided
722 2811 67 75 into
806 2811 88 75 eight
909 2811 156 75 fegments
1077 2811 10 75 ;

113 2856 55 75 the
188 2856 125 75 flowers
341 2856 52 75 are
416 2856 175 75 apetalous,
625 2856 62 75 and
714 2856 152 75 colledted
892 2856 33 75 in
950 2856 139 75 bunches

114 2901 84 75 upon
214 2901 55 75 the
284 2901 74 75 tops
374 2901 40 75 of
425 2901 55 75 the
495 2901 79 75 ftalk
593 2901 11 75 ;
630 2901 54 75 the
699 2901 230 75 feed-capfules
946 2901 143 75 general-

161 2949 97 75 Vol.
275 2949 29 75 I.
330 2949 71 75 No.
423 2949 33 75 4.

974 2949 18 75 3

1134 108 20 75 7
1212 108 18 75 )

1571 108 42 75 A
1670 108 34 75 L
1762 108 34 75 C

1189 174 34 75 ly
1238 174 127 75 contain
1383 174 65 75 two
1466 174 90 75 conic
1577 174 88 75 feeds
1690 174 32 75 in
1746 174 91 75 each.
1894 174 111 75 There
2025 174 53 75 are
2094 174 78 75 only

1190 221 90 75 three
1300 221 117 75 fpecies
1437 221 41 75 of
1496 221 56 75 the
1578 221 192 75 alchemilla,
1796 221 71 75 viz.
1893 221 56 75 the
1972 221 139 75 vulgaris
2135 221 41 75 of

1189 267 55 75 the
1256 267 105 75 (hops,
1374 267 105 75 which
1496 267 27 75 is
1540 267 155 75 efteemed
1707 267 19 75 a
1737 267 158 75 powerful
1906 267 191 75 vulnerary;
2116 267 56 75 the

1189 313 114 75 minor,
1340 313 38 75 or
1404 313 76 75 leaft
1506 313 258 75 ladies-mantle;
1808 313 63 75 and
1896 313 57 75 the
1981 313 117 75 alpina,
2134 313 38 75 or

1190 360 190 75 cinque-foil
1396 360 256 75 ladies-mantle;
1679 360 43 75 all
1738 360 41 75 of
1797 360 105 75 which
1920 360 54 75 are
1997 360 123 75 natives
2136 360 42 75 of

1190 406 139 75 Britain.

1142 452 303 75 ALCHEMIST,
1471 452 19 75 a
1516 452 204 75 practitioner
1743 452 33 75 in
1803 452 157 75 alchemy.
2011 452 62 75 See
2097 452 73 75 Al-

1194 498 147 75 chemy.

1142 545 252 75 ALCHEMY,
1420 545 71 75 that
1518 545 121 75 branch
1668 545 40 75 of
1726 545 169 75 chemiftry
1910 545 105 75 which
2039 545 65 75 had
2120 545 51 75 for

1188 592 40 75 its
1246 592 153 75 principal
1426 592 120 75 objedts
1570 592 56 75 the
1646 592 243 75 tranfmutation
1914 592 40 75 of
1972 592 113 75 metals
2101 592 70 75 into

1188 638 98 75 gold;
1312 638 55 75 the
1384 638 147 75 panacea,
1557 638 38 75 or
1611 638 155 75 univerfal
1783 638 152 75 remedy;
1962 638 39 75 an
2018 638 152 75 alkaheft,

1189 684 38 75 or
1253 684 155 75 univerfal
1438 684 212 75 menftruum;
1677 684 39 75 an
1745 684 153 75 univerfal
1926 684 157 75 ferment;
2109 684 63 75 and

1189 731 96 75 many
1300 731 94 75 other
1409 731 107 75 things
1541 731 131 75 equally
1699 731 186 75 ridiculous.
1934 731 63 75 See
2020 731 151 75 Chemi-

1195 778 114 75 stry,
1337 778 235 75 Introdufcion.

1143 825 195 75 Alchemy
1361 825 26 75 is
1405 825 64 75 alfo
1485 825 179 75 fometimes
1681 825 77 75 ufed
1774 825 32 75 as
1824 825 20 75 a
1858 825 213 75 fynonymous
2088 825 83 75 term

1190 870 53 75 for
1258 870 169 75 chemiftry
1443 870 33 75 in
1494 870 140 75 general.

1144 918 327 75 A.LCHIMILLA.
1521 918 62 75 See
1599 918 278 75 Alchemilla.

1142 963 239 75 ALCHIMY,
1401 963 212 75 Alchymy,
1636 963 64 75 and
1715 963 254 75 Alchymist.
2018 963 61 75 See
2096 963 74 75 Al-

1194 1010 146 75 chemy,
1366 1010 63 75 and
1445 1010 248 75 Alchemist.

1143 1057 309 75 ALCHITRAM,
1477 1057 38 75 or
1532 1057 252 75 Alchitran,
1810 1057 19 75 a
1841 1057 82 75 term
1935 1057 116 75 among
2063 1057 106 75 alche-

1191 1103 84 75 mifts
1293 1103 51 75 for
1360 1103 56 75 the
1432 1103 44 75 oil
1493 1103 40 75 of
1541 1103 140 75 juniper,
1708 1103 65 75 <bc.

1143 1150 256 75 ALCIBIUM,
1425 1150 38 75 or
1479 1150 273 75 Alcibiadum,
1778 1150 32 75 in
1824 1150 131 75 botany,
1973 1150 40 75 an
2028 1150 142 75 obfolete

1190 1196 83 75 term
1289 1196 40 75 of
1341 1196 19 75 a
1376 1196 117 75 fpecies
1516 1196 40 75 of
1570 1196 139 75 echium.
1759 1196 61 75 See
1836 1196 179 75 Echium.

1143 1243 253 75 ALCMAER,
1423 1243 18 75 a
1456 1243 88 75 town
1555 1243 39 75 of
1606 1243 47 75 N.
1668 1243 154 75 Holland,
1841 1243 197 75 remarkable
2051 1243 50 75 for
2113 1243 57 75 the

1190 1289 60 75 fine
1267 1289 138 75 paftures
1422 1289 33 75 in
1470 1289 43 75 its
1529 1289 276 75 neighbourhood,
1824 1289 62 75 and
1901 1289 55 75 the
1968 1289 89 75 great
2069 1289 100 75 quan-

1190 1335 85 75 tities
1296 1335 41 75 of
1348 1335 107 75 butter
1473 1335 64 75 and
1552 1335 110 75 cheefe
1678 1335 92 75 made
1790 1335 104 75 there.

1145 1382 310 75 ALCMANIAN,
1472 1382 33 75 in
1522 1382 126 75 ancient
1664 1382 80 75 lyric
1761 1382 126 75 poetry,
1906 1382 18 75 a
1939 1382 78 75 kind
2032 1382 40 75 of
2083 1382 87 75 verfe

1191 1428 161 75 confifting
1367 1428 41 75 of
1420 1428 64 75 two
1501 1428 139 75 dadtyles
1665 1428 63 75 and
1744 1428 65 75 two
1832 1428 146 75 trochees
1990 1428 10 75 ;
2027 1428 47 75 as,

1286 1497 200 75 VirginiXbus
1506 1497 204 75 pue\rifque\
1722 1497 109 75 canto.

1143 1567 167 75 ALCOA
1326 1567 109 75 arbor,
1461 1567 55 75 the
1531 1567 91 75 name
1638 1567 40 75 of
1690 1567 20 75 a
1729 1567 68 75 tree
1820 1567 33 75 in
1882 1567 40 75 St
1938 1567 139 75 Helena,
2102 1567 66 75 faid

1191 1612 34 75 to
1241 1612 137 75 emulate
1395 1612 116 75 ebony.

1144 1661 275 75 ALCOBACO,
1445 1661 19 75 a
1486 1661 89 75 fmall
1600 1661 85 75 town
1712 1661 39 75 of
1769 1661 168 75 Portugal,
1962 1661 33 75 in
2017 1661 55 75 the
2094 1661 74 75 pro-

1190 1706 90 75 vince
1296 1706 39 75 of
1355 1706 248 75 Eftremadura:
1645 1706 33 75 It
1705 1706 27 75 is
1760 1706 160 75 defended
1945 1706 45 75 by
2018 1706 18 75 a
2060 1706 110 75 pretty

1190 1751 105 75 ftrong
1311 1751 94 75 caftle
1420 1751 10 75 ;
1455 1751 57 75 but
1532 1751 86 75 what
1642 1751 108 75 makes
1766 1751 27 75 it
1808 1751 80 75 moft
1904 1751 211 75 remarkable,
2140 1751 28 75 is

1191 1798 53 75 the
1262 1798 102 75 abbey
1380 1798 41 75 of
1433 1798 39 75 St
1489 1798 137 75 Bennet,
1644 1798 106 75 which
1761 1798 28 75 is
1800 1798 57 75 the
1874 1798 242 75 burying-place
2133 1798 42 75 of

1190 1844 79 75 moft
1289 1844 39 75 of
1339 1844 55 75 the
1412 1844 91 75 kings
1520 1844 40 75 of
1571 1844 167 75 Portugal.

1141 1893 249 75 ALCOHOL,
1415 1893 37 75 or
1471 1893 180 75 Alkool,
1677 1893 32 75 in
1727 1893 179 75 ehemiftry,
1930 1893 89 75 fpirit
2035 1893 40 75 of
2086 1893 83 75 wine

1188 1937 114 75 highly
1318 1937 151 75 redtified.
1518 1937 32 75 It
1567 1937 25 75 ij
1610 1937 65 75 alfo
1699 1937 74 75 ufed
1801 1937 51 75 for
1869 1937 62 75 any
1945 1937 114 75 highly
2075 1937 92 75 redti-

1189 1984 63 75 fied
1267 1984 295 75 fpirit.Alcohol
1579 1984 26 75 is
1622 1984 179 75 extremely
1816 1984 83 75 light
1915 1984 63 75 and
1993 1984 175 75 inflamma-

1188 2030 52 75 ble
1251 2030 8 75 :
1287 2030 33 75 It
1335 2030 26 75 is
1379 2030 19 75 a
1413 2030 106 75 ftrong
1536 2030 175 75 antifeptic,
1738 2030 62 75 and
1815 2030 163 75 therefore
1995 2030 170 75 employee!

1187 2080 35 75 to
1238 2080 144 75 preferve
1398 2080 114 75 animal
1525 2080 189 75 ftlbftances.
1755 2080 68 75 For
1833 2080 57 75 tlie
1907 2080 94 75 other
2018 2080 148 75 qualities

1188 2122 40 75 of
1239 2122 138 75 alcohol,
1403 2122 49 75 fee
1470 2122 249 75 Chemistry.

1140 2169 187 75 Alcohol
1346 2169 27 75 is
1390 2169 64 75 alfo
1471 2169 75 75 ufed
1562 2169 52 75 for
1630 2169 62 75 any
1707 2169 62 75 fine
1784 2169 191 75 impalpable
1991 2169 143 75 powder.

1139 2217 455 75 ALCOHOLIZATION,
1620 2217 115 75 among
1762 2217 158 75 chemifts,
1956 2217 57 75 the
2040 2217 126 75 procefs

1186 2262 40 75 of
1237 2262 166 75 redtifying
1420 2262 62 75 any
1495 2262 103 75 fpirit.
1647 2262 33 75 It
1695 2262 26 75 is
1739 2262 65 75 alfo
1820 2262 77 75 ufed
1911 2262 53 75 for
1987 2262 179 75 pulveriza-

1187 2308 81 75 tion.

1138 2355 213 75 ALCOLA,
1376 2355 19 75 a
1410 2355 83 75 term
1509 2355 114 75 among
1639 2355 144 75 chemifts
1800 2355 52 75 for
1868 2355 55 75 the
1945 2355 101 75 tartar
2070 2355 42 75 of
2129 2355 35 75 u-

1186 2401 80 75 rine.

1139 2448 248 75 ALCORAN,
1412 2448 38 75 or
1473 2448 207 75 Alkoran,
1707 2448 55 75 the
1783 2448 91 75 name
1891 2448 41 75 of
1950 2448 19 75 a
1984 2448 86 75 book
2085 2448 80 75 held

1187 2493 128 75 equally
1330 2493 237 75 facred-among
1583 2493 56 75 the
1654 2493 240 75 Mahometans,
1913 2493 34 75 as
1964 2493 55 75 the
2030 2493 94 75 Bible
2134 2493 29 75 is

1186 2540 114 75 among
1317 2540 187 75 Chriftians.

1232 2586 76 75 The
1324 2586 91 75 word
1429 2586 136 75 alkoran
1581 2586 148 75 properly
1745 2586 134 75 fignifies
1896 2586 158 75 reading;
2081 2586 18 75 a
2121 2586 40 75 ti-

1187 2631 43 75 tle
1247 2631 92 75 given
1357 2631 25 75 it
1398 2631 43 75 by
1456 2631 72 75 way
1543 2631 39 75 of
1601 2631 172 75 eminence,
1795 2631 65 75 juft
1888 2631 33 75 as
1948 2631 49 75 we
2021 2631 61 75 call
2106 2631 57 75 the

1186 2678 68 75 Old
1265 2678 63 75 and
1339 2678 84 75 New
1434 2678 203 75 Teftaments
1654 2678 201 75 Scriptures.
1889 2678 62 75 See
1966 2678 195 75 Mahome-

1188 2726 160 75 tanism.

1138 2772 204 75 Alcoran,
1367 2772 31 75 in
1416 2772 18 75 a
1450 2772 166 75 figurative
1639 2772 98 75 fenfe,
1761 2772 27 75 is
1806 2772 39 75 an
1862 2772 190 75 appellation
2068 2772 92 75 given

1185 2818 34 75 to
1242 2818 62 75 any
1319 2818 100 75 books
1435 2818 61 75 full
1513 2818 40 75 of
1563 2818 182 75 impoftures
1770 2818 38 75 or
1822 2818 145 75 impiety.

1138 2865 199 75 Alcoran,
1364 2865 114 75 among
1498 2865 57 75 the
1581 2865 156 75 Perfians,
1762 2865 27 75 is
1813 2865 65 75 alfo
1894 2865 75 75 ufed
1984 2865 53 75 for
2052 2865 19 75 a
2086 2865 71 75 nar-

1185 2911 65 75 row
1265 2911 78 75 kind
1354 2911 41 75 of
1404 2911 126 75 fteeple,
1546 2911 78 75 with
1641 2911 66 75 two
1723 2911 38 75 or
1776 2911 90 75 three
1876 2911 158 75 galleries,
2051 2911 108 75 where

1653 2964 33 75 U

2093 2964 68 75 ,the
