2428 3377
112 132 102 75 Part
245 132 70 75 VI.

666 132 999 75 ANATOMY.

2140 132 76 75 253

110 200 86 75 form
211 200 56 75 the
284 200 113 75 larged
411 200 95 75 nerve
523 200 39 75 of
582 200 55 75 the
652 200 100 75 body,
777 200 106 75 which
900 200 26 75 is
938 200 73 75 well
1023 200 118 75 known

111 247 45 75 by
171 247 56 75 the
244 247 91 75 name
352 247 39 75 of
411 247 164 75 Sciatic
594 247 37 75 or
656 247 211 75 Ischiatic
887 247 95 75 nerve
995 247 8 75 :
1041 247 98 75 This,

112 293 84 75 after
220 293 131 75 fending
373 293 87 75 large
484 293 112 75 nerves
620 293 35 75 to
678 293 56 75 the
758 293 149 75 different
923 293 87 75 parts
1027 293 41 75 of
1086 293 55 75 the

112 339 114 75 pelvis,
250 339 64 75 and
329 339 36 75 to
380 339 55 75 the
452 339 145 75 external
613 339 87 75 parts
718 339 39 75 of
776 339 196 75 generation,
1001 339 62 75 and
1086 339 56 75 the

112 385 121 75 podex,
259 385 34 75 as
310 385 65 75 aifo
391 385 34 75 to
442 385 55 75 the
514 385 133 75 mufcles
663 385 40 75 of
722 385 54 75 the
792 385 85 75 hips,
902 385 97 75 paffes
1023 385 119 75 behind

111 431 57 75 the
192 431 89 75 great
305 431 93 75 tuber
422 431 40 75 of
487 431 55 75 the
565 431 36 75 os
625 431 145 75 ifchium,
796 431 63 75 and
882 431 77 75 then
984 431 77 75 over
1086 431 56 75 the

112 477 232 75 quadrigemini
359 477 146 75 mufcles,
530 477 35 75 to
583 477 59 75 run
665 477 94 75 down
783 477 76 75 near
880 477 35 75 to
931 477 55 75 the
1002 477 82 75 bone
1108 477 41 75 of

114 524 55 75 the
181 524 91 75 thigh
289 524 33 75 at
338 524 41 75 its
393 524 182 75 back-part,
599 524 108 75 giving
718 524 53 75 off
782 524 110 75 nerves
908 524 35 75 to
960 524 55 75 the
1032 524 110 75 neigh-

111 570 137 75 bouring
264 570 133 75 mufcles
419 570 64 75 and
506 570 192 75 teguments.
749 570 97 75 Some
869 570 72 75 way
965 570 100 75 above
1087 570 56 75 the

111 616 88 75 ham,
224 616 108 75 where
348 616 26 75 it
391 616 57 75 has
465 616 55 75 the
544 616 92 75 name
659 616 41 75 of
717 616 56 75 the
790 616 171 75 poplitaut
985 616 107 75 nerve,
1117 616 26 75 it

111 662 93 75 fends
228 662 52 75 off
298 662 19 75 a
332 662 88 75 large
435 662 121 75 branch
572 662 73 75 that
666 662 99 75 paffes
781 662 79 75 over
875 662 55 75 the
946 662 109 75 fibula,
1081 662 61 75 and

111 708 123 75 finking
249 708 33 75 in
298 708 116 75 among
429 708 56 75 the
497 708 132 75 mufcles
642 708 41 75 on
696 708 55 75 the
763 708 139 75 anterior
913 708 146 75 external
1070 708 73 75 part

111 755 43 75 of
172 755 55 75 the
242 755 68 75 leg,
336 755 74 75 runs
428 755 95 75 down
540 755 36 75 to
592 755 56 75 the
663 755 84 75 foot,
773 755 37 75 to
827 755 38 75 be
882 755 59 75 loft
957 755 31 75 in
1009 755 55 75 the
1083 755 58 75 up-

111 800 58 75 per
185 800 71 75 part
271 800 41 75 of
330 800 55 75 the
407 800 105 75 larger
535 800 83 75 toes,
642 800 167 75 fupplying
833 800 55 75 the
910 800 232 75 neighbouring

112 847 133 75 mufcles
262 847 62 75 and
340 847 179 75 teguments
535 847 96 75 every
647 847 107 75 where
769 847 32 75 in
818 847 41 75 its
882 847 136 75 paffage.
1066 847 76 75 The

111 892 106 75 larger
234 892 118 75 branch
368 892 41 75 of
426 892 56 75 the
493 892 120 75 fciatic,
638 892 83 75 after
737 892 108 75 giving
860 892 155 75 branches
1032 892 36 75 to
1087 892 56 75 the

111 939 134 75 mufcles
271 939 63 75 and
356 939 179 75 teguments
560 939 98 75 about
681 939 57 75 the
761 939 76 75 ham
861 939 63 75 and
949 939 94 75 knee,
1080 939 63 75 and

110 985 132 75 fending
258 985 19 75 a
291 985 88 75 large
395 985 172 75 cutaneous
584 985 95 75 nerve
695 985 96 75 down
808 985 55 75 the
880 985 69 75 calf
959 985 40 75 of
1009 985 56 75 the
1076 985 65 75 leg,

112 1031 36 75 to
165 1031 40 75 be
223 1031 58 75 loft
297 1031 32 75 at
341 1031 57 75 laft
413 1031 42 75 on
472 1031 56 75 the
544 1031 121 75 outfide
677 1031 40 75 of
735 1031 55 75 the
802 1031 70 75 foot
883 1031 63 75 and
961 1031 99 75 upper
1072 1031 71 75 part

112 1076 41 75 of
171 1076 56 75 the
242 1076 89 75 leffer
347 1076 81 75 toes,
453 1076 84 75 finks
553 1076 105 75 below
672 1076 55 75 the
751 1076 156 75 gemellus
926 1076 128 75 mufcle,
1080 1076 63 75 and

112 1122 182 75 diftributes
310 1122 112 75 nerves
438 1122 36 75 to
489 1122 59 75 the
561 1122 132 75 mufcles
709 1122 42 75 on
768 1122 55 75 the
839 1122 82 75 back
936 1122 41 75 of
996 1122 54 75 the
1066 1122 73 75 leg;

112 1168 116 75 among
251 1168 106 75 which
381 1168 26 75 it
432 1168 163 75 continues
620 1168 42 75 its
679 1168 122 75 courfe,
827 1168 50 75 till
893 1168 116 75 paffmg
1024 1168 119 75 behind

112 1215 55 75 the
182 1215 136 75 internal
334 1215 178 75 malleolus,
539 1215 62 75 and
617 1215 32 75 in
666 1215 56 75 the
737 1215 136 75 internal
891 1215 121 75 hollow
1028 1215 39 75 of
1086 1215 56 75 the

112 1261 36 75 os
160 1261 107 75 calcis,
292 1261 26 75 it
329 1261 122 75 divides
467 1261 69 75 into
551 1261 56 75 the
623 1261 66 75 two
700 1261 126 75 plantar
841 1261 112 75 nerves
965 1261 9 75 :
1000 1261 77 75 The
1093 1261 49 75 in-

113 1306 103 75 ternal
235 1306 40 75 of
294 1306 106 75 which
424 1306 28 75 is
475 1306 190 75 diftributed
679 1306 35 75 to
738 1306 55 75 the
815 1306 83 75 toes,
923 1306 31 75 in
979 1306 55 75 the
1058 1306 85 75 fame

113 1352 131 75 manner
260 1352 71 75 that
348 1352 55 75 the
420 1352 101 75 radial
537 1352 95 75 nerve
649 1352 39 75 of
707 1352 55 75 the
778 1352 87 75 hand
876 1352 102 75 ferves
991 1352 57 75 the
1067 1352 75 75 con-

113 1399 76 75 cave
213 1399 63 75 fide
301 1399 40 75 of
360 1399 54 75 the
442 1399 114 75 thumb
582 1399 62 75 and
666 1399 138 75 fingers;
831 1399 61 75 and
917 1399 56 75 the
997 1399 146 75 external

113 1443 127 75 plantar
254 1443 27 75 is
297 1443 130 75 divided
443 1443 62 75 and
520 1443 188 75 diftributed
730 1443 36 75 to
789 1443 55 75 the
860 1443 64 75 foie
940 1443 41 75 of
999 1443 56 75 the
1071 1443 72 75 foot

114 1491 64 75 and
194 1491 82 75 toes,
301 1491 111 75 nearly
428 1491 33 75 as
478 1491 56 75 the
550 1491 91 75 ulnar
657 1491 94 75 nerve
767 1491 27 75 is
810 1491 32 75 in
859 1491 56 75 the
927 1491 85 75 palm
1028 1491 40 75 of
1085 1491 58 75 the

114 1537 99 75 hand,
238 1537 63 75 and
316 1537 32 75 in
366 1537 55 75 the
433 1537 138 75 concave
587 1537 71 75 part
674 1537 40 75 of
733 1537 55 75 the
804 1537 128 75 fingers.

163 1583 129 75 Several
313 1583 155 75 branches
485 1583 40 75 of
543 1583 88 75 thefe
647 1583 124 75 nerves,
796 1583 70 75 that
883 1583 88 75 ferve
992 1583 54 75 the
1062 1583 81 75 infe-

115 1628 67 75 rior
197 1628 213 75 extremities,
436 1628 104 75 pierce
557 1628 141 75 through
714 1628 146 75 mufcles.

160 1674 78 75 The
262 1674 182 75 Fourth,
478 1674 121 75 which,
631 1674 80 75 with
735 1674 56 75 the
814 1674 66 75 two
907 1674 177 75 following,
1118 1674 26 75 is

115 1720 95 75 much
232 1720 125 75 fmailer
375 1720 76 75 than
467 1720 56 75 the
540 1720 94 75 three
650 1720 155 75 fuperior,
832 1720 78 75 foon
926 1720 26 75 is
968 1720 59 75 loft
1044 1720 32 75 in
1093 1720 56 75 the

115 1765 100 75 vefica
230 1765 138 75 urinaria
385 1765 64 75 and
464 1765 178 75 inteftinum
659 1765 132 75 re&um.

162 1813 77 75 The
256 1813 122 75 Fifth
399 1813 106 75 comes
521 1813 143 75 forward
680 1813 143 75 between
847 1813 55 75 the
924 1813 175 75 extremity
1114 1813 41 75 of

387 1933 41 75 E
455 1933 52 75 X
532 1933 39 75 P
600 1933 41 75 L
671 1933 46 75 A
743 1933 116 75 N,A
888 1933 48 75 T
963 1933 26 75 I
1015 1933 42 75 O
1082 1933 46 75 N

112 2031 87 75 Fig.
229 2031 30 75 1.
306 2031 193 75 Reprefents
524 2031 56 75 the
603 2031 132 75 inferior
758 2031 71 75 part
846 2031 40 75 of
905 2031 55 75 the
977 2031 161 75 brain;

159 2076 54 75 the
237 2076 138 75 anterior
398 2076 72 75 part
494 2076 39 75 of
552 2076 56 75 the
632 2076 105 75 whole
764 2076 98 75 fpine,
893 2076 162 75 including
1083 2076 55 75 the

159 2122 141 75 medulla
315 2122 276 75 fpinalis;with
607 2122 55 75 the
677 2122 103 75 origin
798 2122 62 75 and
882 2122 88 75 large
994 2122 143 75 portions

162 2167 40 75 of
220 2167 41 75 all
279 2167 55 75 the
350 2167 167 75 Nerves.

113 2214 33 75 A
164 2214 45 75 A,
233 2214 77 75 The
327 2214 139 75 anterior
481 2214 89 75 lobes
587 2214 40 75 of
645 2214 56 75 the
726 2214 176 75 cerebrum.
950 2214 29 75 B
997 2214 42 75 B,
1064 2214 77 75 The

159 2259 111 75 lateral
287 2259 89 75 lobes
393 2259 40 75 of
452 2259 54 75 the
523 2259 177 75 cerebrum.
749 2259 30 75 C
796 2259 43 75 C,
864 2259 76 75 The
963 2259 66 75 two
1050 2259 89 75 lobes

160 2305 39 75 of
210 2305 55 75 the
283 2305 204 75 perebellum.
530 2305 47 75 D,
592 2305 113 75 Tuber
718 2305 162 75 annulare.
921 2305 45 75 E,
982 2305 77 75 The
1072 2305 68 75 paf-

159 2351 72 75 fage
256 2351 83 75 from
367 2351 54 75 the
446 2351 88 75 third
560 2351 156 75 ventricle
743 2351 35 75 to
805 2351 56 75 the
892 2351 247 75 infundibulum.

160 2397 39 75 F,
224 2397 76 75 The
316 2397 139 75 medulla
477 2397 185 75 oblongata,
688 2397 104 75 which
817 2397 92 75 fends
932 2397 52 75 off
1002 2397 56 75 the
1074 2397 66 75 me-

160 2443 87 75 dulla
263 2443 124 75 fpinalis
403 2443 139 75 through
560 2443 55 75 the
631 2443 97 75 fpine.
777 2443 35 75 G
831 2443 48 75 G,
904 2443 92 75 That
1015 2443 71 75 part
1103 2443 41 75 of

160 2490 54 75 the
238 2490 35 75 os
299 2490 142 75 occipitis
466 2490 107 75 which
596 2490 26 75 is
650 2490 113 75 placed
790 2490 101 75 above
917 2490 49 75 (H
987 2490 65 75 H),
1083 2490 56 75 the

155 2536 58 75 the
230 2536 171 75 tranfverfe
417 2536 153 75 proceffes
595 2536 40 75 of
653 2536 55 75 the
732 2536 65 75 firft
820 2536 135 75 cervical
977 2536 160 75 vertebra,

158 2583 16 75 I
192 2583 29 75 I,
246 2583 60 75 &c.
330 2583 76 75 The
423 2583 92 75 feven
532 2583 135 75 cervical
691 2583 166 75 vertebras,
881 2583 80 75 with
984 2583 84 75 their
1090 2583 48 75 in-

157 2628 187 75 termediate
368 2628 180 75 cartilages.
596 2628 34 75 K
646 2628 46 75 K,
717 2628 61 75 &c.
802 2628 77 75 The
904 2628 114 75 twelve
1035 2628 104 75 dorfal

156 2672 169 75 vertebrae^
336 2672 79 75 with
425 2672 83 75 their
517 2672 221 75 intermediate
751 2672 181 75 cartilages.
966 2672 31 75 L
1015 2672 45 75 L,
1077 2672 61 75 &c.

156 2718 76 75 The
246 2718 60 75 five
316 2718 124 75 lumbar
457 2718 164 75 vertebrae,
638 2718 80 75 with
735 2718 84 75 their
834 2718 221 75 intermediate
1071 2718 68 75 car-

158 2765 127 75 tilages,
336 2765 54 75 M,
415 2765 76 75 The
507 2765 36 75 os
560 2765 136 75 facrum.
745 2765 48 75 N,
817 2765 77 75 The
919 2765 35 75 os
980 2765 159 75 coccygis.

205 2810 233 75 Nerves.i
465 2810 31 75 i,
521 2810 75 75 The
623 2810 64 75 firft
715 2810 68 75 pair
811 2810 40 75 of
868 2810 125 75 nerves,
1026 2810 114 75 named

158 2855 165 75 clfaetory,
349 2855 103 75 which
477 2855 42 75 go
543 2855 36 75 to
608 2855 54 75 the
687 2855 85 75 nole.
823 2855 19 75 2
862 2855 34 75 2,
920 2855 76 75 The
1024 2855 116 75 fecond

158 2900 78 75 pair,
262 2900 116 75 named
392 2900 96 75 optic,
513 2900 103 75 which
635 2900 74 75 goes
726 2900 36 75 to
778 2900 84 75 form
887 2900 55 75 the
962 2900 110 75 tunica
1089 2900 49 75 re-

159 2948 65 75 tina
239 2948 39 75 of
298 2948 54 75 the
370 2948 71 75 eye.
492 2948 18 75 3
531 2948 32 75 3,
589 2948 75 75 The
687 2948 88 75 third
797 2948 79 75 pair,
902 2948 113 75 named
1039 2948 100 75 vwtor

157 2993 104 75 octtli;
287 2993 25 75 it
329 2993 134 75 fupplies
477 2993 78 75 moil
570 2993 41 75 of
630 2993 54 75 the
701 2993 131 75 mufcles
849 2993 41 75 of
908 2993 54 75 the
984 2993 151 75 eye-ball.

203 3041 96 75 Vol.
317 3041 30 75 I.
372 3041 71 75 No.
460 3041 54 75 11.

1015 3041 18 75 3

1188 193 55 75 the
1259 193 37 75 os
1316 193 121 75 facrum
1454 193 62 75 and
1532 193 160 75 coccygis,
1718 193 35 75 to
1773 193 39 75 be
1829 193 187 75 diftributed
2031 193 188 75 principally

1187 240 35 75 to
1238 240 55 75 the
1310 240 156 75 levatores
1484 240 63 75 ani.

1234 287 76 75 The
1324 287 140 75 Sixth,
1482 287 104 75 which
1602 287 85 75 fome
1699 287 93 75 think
1803 287 36 75 to
1855 287 39 75 be
1911 287 77 75 only
2001 287 16 75 a
2029 287 188 75 produftfon

1191 333 41 75 of
1249 333 56 75 the
1327 333 81 75 dura
1431 333 112 75 mater,
1569 333 155 75 advances
1750 333 142 75 forward
1914 333 104 75 below
2040 333 55 75 the
2117 333 102 75 broad

1190 378 160 75 ftioulders
1367 378 40 75 of
1426 378 54 75 the
1497 378 63 75 firft
1576 378 83 75 bone
1671 378 40 75 of
1729 378 55 75 the
1802 378 36 75 os
1855 378 160 75 coccygis,
2042 378 63 75 and
2116 378 26 75 is
2159 378 60 75 loft:

1189 425 32 75 in
1238 425 55 75 the
1309 425 156 75 fphintter
1482 425 49 75 ani
1549 425 61 75 and
1627 425 179 75 teguments
1822 425 150 75 covering
1988 425 38 75 it.

1235 471 77 75 The
1329 471 62 75 fize
1408 471 40 75 of
1458 471 55 75 the
1525 471 111 75 nerves
1648 471 40 75 of
1699 471 55 75 the
1766 471 132 75 inferior
1910 471 198 75 extremities
2120 471 98 75 feeins

1189 517 105 75 larger
1318 517 254 75 proportionally
1594 517 76 75 than
1694 517 32 75 in
1751 517 55 75 the
1830 517 142 75 fuperior
1996 517 221 75 extremities;

1191 564 54 75 the
1262 564 133 75 inferior
1416 564 199 75 extremities
1631 564 116 75 having
1770 564 55 75 the
1841 564 119 75 weight
1976 564 40 75 of
2034 564 55 75 the
2114 564 106 75 whole

1191 610 87 75 body
1294 610 35 75 to
1345 610 125 75 fuftain,
1496 610 61 75 and
1575 610 70 75 that
1662 610 183 75 frequently
1862 610 32 75 at
1911 610 18 75 a
1948 610 88 75 great
2053 610 166 75 difadvan-

1192 655 84 75 tage.
1371 655 108 75 What
1493 655 56 75 the
1566 655 92 75 effedt
1674 655 26 75 is
1717 655 35 75 of
1775 655 56 75 the
1843 655 111 75 nerves
1969 655 77 75 here
2061 655 95 75 being
2171 655 48 75 in-

1186 701 108 75 jured,
1312 701 48 75 we
1373 701 50 75 fee
1434 701 98 75 daily,
1550 701 91 75 when
1654 701 113 75 people
1778 701 134 75 happen,
1925 701 45 75 by
1981 701 105 75 fitting
2094 701 124 75 wrong,

1190 748 35 75 to
1241 748 157 75 comprefs
1415 748 55 75 the
1486 748 106 75 fciatic
1604 748 107 75 nerve,
1737 748 77 75 they
1832 748 53 75 are
1896 748 164 75 incapable
2072 748 51 75 for
2135 748 85 75 fome

1190 795 77 75 time
1291 795 83 75 after
1398 795 35 75 to
1456 795 131 75 fupport
1612 795 187 75 themfelves
1824 795 43 75 on
1890 795 55 75 the
1962 795 134 75 affedted
2111 795 109 75 extre-

1190 840 81 75 mity
1281 840 10 75 ;
1318 840 63 75 and
1397 840 63 75 this
1477 840 26 75 is
1521 840 62 75 ftill
1599 840 89 75 more
1706 840 195 75 remarkable
1917 840 32 75 in
1974 840 57 75 the
2052 840 107 75 fciatic
2182 840 38 75 or

1190 887 161 75 hip-gout,
1376 887 32 75 in
1432 887 105 75 which
1563 887 56 75 the
1642 887 143 75 member
1808 887 27 75 is
1859 887 57 75 not
1940 887 78 75 only
2035 887 183 75 weakened,

1191 933 58 75 but
1263 933 168 75 gradually
1446 933 128 75 (hrivels
1587 933 64 75 and
1662 933 123 75 waftes.

1508 1020 99 75 Uses
1633 1020 43 75 of
1690 1020 54 75 the
1768 1020 142 75 Nerves.

1236 1079 120 75 Many
1370 1079 216 75 experiments
1604 1079 118 75 concur
1737 1079 32 75 in
1785 1079 147 75 proving,
1948 1079 72 75 that
2037 1079 56 75 the
2108 1079 111 75 nerYes

1191 1124 51 75 are
1258 1124 55 75 the
1330 1124 199 75 inftruments
1547 1124 40 75 of
1597 1124 166 75 fenfation.
1796 1124 50 75 As
1858 1124 35 75 to
1906 1124 53 75 the
1977 1124 94 75 mode
2088 1124 40 75 of
2138 1124 84 75 their

1190 1170 175 75 operation,
1376 1170 118 75 feveral
1506 1170 151 75 different
1668 1170 138 75 theories
1818 1170 81 75 have
1911 1170 80 75 been
2003 1170 106 75 given.
2124 1170 97 75 Some

1191 1218 141 75 fuppofe,
1361 1218 71 75 that
1460 1218 78 75 they
1554 1218 53 75 are
1623 1218 106 75 elaftic
1756 1218 107 75 cords,
1892 1218 189 75 refembling
2104 1218 115 75 fiddle-

1191 1263 111 75 ftrings
1314 1263 11 75 ;
1352 1263 62 75 and
1437 1263 71 75 that
1532 1263 78 75 they
1626 1263 122 75 convey
1763 1263 170 75 fenfations
1950 1263 35 75 to
2001 1263 55 75 the
2072 1263 90 75 brain
2179 1263 43 75 by

1191 1308 18 75 a
1224 1308 77 75 kind
1319 1308 40 75 of
1369 1308 167 75 vibratory
1552 1308 134 75 motion.
1735 1308 124 75 Others
1872 1308 81 75 have
1969 1308 152 75 fuppdfed
2132 1308 89 75 them

1191 1355 33 75 to
1242 1355 38 75 be
1297 1355 142 75 tubular,
1458 1355 61 75 and
1531 1355 35 75 to
1578 1355 127 75 contain
1717 1355 18 75 a
1746 1355 79 75 fluid
1836 1355 103 75 called
1947 1355 129 75 animal
2078 1355 119 75 fpirits
2212 1355 12 75 ;

1191 1401 61 75 and
1268 1401 70 75 that
1353 1401 154 75 fenfation
1524 1401 26 75 is
1568 1401 163 75 produced
1750 1401 45 75 by
1819 1401 55 75 the
1889 1401 138 75 motions
2044 1401 61 75 and
2122 1401 98 75 coun-

1190 1449 204 75 ter-motions
1404 1449 39 75 of
1449 1449 64 75 this
1526 1449 89 75 fluid.
1649 1449 106 75 Many
1765 1449 113 75 ufelefs
1892 1449 141 75 volumes
2047 1449 81 75 have
2139 1449 82 75 been

1191 1495 101 75 wrote
1306 1495 86 75 upon
1404 1495 77 75 each
1494 1495 41 75 of
1542 1495 87 75 thefe
1641 1495 402 75 hypothefes.Another
2055 1495 62 75 and
2128 1495 90 75 more

1192 1540 107 75 recent
1315 1540 117 75 theory
1450 1540 158 75 fuppofes,
1638 1540 70 75 that
1726 1540 54 75 the
1800 1540 111 75 nerves
1932 1540 53 75 are
2005 1540 56 75 not
2080 1540 139 75 tubular,

1192 1585 57 75 but
1265 1585 69 75 that
1351 1585 78 75 they
1444 1585 54 75 are
1515 1585 160 75 pervaded
1686 1585 43 75 by
1740 1585 19 75 a
1770 1585 115 75 fubtile
1901 1585 105 75 elaftic
2024 1585 77 75 fluid
2118 1585 104 75 called

1193 1632 135 75 /Ether;
1347 1632 62 75 and
1423 1632 71 75 that
1510 1632 165 75 lenfation,
1695 1632 63 75 fee.
1776 1632 54 75 are
1841 1632 184 75 occafioned
2041 1632 43 75 by
2100 1632 56 75 the
2171 1632 50 75 of-

1198 1678 156 75 cillations
1372 1678 41 75 of
1425 1678 71 75 that
1518 1678 91 75 fluid.
1645 1678 34 75 A
1702 1678 64 75 few
1780 1678 159 75 detached
1953 1678 63 75 and
2031 1678 192 75 ill-digefted

1196 1725 103 75 feraps
1316 1725 40 75 of
1367 1725 64 75 this
1448 1725 116 75 theory
1575 1725 81 75 have
1668 1725 129 75 already
1817 1725 155 75 appeared
1991 1725 31 75 in
2040 1725 84 75 fome
2140 1725 81 75 tem-

1199 1770 115 75 porary
1326 1770 215 75 productions,
1559 1770 56 75 the
1631 1770 151 75 principal
1800 1770 41 75 of
1851 1770 104 75 which
1974 1770 57 75 has
2043 1770 78 75 been
2138 1770 84 75 fuffi-

1199 1818 119 75 ciently
1346 1818 238 75 animadverted
1611 1818 84 75 upon
1722 1818 105 75 under
1851 1818 54 75 the
1936 1818 92 75 word
2053 1818 166 75 ./Ether.

1207 1937 82 75 of
1365 1937 327 75 PLATE
1752 1937 191 75 XVIII.

1234 2038 20 75 4
1280 2038 34 75 4,
1347 2038 77 75 The
1451 2038 111 75 fourth
1590 2038 79 75 pair,
1706 2038 115 75 named
1840 2038 314 75 pathetic,-which
2188 2038 28 75 is

1232 2082 122 75 wholly
1368 2082 90 75 fpent
1473 2082 85 75 upon
1571 2082 55 75 the
1642 2082 157 75 mufculus
1816 2082 187 75 trochlearis
2021 2082 40 75 of
2074 2082 55 75 the
2146 2082 72 75 eye.

1235 2129 17 75 5
1274 2129 32 75 5,
1329 2129 77 75 The
1423 2129 74 75 fifth
1513 2129 69 75 pair
1597 2129 121 75 divides
1735 2129 69 75 into
1820 2129 90 75 three
1922 2129 296 75 branches.The

1235 2174 76 75 firft,
1337 2174 114 75 named
1479 2174 205 75 ophthalmic,
1708 2174 77 75 goes
1813 2174 34 75 to
1873 2174 54 75 the
1951 2174 98 75 orbit,
2080 2174 136 75 fupplieS

1236 2222 55 75 the
1307 2222 175 75 lachrymal
1498 2222 108 75 gland,
1631 2222 90 75 fends
1745 2222 153 75 branches
1922 2222 58 75 out
2004 2222 35 75 to
2058 2222 57 75 the
2131 2222 88 75 fore-

1232 2267 84 75 head
1334 2267 63 75 and
1413 2267 210 75 nofe.The
1646 2267 128 75 fecond,
1800 2267 113 75 named
1927 2267 152 75 fuperior
2101 2267 118 75 maxil-

1235 2312 82 75 lary,
1342 2312 136 75 fupplies
1503 2312 56 75 the
1584 2312 86 75 teeth
1697 2312 41 75 of
1756 2312 54 75 the
1827 2312 98 75 upper
1945 2312 79 75 jaw,
2050 2312 60 75 and
2133 2312 86 75 fome

1239 2359 40 75 of
1297 2359 56 75 the
1370 2359 131 75 mufcles
1519 2359 38 75 of
1577 2359 55 75 the
1656 2359 197 75 lips.The
1878 2359 98 75 third,
2002 2359 114 75 named
2132 2359 85 75 infe-

1237 2405 69 75 rior
1322 2405 186 75 maxillary,
1532 2405 27 75 is
1574 2405 88 75 fpent
1679 2405 83 75 upon
1779 2405 54 75 the
1850 2405 131 75 mufcles
1999 2405 62 75 and
2078 2405 88 75 teeth
2183 2405 40 75 of

1237 2452 54 75 the
1319 2452 101 75 lower
1446 2452 78 75 jaw,
1561 2452 128 75 tongue,
1731 2452 62 75 and
1821 2452 132 75 mufcles
1986 2452 40 75 of
2057 2452 54 75 the
2143 2452 75 75 lips.

1235 2499 20 75 6
1274 2499 33 75 6,
1332 2499 77 75 The
1427 2499 83 75 fixth
1527 2499 81 75 pair,
1634 2499 117 75 which,
1777 2499 84 75 after
1876 2499 130 75 fending
2019 2499 51 75 off
2089 2499 55 75 the
2161 2499 55 75 be-

1231 2543 130 75 ginning
1377 2543 40 75 of
1428 2543 54 75 the
1499 2543 178 75 intercoftal
1689 2543 36 75 or
1742 2543 89 75 great
1843 2543 222 75 fympathetic,
2084 2543 26 75 is
2125 2543 87 75 fpent

1234 2588 85 75 upon
1336 2588 54 75 the
1407 2588 151 75 abduftor
1569 2588 97 75 oculi.
1718 2588 17 75 7
1758 2588 31 75 7,
1814 2588 76 75 The
1909 2588 128 75 feventh
2054 2588 80 75 pair,
2161 2588 55 75 na-

1192 2635 6 75 '
1233 2635 74 75 wed
1330 2635 161 75 auditory,
1516 2635 123 75 divides
1662 2635 69 75 into
1758 2635 65 75 two
1845 2635 291 75 branches.-The
2153 2635 63 75 laf-

1236 2680 75 75 geft,
1338 2680 112 75 named
1468 2680 108 75 portio
1602 2680 116 75 mollis,
1744 2680 26 75 is
1795 2680 88 75 fpent
1899 2680 86 75 upon
2001 2680 56 75 the
2080 2680 137 75 internal

1238 2716 35 49 ea
1273 2734 153 75 y-The
1455 2734 143 75 fmalleft,
1619 2734 107 75 portio
1754 2734 96 75 dura,
1881 2734 85 75 joins
1996 2734 35 75 to
2058 2734 55 75 the
2142 2734 74 75 fifth

1231 2774 72 75 pair
1315 2774 110 75 within
1443 2774 54 75 the
1513 2774 134 75 internal
1666 2774 55 75 ear
1738 2774 43 75 by
1798 2774 18 75 a
1832 2774 147 75 reflected
1994 2774 119 75 branch
2130 2774 85 75 from

1234 2819 54 75 the
1320 2819 112 75 fecond
1456 2819 39 75 of
1515 2819 55 75 the
1594 2819 86 75 fifth,
1706 2819 62 75 and
1792 2819 111 75 within
1927 2819 56 75 the
2017 2819 197 75 tympanum,

1233 2865 44 75 by
1294 2865 17 75 a
1328 2865 118 75 branch
1465 2865 82 75 from
1565 2865 55 75 the
1637 2865 138 75 tbirefof
1786 2865 55 75 the
1857 2865 86 75 fifth,
1968 2865 115 75 named
2099 2865 117 75 chorda

1236 2914 282 75 tyvipani.Vid.
1537 2914 53 75 fig.
1612 2914 34 75 3.
1664 2914 74 75 near
1756 2914 42 75 B.
1848 2914 19 75 8
1882 2914 34 75 8,
1933 2914 61 75 &e.
2011 2914 76 75 The
2103 2914 112 75 eighth

1235 2958 80 75 pair,
1340 2958 114 75 named
1471 2958 66 75 par
1553 2958 177 75 vagum,
1746 2958 104 75 which
1868 2958 216 75 accompanies
2101 2958 55 75 the
2168 2958 47 75 in-

1231 3008 158 75 tercoftal,
1415 3008 62 75 and
1499 3008 26 75 is
1537 3008 94 75 fpent
1648 3008 82 75 upon
1754 3008 55 75 the
1827 3008 130 75 tongue,
1981 3008 142 75 larynx,
2135 3008 78 75 pha-
