2397 3387
191 167 82 75 582

693 167 36 75 B
808 167 38 75 O
922 167 42 75 O
1038 167 38 75 K
1115 167 14 75 -
1168 167 36 75 K

234 236 128 75 making
372 236 125 75 books:
524 236 108 75 Plates
649 236 41 75 of
714 236 73 75 lead
815 236 62 75 and
900 236 128 75 copper,
1055 236 55 75 the
1127 236 95 75 barks

236 284 41 75 of
288 284 96 75 trees,
410 284 119 75 bricks,
548 284 99 75 (tone,
666 284 61 75 and
745 284 105 75 wood,
869 284 83 75 were
970 284 54 75 the
1041 284 38 75 fir
1081 284 25 75 ft
1122 284 100 75 mate-

235 330 75 75 rials
333 330 170 75 employed
520 330 35 75 to
572 330 135 75 engrave
735 330 75 75 fuch
837 330 107 75 things
980 330 83 75 upon
1090 330 32 75 as
1152 330 71 75 men

235 349 5 104 ■
240 375 83 75 were
339 375 122 75 willing
478 375 34 75 to
528 375 81 75 have
626 375 200 75 tranfmitted
849 375 34 75 to
909 375 165 75 pofterity,
1135 375 89 75 Jofe-

236 422 81 75 phus
338 422 110 75 fpeaks
466 422 39 75 of
524 422 66 75 two
607 422 157 75 columns,
790 422 55 75 the
862 422 61 75 one
940 422 40 75 of
990 422 100 75 ftone,
1115 422 56 75 the
1188 422 35 75 o-

236 469 71 75 ther
324 469 40 75 of
377 469 102 75 brick,
505 469 42 75 on
572 469 106 75 which
707 469 57 75 the
792 469 145 75 children
960 469 39 75 of
1020 469 80 75 Seth
1123 469 103 75 wrote

236 516 84 75 their
347 516 178 75 inventions
556 516 62 75 and
651 516 220 75 aftronomical
880 516 6 75 ’
896 516 188 75 difeoveries
1097 516 8 75 :
1144 516 81 75 Por-

234 563 106 75 phyry
364 563 108 75 makes
500 563 141 75 mention
670 563 41 75 of
734 563 86 75 fome
849 563 121 75 pillars,
996 563 165 75 preferved
1191 563 33 75 in

237 610 111 75 Crete,
374 610 41 75 on
431 610 109 75 which
564 610 55 75 the
636 610 195 75 ceremonies
855 610 153 75 praftifed
1025 610 44 75 by
1087 610 52 75 the
1158 610 66 75 Co-

235 658 150 75 rybantes
410 658 32 75 in
465 658 83 75 their
565 658 154 75 facrifices
746 658 84 75 were
854 658 170 75 recorded.
1076 658 149 75 Hefiod’s

236 704 106 75 works
356 704 83 75 were
452 704 170 75 originally
640 704 127 75 written
788 704 85 75 upon
890 704 102 75 tables
1008 704 41 75 of
1059 704 85 75 lead.,
1163 704 62 75 and

237 750 161 75 depofited
409 750 32 75 in
459 750 55 75 the
527 750 117 75 temple
660 750 40 75 of
711 750 56 75 the
783 750 125 75 Mufes,
926 750 32 75 in
975 750 147 75 Bceotia:
1148 750 77 75 The

236 797 53 75 ten
306 797 285 75 commandments,
616 797 163 75 delivered
796 797 38 75 to
848 797 123 75 Mofes,
996 797 85 75 were
1097 797 129 75 written

234 844 86 75 upon
337 844 107 75 ftone;
483 844 61 75 and
565 844 128 75 Solon’s
717 844 76 75 lav/s
820 844 87 75 upon
934 844 134 75 wooden
1097 844 126 75 planks.

234 891 122 75 Tables
369 891 40 75 of
421 891 105 75 wood,
545 891 79 75 box,
643 891 62 75 and
720 891 113 75 ivory,’
843 891 85 75 were
945 891 148 75 common
1110 891 115 75 among

236 937 55 75 the
308 937 160 75 ancients:
496 937 115 75 When
636 937 41 75 of
688 937 107 75 wood,
821 937 79 75 they
928 937 84 75 were
1041 937 184 75 frequently

237 985 136 75 covered
399 985 80 75 with
508 985 87 75 wax,
620 985 72 75 that
717 985 111 75 people
846 985 103 75 might
967 985 92 75 write
1076 985 41 75 on
1135 985 89 75 them

208 1029 7 75 -
215 1029 5 75 i
234 1029 80 75 with
339 1029 89 75 more
447 1029 80 75 eafe,
553 1029 39 75 or
615 1029 71 75 blot
715 1029 56 75 out
797 1029 87 75 what
908 1029 78 75 they
1002 1029 64 75 had
1082 1029 141 75 written.

234 1078 77 75 1'he
328 1078 103 75 leaves
449 1078 39 75 of
502 1078 54 75 the
574 1078 171 75 palm-tree
769 1078 82 75 were
879 1078 187 75 afterwards
1084 1078 76 75 ufed
1176 1078 47 75 in-

235 1124 85 75 ftead
336 1124 41 75 of
400 1124 135 75 wooden
558 1124 126 75 planks,
710 1124 62 75 and
800 1124 55 75 the
883 1124 88 75 fineft
999 1124 61 75 and
1089 1124 144 75 thinneft.

235 1171 71 75 part
324 1171 40 75 of
374 1171 56 75 the
447 1171 80 75 bark
554 1171 40 75 of
614 1171 75 75 fuch
707 1171 98 75 trees,
830 1171 34 75 as
892 1171 56 75 the
973 1171 88 75 lime,
1088 1171 55 75 the
1160 1171 65 75 aih,

235 1218 56 75 the
303 1218 138 75 mapple,
467 1218 62 75 and
545 1218 56 75 the
617 1218 62 75 elm
693 1218 9 75 ;
729 1218 86 75 from
831 1218 99 75 hence
948 1218 105 75 comes
1066 1218 56 75 the
1134 1218 91 75 word

235 1267 95 75 liber,
356 1267 104 75 which
478 1267 132 75 figniiies
628 1267 55 75 the
699 1267 90 75 inner
805 1267 79 75 bark
901 1267 39 75 of
954 1267 55 75 the
1027 1267 83 75 trfees
1123 1267 9 75 :
1161 1267 64 75 and

236 1311 34 75 as
281 1311 88 75 thefe
386 1311 95 75 barks
498 1311 84 75 were
603 1311 101 75 rolled
722 1311 54 75 up,
801 1311 31 75 in
851 1311 95 75 order
965 1311 35 75 to
1017 1311 39 75 be
1072 1311 152 75 removed

235 1358 79 75 with
335 1358 125 75 greater
476 1358 81 75 eafe,
583 1358 87 75 thefe
693 1358 78 75 rolls
797 1358 83 75 were
902 1358 103 75 called
1022 1358 159 75 volumen,
1206 1358 19 75 a

234 1405 149 75 volume;
408 1405 17 75 a
442 1405 91 75 name
551 1405 188 75 afterwards
756 1405 95 75 given
875 1405 36 75 to
934 1405 56 75 the
1012 1405 66 75 like
1095 1405 77 75 rolls
1190 1405 40 75 of

236 1451 95 75 paper
348 1451 36 75 or
402 1451 195 75 parchment.

282 1498 94 75 Thus
398 1498 47 75 we
468 1498 65 75 find
552 1498 102 75 books
678 1498 84 75 were
790 1498 64 75 firft
880 1498 129 75 written
1037 1498 41 75 on
1107 1498 115 75 ftones,

234 1546 126 75 witnefs
377 1546 55 75 the
450 1546 188 75 Decalogue
654 1546 93 75 given
765 1546 35 75 to
817 1546 111 75 Mofes
944 1546 8 75 :
978 1546 98 75 Then
1101 1546 41 75 on
1168 1546 55 75 the

234 1593 88 75 parts
339 1593 41 75 of
391 1593 116 75 plants,
526 1593 33 75 as
576 1593 104 75 leaves
697 1593 115 75 chiefly
830 1593 39 75 of
880 1593 56 75 the
952 1593 171 75 palm-tree
1138 1593 10 75 ;
1167 1593 56 75 the

236 1639 71 75 rind
324 1639 62 75 and
412 1639 106 75 barks,
544 1639 169 75 efpecially
738 1639 39 75 of
800 1639 55 75 the
882 1639 82 75 tilia,
990 1639 37 75 or
1054 1639 169 75 phillyrea,

236 1686 63 75 and
325 1686 54 75 the
408 1686 161 75 Egyptian
595 1686 150 75 papyrus.
796 1686 52 75 By
875 1686 133 75 degrees
1037 1686 86 75 wax,
1148 1686 76 75 then

235 1732 136 75 leather,
397 1732 84 75 were
504 1732 202 75 introduced,
724 1732 169 75 efpecially
909 1732 57 75 the
981 1732 83 75 Ikins
1081 1732 41 75 of
1133 1732 92 75 goats

236 1779 62 75 and
315 1779 103 75 ftieep,
436 1779 40 75 of
487 1779 104 75 which
605 1779 32 75 at
649 1779 112 75 length
774 1779 185 75 parchment
973 1779 65 75 was
1051 1779 176 75 prepared:

234 1826 98 75 Then
350 1826 71 75 lead
438 1826 87 75 came
542 1826 68 75 into
628 1826 73 75 ufe;
728 1826 66 75 alfo
810 1826 98 75 linen,
942 1826 69 75 filk,
1036 1826 97 75 horn,
1167 1826 63 75 and

237 1874 91 75 iaftly
344 1874 97 75 paper
459 1874 98 75 itfelf.

493 2147 1514 75 BOOK-KEEPING.

1323 2364 75 75 The
1426 2364 216 75 Wafte-book
1665 2364 98 75 opens
1789 2364 79 75 with
1898 2364 54 75 the
1980 2364 188 75 inventory;
2204 2364 109 75 which

1278 2410 122 75 confifts
1418 2410 39 75 of
1469 2410 66 75 two
1552 2410 86 75 parts
1650 2410 9 75 :
1687 2410 95 75 Firft,
1807 2410 54 75 the
1878 2410 115 75 effetts,
2020 2410 70 75 that
2106 2410 39 75 is,
2171 2410 54 75 the
2241 2410 71 75 mo-

1277 2459 61 75 ney
1355 2459 18 75 a
1389 2459 164 75 merchant
1569 2459 57 75 has
1644 2459 43 75 by
1702 2459 81 75 him,
1807 2459 56 75 the
1885 2459 102 75 goods
2015 2459 40 75 he
2079 2459 57 75 has
2153 2459 42 75 on
2212 2459 102 75 hand,

1277 2504 48 75 his
1354 2504 87 75 fhare
1469 2504 31 75 in
1528 2504 97 75 fhips,
1660 2504 126 75 houfes,
1811 2504 111 75 farms,
2038 2504 79 75 with
2140 2504 56 75 the
2219 2504 94 75 debts

1277 2551 62 75 due
1354 2551 36 75 to
1406 2551 85 75 him;
1519 2551 55 75 the
1589 2551 116 75 fecond
1721 2551 71 75 part
1803 2551 40 75 of
1854 2551 55 75 the
1926 2551 167 75 inventory
2110 2551 25 75 is
2153 2551 54 75 the
2219 2551 94 75 debts

1277 2597 61 75 due
1355 2597 43 75 by
1414 2597 66 75 him
1497 2597 35 75 to
1548 2597 129 75 others:
1704 2597 77 75 The
1793 2597 174 75 difference
1980 2597 135 75 betwixt
2128 2597 104 75 which
2251 2597 63 75 and

1278 2643 54 75 the
1349 2643 121 75 effedts,
1496 2643 26 75 is
1539 2643 87 75 what
1642 2643 180 75 merchants
1840 2643 60 75 call
1918 2643 74 75 neat
2007 2643 103 75 Jlock.
2160 2643 110 75 When
2296 2643 19 75 a

1278 2690 71 75 man
1366 2690 110 75 begins
1493 2690 104 75 trade,
1622 2690 57 75 the
1702 2690 169 75 inventory
1895 2690 79 75 muft
1997 2690 40 75 be
2059 2690 154 75 gathered
2230 2690 84 75 from

1279 2736 19 75 a
1313 2736 112 75 furvey
1442 2736 40 75 of
1495 2736 54 75 the
1570 2736 190 75 particulars
1776 2736 71 75 that
1865 2736 92 75 make
1983 2736 42 75 up
2042 2736 50 75 his
2110 2736 65 75 real
2193 2736 118 75 e.ftate;

1278 2783 58 75 but
1353 2783 79 75 muft
1449 2783 187 75 afterwards
1653 2783 41 75 be
1710 2783 155 75 collefted
1881 2783 84 75 from
1981 2783 56 75 the
2052 2783 131 75 balance
2200 2783 41 75 of
2263 2783 51 75 his

1278 2830 56 75 old
1349 2830 115 75 books,
1492 2830 61 75 and
1569 2830 124 75 carried
1709 2830 35 75 to
1760 2830 56 75 the
1834 2830 80 75 new.
1974 2830 86 75 This
2088 2830 168 75 inventory
2285 2830 27 75 is

1279 2877 54 75 the
1350 2877 63 75 firft
1431 2877 90 75 thing
1538 2877 147 75 narrated
1701 2877 33 75 in
1750 2877 55 75 the
1822 2877 225 75 Wafte-book,
2073 2877 34 75 as
2136 2877 94 75 being
2258 2877 56 75 the

1278 2923 110 75 fource
1405 2923 62 75 and
1481 2923 107 75 fpring
1605 2923 128 75 whence
1751 2923 42 75 all
1810 2923 188 75 fubfequent
2010 2923 203 75 traniaftions
2226 2923 89 75 flow.

1326 2969 98 75 After
1448 2969 55 75 the
1527 2969 168 75 inventory
1720 2969 26 75 is
1775 2969 96 75 fairly
1897 2969 148 75 narrated
2066 2969 31 75 in
2114 2969 56 75 the
2186 2969 129 75 Wafte-

1278 3017 107 75 book,..
1402 3017 56 75 the
1473 3017 204 75 tranfa&ions
1694 3017 40 75 of
1751 3017 90 75 trade
1859 3017 90 75 come
1974 3017 80 75 next
2082 3017 35 75 to
2144 3017 41 75 be
2205 3017 113 75 jotted

2193 3055 97 75 down
2298 3055 14 75 ;

192 2368 410 75 BOOKKEEPING
620 2368 26 75 is
664 2368 38 75 an
720 2368 61 75 art,
808 2368 147 75 teaching
970 2368 76 75 how
1062 2368 35 75 to
1114 2368 115 75 record

292 2416 62 75 and
368 2416 121 75 difpofe
505 2416 55 75 the
577 2416 162 75 accompts
759 2416 40 75 of
811 2416 148 75 bufmefs,
983 2416 34 75 fo
1034 2416 33 75 as
1085 2416 53 75 the
1156 2416 72 75 true

192 2464 79 75 ftate
288 2464 39 75 of
338 2464 96 75 every
451 2464 82 75 part;
560 2464 61 75 and
635 2464 41 75 of
691 2464 56 75 the
768 2464 116 75 whole,
910 2464 74 75 may
999 2464 40 75 be
1056 2464 93 75 eafily
1167 2464 62 75 and

193 2510 157 75 diftihftly
366 2510 129 75 known.

241 2557 145 75 Though
399 2557 55 75 the
466 2557 134 75 number
611 2557 63 75 and
685 2557 94 75 kinds
794 2557 39 75 of
844 2557 103 75 books
960 2557 77 75 ufed
1052 2557 31 75 in
1102 2557 63 75 this
1178 2557 50 75 art

193 2604 40 75 be
250 2604 31 75 in
298 2604 84 75 fome
400 2604 138 75 meafure
566 2604 170 75 arbitrary,
764 2604 89 75 there
870 2604 52 75 are
940 2604 91 75 three
1048 2604 104 75 which
1170 2604 58 75 can

194 2650 98 75 never
306 2650 41 75 be
363 2650 162 75 difpenfed
542 2650 76 75 with
635 2650 45 75 by
700 2650 90 75 thofe
808 2650 105 75 whofe
930 2650 90 75 trade
1037 2650 25 75 is
1080 2650 148 75 complex

195 2697 37 75 or
249 2697 173 75 extenfive,
447 2697 68 75 viz.
534 2697 54 75 the
604 2697 205 75 IVajle-book.
834 2697 158 75 Journal,
1011 2697 62 75 and
1091 2697 137 75 Ledger.

417 2801 33 75 I.
502 2801 60 75 Of
578 2801 61 75 the
663 2801 338 75 Waste-book.

244 2883 85 75 Twi
348 2883 190 75 Wajle-book
555 2883 26 75 is
600 2883 18 75 a
640 2883 141 75 regifter,
807 2883 237 75 containing.an
1061 2883 170 75 inventory

198 2931 40 75 of
266 2931 17 75 a
308 2931 192 75 merchant’s
524 2931 107 75 effeefts
659 2931 60 75 and
745 2931 105 75 debts,
875 2931 78 75 with
972 2931 17 75 a
1007 2931 113 75 record
1135 2931 40 75 of
1187 2931 43 75 all

199 2979 50 75 his
266 2979 217 75 tranfadions,
509 2979 147 75 narrated
673 2979 33 75 in
730 2979 16 75 a
764 2979 97 75 plain,
880 2979 105 75 fimple
1002 2979 91 75 ftyle,
1118 2979 63 75 and
1196 2979 34 75 in

198 3025 60 75 the.
269 3025 92 75 exadt
377 3025 95 75 order
489 3025 38 75 of
540 3025 77 75 time
634 3025 33 75 as
687 3025 78 75 they
781 3025 135 75 fucceed
934 3025 61 75 one
1011 3025 146 75 another.

1278 168 32 75 E
1382 168 35 75 E
1485 168 35 75 P
1593 168 18 75 I
1681 168 43 75 N
1798 168 51 75 G.

1365 236 76 75 The
1459 236 64 75 firfc
1546 236 102 75 books
1678 236 84 75 were
1778 236 31 75 in
1828 236 55 75 the
1901 236 83 75 form
2001 236 40 75 of
2052 236 113 75 blocks
2181 236 63 75 and
2260 236 48 75 ta-

1319 281 93 75 bles.;
1437 281 58 75 but
1514 281 32 75 as
1564 281 131 75 flexible
1712 281 117 75 matter
1841 281 88 75 came
1943 281 35 75 to
1990 281 39 75 be
2042 281 100 75 wrote
2159 281 54 75 oh,
2232 281 77 75 they

1321 329 100 75 found
1444 329 25 75 it
1492 329 88 75 more
1605 329 188 75 convenient
1822 329 35 75 to
1873 329 93 75 make
1984 329 83 75 their
2084 329 101 75 books
2202 329 31 75 in
2250 329 56 75 the

1321 375 84 75 form
1421 375 40 75 of
1473 375 77 75 rolls
1562 375 9 75 :
1597 375 110 75 Thefe
1724 375 84 75 were
1825 375 169 75 compofed
2010 375 37 75 of
2059 375 117 75 feyeral
2194 375 114 75 Iheets,

1320 422 139 75 faftened
1485 422 35 75 to
1548 422 79 75 each
1652 422 107 75 other,
1782 422 64 75 and
1871 422 110 75 rolled-
1997 422 89 75 upon-
2111 422 19 75 a
2148 422 99 75 flick,
2273 422 37 75 or

1322 469 193 75 umbilicus;
1542 469 56 75 the
1615 469 106 75 whole
1745 469 128 75 making
1899 469 18 75 a
1940 469 76 75 kind
2042 469 41 75 of
2105 469 141 75 column,
2272 469 40 75 or

1323 517 156 75 cylinder,
1506 517 106 75 which
1629 517 65 75 was
1710 517 36 75 to
1763 517 39 75 be
1818 517 154 75 managed
1997 517 45 75 by
2069 517 55 75 the
2138 517 171 75 umbilicus

1321 562 33 75 as
1371 562 162 75 a.handle,
1559 562 25 75 it
1606 562 95 75 being
1719 562 135 75 reputed
1877 562 18 75 a
1923 562 96 75 crime
2037 562 34 75 to
2088 562 73 75 take
2179 562 77 75 hold
2273 562 42 75 of

1320 609 55 75 the
1392 609 61 75 roll
1470 609 104 75 itfelf:
1600 609 78 75 The
1699 609 119 75 outlide
1842 609 42 75 of
1897 609 55 75 the
1977 609 127 75 volume
2122 609 64 75 was
2205 609 104 75 called

1310 655 100 75 frons
1422 655 10 75 ;
1459 655 56 75 the
1528 655 78 75 ends
1623 655 40 75 of
1670 655 55 75 the
1744 655 179 75 umbilicus,
1949 655 132 75 cornua,
2108 655 103 75 which
2226 655 88 75 were

1274 703 5 75 ’
1319 703 123 75 ufually
1459 703 128 75 carved,
1614 703 63 75 and
1694 703 143 75 adorned
1854 703 78 75 with
1956 703 104 75 filver,
2085 703 103 75 ivbry,
2222 703 38 75 or
2276 703 37 75 e-

1321 748 57 75 ven
1391 748 77 75 gold
1484 748 63 75 and
1563 748 145 75 precious
1725 748 102 75 ftones
1839 748 9 75 :
1866 748 77 75 The
1960 748 72 75 title
2050 748 175 75 <rv\}.a.Cic,
2244 748 64 75 was

1320 796 105 75 ftruck
1441 796 41 75 on
1500 796 55 75 the
1581 796 141 75 outfide;
1759 796 56 75 the
1839 796 105 75 whole
1968 796 141 75 volume,
2135 796 93 75 when
2250 796 59 75 ex-

1320 842 130 75 tended,
1475 842 101 75 might
1598 842 93 75 make
1708 842 18 75 a
1743 842 80 75 yard
1838 842 62 75 and
1917 842 18 75 a
1951 842 74 75 half
2036 842 95 75 wide,
2158 842 60 75 and
2236 842 74 75 fifty

1320 889 89 75 long.
1467 889 77 75 The
1573 889 82 75 form
1686 889 109 75 Which
1825 889 126 75 obtains
1985 889 117 75 among
2128 889 37 75 us
2194 889 26 75 is
2253 889 58 75 the

1321 934 125 75 fquare,
1471 934 169 75 compofed
1656 934 39 75 of
1719 934 140 75 feparate
1875 934 104 75 leaves
1992 934 10 75 ;
2031 934 104 75 which
2161 934 65 75 was
2244 934 71 75 alfo.

1318 981 130 75 known,
1474 981 123 75 though
1616 981 84 75 little
1717 981 89 75 ufed,
1833 981 43 75 by
1892 981 55 75 the
1964 981 157 75 ancients.
2150 981 5 75 •

1366 1028 56 75 To
1449 1028 56 75 the
1533 1028 84 75 form
1641 1028 40 75 of
1705 1028 100 75 books
1828 1028 132 75 belongs
1989 1028 65 75 alfo
2087 1028 56 75 the
2171 1028 137 75 internal

1319 1074 182 75 ceconomy,
1520 1074 33 75 as
1567 1074 54 75 the
1638 1074 95 75 order
1746 1074 62 75 and
1826 1074 234 75 arrangements
2074 1074 40 75 of
2126 1074 103 75 points
2247 1074 63 75 and

1320 1121 111 75 letters
1448 1121 69 75 into
1534 1121 79 75 lines
1638 1121 62 75 and
1728 1121 108 75 pages,
1862 1121 77 75 with
1965 1121 137 75 margins
2131 1121 62 75 and
2216 1121 95 75 other

1322 1168 224 75 appurtenants
1560 1168 8 75 :
1594 1168 87 75 This
1697 1168 56 75 has
1772 1168 183 75 undergone
1975 1168 94 75 many
2082 1168 145 75 varieties
2240 1168 9 75 ;
2277 1168 34 75 at

1321 1213 64 75 firft
1400 1213 57 75 the
1473 1213 112 75 letters
1603 1213 84 75 were
1704 1213 77 75 only
1798 1213 129 75 divided
1945 1213 68 75 into
2028 1213 94 75 lines,
2148 1213 75 75 then
2240 1213 70 75 into

1320 1260 142 75 feparate
1479 1260 118 75 words,
1623 1260 119 75 which,
1767 1260 44 75 by
1826 1260 147 75 degrees,
2001 1260 86 75 were
2103 1260 98 75 noted
2229 1260 79 75 with

1323 1306 138 75 accents,
1487 1306 63 75 and
1566 1306 200 75 diftributed,
1784 1306 44 75 by
1853 1306 105 75 points
1975 1306 61 75 and
2054 1306 95 75 flops,
2167 1306 68 75 into
2253 1306 38 75 pe

1320 1353 99 75 riods,
1445 1353 205 75 paragraphs,
1677 1353 160 75 chapters,
1863 1353 62 75 and
1949 1353 94 75 other
2058 1353 160 75 divifions.
2267 1353 40 75 In

1320 1400 85 75 fome
1422 1400 172 75 countries,
1621 1400 33 75 as
1677 1400 115 75 among
1816 1400 54 75 the
1895 1400 163 75 orientals,
2085 1400 54 75 the
2156 1400 79 75 lines
2252 1400 56 75 be-

1321 1446 60 75 gan
1397 1446 87 75 ffom
1502 1446 55 75 the
1584 1446 87 75 right
1699 1446 62 75 and
1785 1446 55 75 ran
1865 1446 147 75 leftward
2028 1446 10 75 ;
2065 1446 31 75 in
2122 1446 122 75 others,
2276 1446 34 75 as

1318 1493 56 75 the
1390 1493 152 75 northern
1560 1493 62 75 and
1638 1493 131 75 weftern
1794 1493 136 75 nations,
1956 1493 84 75 from
2056 1493 61 75 left
2140 1493 35 75 to
2199 1493 110 75 right;

1318 1540 121 75 others,
1465 1540 33 75 as
1511 1540 56 75 the
1579 1540 142 75 Greeks,
1746 1540 153 75 followed
1915 1540 79 75 both
2011 1540 181 75 directions,
2214 1540 99 75 alter-

1318 1587 109 75 nately
1452 1587 97 75 going
1573 1587 32 75 in
1633 1587 56 75 the
1709 1587 76 75 one,
1812 1587 60 75 and
1889 1587 166 75 returning
2076 1587 32 75 in
2124 1587 56 75 the
2200 1587 109 75 other,

1320 1633 103 75 called
1450 1633 241 75 boujirophedon
1709 1633 12 75 :
1756 1633 39 75 In
1832 1633 79 75 moft
1939 1633 172 75 countries,
2146 1633 55 75 the
2229 1633 80 75 lines

1321 1680 58 75 run
1408 1680 86 75 from
1523 1680 60 75 one
1610 1680 65 75 fide
1708 1680 36 75 to
1773 1680 55 75 the
1856 1680 94 75 other
1964 1680 9 75 ;
2016 1680 32 75 in
2075 1680 97 75 forhe,
2209 1680 101 75 parti-

1322 1728 121 75 cularly
1456 1728 55 75 the
1528 1728 151 75 Chinefe,
1705 1728 84 75 from
1807 1728 55 75 top
1879 1728 36 75 to
1932 1728 138 75 bottom.
2122 1728 61 75 See
2202 1728 109 75 Com-

1328 1773 200 75 position.
