2396 3377
634 106 42 75 A
791 106 35 75 L
940 106 43 75 G
1098 106 18 75 I

80 203 109 75 Thus,
221 203 127 75 p-=ra
348 185 83 49 4~.<5
448 203 37 75 =
499 203 22 75 «
528 203 77 75 —*.
670 203 80 75 But,
773 203 50 75 ~
896 203 51 75 ^
979 203 11 75 ;
1044 203 64 75 and

80 299 100 75 hence
224 299 51 75 ~
297 299 27 75 is
348 299 166 75 exprefled
536 299 66 75 alfo
623 299 45 75 by
687 299 22 75 a
709 281 21 49 1
748 299 80 75 with
845 299 19 75 a
878 299 146 75 negative
1046 299 58 75 ex-

79 374 131 75 ponent.

124 447 34 75 It
172 447 27 75 is
214 447 65 75 alfo
295 447 148 75 obvious,
459 447 72 75 that
547 447 51 75 —
610 447 37 75 —
656 447 37 75 a'
704 447 113 75 ~xzza
817 429 18 49 a
848 447 12 75 ;
878 447 111 75 but—
1016 447 38 75 =
1073 447 30 75 x,

563 473 20 75 a

952 473 22 75 a

74 547 64 75 and
148 547 162 75 therefore
321 547 21 75 a
342 529 18 49 0
370 547 36 75 =
418 547 31 75 x.
474 547 99 75 After
584 547 56 75 the
651 547 82 75 fame
745 547 130 75 manner
883 547 51 75 —
949 547 37 75 =
994 547 51 75 —
1068 547 36 75 =

900 572 21 75 a
1010 572 21 75 a

73 742 36 75 —
124 742 88 75 <*°—
212 724 17 49 }
246 742 38 75 =:
297 742 70 75 a—
367 724 16 49 3
383 742 25 75 ;
434 742 34 75 fo
484 742 72 75 that
571 742 55 75 the
643 742 171 75 quantities
831 742 34 75 a,
887 742 29 75 i,
934 742 62 75 —,
1029 742 69 75 —’

72 837 79 75 J-,
177 837 72 75 —,
275 837 65 75 fee.
365 837 74 75 may
469 837 41 75 be
539 837 166 75 expreffed
741 837 88 75 thus,
855 837 19 75 a
874 819 16 49 1
890 837 16 75 ,
932 837 53 75 a°,
1009 837 20 75 a
1029 819 52 49 -1
1081 837 17 75 ,

70 868 22 75 a
112 868 11 75 *
174 868 22 75 a
210 850 14 49 4

70 918 57 75 a-"
127 900 19 49 1
146 918 16 75 ,
186 918 57 75 a—
243 900 15 49 3
258 918 16 75 ,
299 918 57 75 a—
356 900 14 49 4
370 918 16 75 ,
412 918 65 75 frc.
532 918 111 75 Thofe
665 918 54 75 are
742 918 103 75 called
868 918 57 75 the
949 918 151 75 negative

69 961 125 75 powers
208 961 43 75 of
268 961 21 75 a
313 961 106 75 which
444 961 83 75 have
553 961 146 75 negative
715 961 177 75 exponents
905 961 13 75 ;
942 961 60 75 but
1019 961 79 75 they

68 1031 54 75 are
138 1031 33 75 at
186 1031 56 75 the
258 1031 85 75 fame
358 1031 77 75 time
445 1031 136 75 pofitive
596 1031 125 75 powers
736 1031 43 75 of
796 1031 51 75 —
878 1031 37 75 or
942 1031 90 75 a~x.

115 1120 167 75 Negative
290 1120 129 75 powers
436 1120 63 75 (as
514 1120 83 75 well
607 1120 38 75 as
655 1120 160 75 pojitive)
836 1120 59 75 are
911 1120 190 75 multiplied

68 1165 34 75 by
119 1165 133 75 adding,
276 1165 69 75 and
365 1165 134 75 divided
519 1165 34 75 by
567 1165 212 75 fubtrafling
801 1165 87 75 their
910 1165 184 75 exponents.

63 1238 97 75 Thus
177 1238 55 75 the
248 1238 135 75 product
397 1238 42 75 of
457 1238 57 75 a—
514 1220 18 49 1
555 1238 54 75 (or

761 1238 180 75 multiplied
957 1238 43 75 by

66 1335 55 75 (or

275 1335 26 75 is
326 1335 20 75 tf
346 1317 56 49 -1
402 1335 39 75 —'
441 1317 16 49 3
475 1335 36 75 =:
525 1335 22 75 a
554 1335 33 75 —
587 1317 21 49 s
631 1335 53 75 (or
710 1335 52 75 -i-
781 1335 11 75 ;
813 1335 20 75 ^
873 1335 66 75 alfo
963 1335 57 75 a—
1020 1317 16 49 6
1063 1335 30 75 X

62 1432 37 75 a*
117 1432 37 75 =
169 1432 20 75 a
204 1432 48 75 —
273 1432 21 75 6
312 1432 39 75 +
366 1432 74 75 4=
460 1432 99 75 «“"*
595 1432 188 75 (or-L;j
839 1432 63 75 and
932 1432 22 75 a
964 1432 36 75 —
1014 1414 12 49 3
1063 1432 30 75 X

64 1506 21 75 a
85 1488 17 49 3
121 1506 36 75 —
172 1506 40 75 a°
230 1506 35 75 —
285 1506 31 75 i.
380 1506 90 75 And,
495 1506 32 75 in
544 1506 140 75 general,
709 1506 61 75 any
782 1506 134 75 pojitive
925 1506 114 75 power
1057 1506 43 75 of

63 1553 18 75 a
97 1553 186 75 multiplied
297 1553 33 75 by
354 1553 21 75 a
396 1553 150 75 negative
558 1553 113 75 power
685 1553 44 75 of
770 1553 43 75 of
825 1553 44 75 an
887 1553 98 75 equal
999 1553 88 75 expo-

63 1599 79 75 nent
150 1599 95 75 gives
272 1599 97 75 unit
387 1599 65 75 for
467 1599 53 75 the
543 1599 159 75 produft;
742 1599 52 75 for
810 1599 55 75 the
881 1599 128 75 pofitive
1025 1599 64 75 and

43 1644 5 75 •
59 1644 149 75 negative
224 1644 127 75 deftroy
367 1644 77 75 each
461 1644 107 75 other,
593 1644 65 75 and
680 1644 56 75 the
758 1644 135 75 produdt
914 1644 88 75 gives
1034 1644 20 75 a
1054 1626 20 49 a
1074 1644 15 75 ,

58 1688 106 75 which
181 1688 26 75 is
224 1688 95 75 equal
336 1688 36 75 to
387 1688 82 75 unit.

59 1760 160 75 Likewife
248 1760 73 75 -—•,
340 1760 36 75 =r
387 1760 63 75 a—
461 1760 16 75 c
488 1760 38 75 +
536 1760 18 75 2
572 1760 36 75 =
618 1760 72 75 a~3
708 1760 37 75 =
826 1760 11 75 ;
873 1760 64 75 and
962 1760 74 75 —-
1050 1760 37 75 =

248 1786 75 75 a—*

757 1786 21 75 a
778 1768 18 49 3

955 1786 58 75 a—
1013 1768 15 49 3

57 1856 22 75 a
94 1856 37 75 —
153 1856 106 75 2+y
281 1856 37 75 =
332 1856 21 75 a
353 1838 18 49 3
371 1856 15 75 .
466 1856 67 75 But
548 1856 78 75 alfo,
661 1856 81 75 ^—?
756 1856 37 75 =
804 1856 56 75 —

1047 1856 37 75 =

666 1885 57 75 a—
723 1867 14 49 5
814 1885 58 75 a—
872 1867 19 49 1
907 1885 30 75 X
949 1885 57 75 a—
1006 1867 15 49 3

53 1958 286 75 —therefore
364 1958 152 75 -^—.zra
516 1940 17 49 }
533 1958 27 75 :
615 1958 90 75 And,
740 1958 32 75 in
804 1958 140 75 general,
973 1958 25 75 “
1023 1958 51 75 A-

54 1982 20 75 a
114 1964 11 49 J

360 1982 22 75 a
422 1964 12 49 1

56 2029 23 75 “
104 2029 44 75 ny
165 2029 149 75 quantity
329 2029 114 75 placed
473 2029 31 75 in
538 2029 56 75 the
625 2029 221 75 denominator
861 2029 42 75 of
912 2029 18 75 a
948 2029 133 75 fraction

55 2074 24 75 “
104 2074 74 75 may
193 2074 40 75 be
249 2074 182 75 tranfpofed
447 2074 34 75 to
497 2074 56 75 the
569 2074 196 75 numerator,
790 2074 31 75 if
832 2074 55 75 the
903 2074 65 75 fign
983 2074 42 75 of
1035 2074 41 75 its

54 2147 23 75 “
102 2147 162 75 exponent
275 2147 40 75 be
328 2147 180 75 changed.”
563 2147 96 75 Thus
743 2147 36 75 =
797 2147 88 75 «~3,
918 2147 63 75 and
995 2147 32 75 —
1027 2179 50 49 3

51 2220 36 75 =r
101 2220 20 75 a
121 2202 17 49 3
138 2220 16 75 .

97 2266 77 75 The
190 2266 149 75 quantity
354 2266 20 75 a
374 2248 26 49 m
421 2266 156 75 exprelfes
594 2266 62 75 any
672 2266 108 75 power
796 2266 40 75 of
846 2266 21 75 a
883 2266 33 75 in
932 2266 143 75 general,

51 2312 55 75 the
129 2312 161 75 exponent
317 2312 78 75 (m)
414 2312 95 75 being
532 2312 263 75 undetermined;
837 2312 62 75 and
913 2312 59 75 ar—
972 2294 23 49 m
1015 2312 60 75 ex-

48 2380 115 75 prefies
197 2380 70 75 —,
293 2380 38 75 or
347 2380 18 75 a
380 2380 147 75 negative
542 2380 107 75 power
672 2380 40 75 of
723 2380 21 75 a
760 2380 40 75 of
811 2380 39 75 an
866 2380 93 75 equal
974 2380 102 75 expo-

48 2457 138 75 ponent:
222 2457 63 75 and
308 2457 21 75 a
329 2439 25 49 m
368 2457 22 75 x
405 2457 57 75 a—
462 2439 23 49 m
496 2457 36 75 —
543 2457 19 75 a
562 2439 27 49 m
589 2457 39 75 —
628 2439 118 49 m~a°
763 2457 36 75 ~
820 2457 12 75 i
852 2457 28 75 is
897 2457 85 75 their
997 2457 75 75 pro-

48 2502 85 75 dud:.
182 2502 20 75 a
202 2484 19 49 n
241 2502 157 75 exprefies
416 2502 62 75 any
493 2502 93 75 other
610 2502 108 75 power
742 2502 40 75 of
800 2502 22 75 a
836 2502 11 75 ;
882 2502 46 75 a’"
943 2502 29 75 X
981 2502 40 75 a"
1039 2502 37 75 =

53 2585 21 49 a

74 2535 25 49 m
99 2553 44 75 -\-
143 2535 18 49 n
193 2553 10 75 ;
203 2585 17 49 s
248 2585 13 49 t
261 2553 23 75 h
284 2585 22 49 e
327 2553 20 75 p
347 2585 17 49 r
364 2553 96 75 ojdud
487 2553 41 75 of
544 2553 56 75 the
627 2553 124 75 powers
776 2553 20 75 a
796 2535 27 49 m
843 2553 64 75 and
922 2553 56 75 a”,
1011 2553 63 75 and

48 2629 20 49 a
68 2597 83 75 m—n
169 2597 11 75 j
180 2629 17 49 s
214 2597 85 75 theij-
315 2597 162 75 quotient.

93 2655 55 75 To
166 2655 77 75 raife
260 2655 61 75 any
337 2655 107 75 fimple
460 2655 149 75 quantity
624 2655 35 75 to
675 2655 41 75 its
741 2655 127 75 fecond,
900 2655 101 75 third,
1034 2655 38 75 or

46 2701 111 75 fourth
174 2701 120 75 power,
327 2701 26 75 is
378 2701 35 75 to
438 2701 63 75 add
523 2701 42 75 its
590 2701 162 75 exponent
776 2701 105 75 twice,
899 2701 115 75 thrice,
1032 2701 38 75 or

46 2746 73 75 four
136 2746 92 75 times
253 2746 35 75 to
311 2746 106 75 itfelf;
450 2746 162 75 therefore
629 2746 55 75 the
699 2746 116 75 fecond
830 2746 108 75 power
954 2746 40 75 of
1007 2746 62 75 any

47 2792 148 75 quantity
210 2792 27 75 is
254 2792 64 75 had
333 2792 43 75 by
392 2792 152 75 doubling
560 2792 41 75 its
617 2792 173 75 exponent,
823 2792 63 75 and
910 2792 55 75 the
982 2792 89 75 third

45 2839 43 75 by
104 2839 137 75 trebling
265 2839 43 75 its
333 2839 180 75 exponent;
549 2839 74 75 and,
656 2839 32 75 in
711 2839 141 75 general,
884 2839 53 75 the
957 2839 113 75 power

45 2884 160 75 exprejfed
225 2884 34 75 by
277 2884 32 75 m
323 2884 44 75 of
374 2884 61 75 any
452 2884 147 75 quantity
614 2884 31 75 is
661 2884 65 75 had
739 2884 34 75 by
789 2884 205 75 multiplying
1016 2884 54 75 the

45 2930 150 75 exponent
219 2930 34 75 by
277 2930 44 75 m,
356 2930 33 75 as
405 2930 26 75 is
449 2930 74 75 obvi
544 2930 38 75 us
599 2930 85 75 from
701 2930 55 75 the
772 2930 190 75 multiplicat
974 2930 42 75 on
1032 2930 42 75 of

44 2976 135 75 powers.
226 2976 96 75 Thus
353 2976 56 75 the
435 2976 116 75 fecond
576 2976 108 75 power
716 2976 37 75 or
784 2976 114 75 fquare
922 2976 41 75 of
989 2976 22 75 a
1040 2976 27 75 is

136 3023 98 75 Von.
251 3023 33 75 I,
307 3023 71 75 No.
396 3023 33 75 4.

993 3023 18 75 3

1120 102 13 75 ^
1251 102 36 75 B
1404 102 38 75 R
1557 102 55 75 A.

2131 102 52 75 85

1151 188 38 75 a"
1200 188 30 75 ^
1241 188 8 75 '
1249 188 61 75 —a
1310 170 22 49 x
1347 188 10 75 ;
1371 188 41 75 its
1424 188 89 75 third
1525 188 107 75 power
1648 188 37 75 or
1701 188 80 75 cube
1799 188 26 75 is
1844 188 20 75 a
1875 170 12 49 3
1887 188 153 75 X'^ra?;
2055 188 64 75 and
2129 188 57 75 the

1151 244 32 75 «
1183 226 30 49 th
1231 244 106 75 power
1352 244 43 75 of
1404 244 21 75 a
1442 244 26 75 is
1484 244 21 75 a
1517 244 8 75 '
1525 244 49 75 "X
1604 244 98 75 =a”'.
1750 244 93 75 Alfo,
1876 244 55 75 the
1958 244 116 75 fquare
2090 244 42 75 of
2141 244 21 75 a
2162 226 18 49 4

1151 300 26 75 is
1193 300 21 75 a
1227 282 15 49 I
1242 300 34 75 X
1276 282 16 49 4

1292 332 23 49 =
1315 300 35 75 ra
1350 282 19 49 8
1385 300 9 75 •
1430 300 57 75 the
1511 300 80 75 cube
1615 300 39 75 of
1672 300 21 75 a
1693 282 18 49 4
1729 300 27 75 is
1781 300 20 75 a
1801 282 18 49 3
1832 300 29 75 X
1861 282 22 49 4
1883 300 58 75 =:a
1941 282 46 49 ,x
2000 300 13 75 ;
2046 300 65 75 and
2126 300 58 75 the

1151 357 32 75 m
1183 339 31 49 Va
1243 357 107 75 power
1377 357 42 75 of
1439 357 22 75 a
1461 339 16 49 4
1496 357 26 75 is
1542 357 21 75 a
1592 357 76 75 W.
1731 357 77 75 The
1832 357 113 75 fquare
1973 357 41 75 of
2035 357 21 75 a
2074 357 18 75 £
2109 357 18 75 c
2153 357 28 75 is

1151 403 20 75 a
1171 385 22 49 1
1212 403 19 75 b
1231 385 20 49 x
1271 403 18 75 c
1289 385 18 49 1
1307 403 17 75 ,
1341 403 56 75 the
1413 403 80 75 cube
1509 403 26 75 is
1551 403 22 75 a
1573 385 17 49 3
1610 403 18 75 b
1628 385 16 49 3
1663 403 18 75 c
1681 385 16 49 s
1697 403 15 75 ,
1730 403 55 75 the
1802 403 32 75 zw
1834 385 30 49 th
1882 403 109 75 power
2005 403 79 75 amb
2084 385 26 49 m
2121 403 58 75 cvt.

1198 465 77 75 The
1291 465 111 75 raifing
1417 465 41 75 of
1477 465 171 75 quantities
1664 465 35 75 to
1716 465 62 75 any
1802 465 109 75 power
1926 465 27 75 is
1969 465 104 75 called
2089 465 90 75 invo-

1152 511 118 75 lution,
1304 511 62 75 and
1381 511 60 75 any
1451 511 121 75 fimple
1587 511 147 75 quantity
1752 511 28 75 is
1797 511 153 75 involved
1962 511 34 75 by
2015 511 163 75 multiply-

1152 558 56 75 ing
1224 558 53 75 the
1292 558 152 75 exponent
1460 558 34 75 by
1510 558 73 75 that
1599 558 42 75 of
1647 558 53 75 tire
1708 558 114 75 power
1833 558 165 75 required,
2021 558 35 75 as
2073 558 32 75 in
2122 558 56 75 the

1151 605 170 75 preceding
1338 605 175 75 examples.

1199 652 66 75 The
1289 652 169 75 coefficient
1479 652 84 75 mufl
1582 652 65 75 alfo
1664 652 35 75 be
1715 652 110 75 raifed
1837 652 31 75 to
1884 652 53 75 the
1944 652 97 75 fame
2059 652 115 75 power

1149 699 43 75 by
1208 699 19 75 a
1243 699 160 75 continual
1419 699 247 75 multiplication
1690 699 40 75 of
1748 699 92 75 itfelf
1851 699 43 75 by
1909 699 98 75 itlelf,
2032 699 34 75 as
2083 699 91 75 often

1149 747 33 75 as
1199 747 72 75 unit
1286 747 27 75 is
1330 747 170 75 contained
1514 747 33 75 in
1565 747 55 75 the
1635 747 162 75 exponent
1813 747 41 75 of
1871 747 54 75 the
1941 747 108 75 power
2065 747 108 75 requi-

1147 793 70 75 red.
1280 793 96 75 Thus
1393 793 57 75 the
1475 793 80 75 cube
1581 793 41 75 of
1642 793 18 75 3
1680 793 20 75 a
1717 793 19 75 £
1750 793 27 75 is
1797 793 17 75 3
1834 793 23 75 x
1875 793 17 75 3
1912 793 23 75 x
1953 793 17 75 3
1990 793 23 75 x
2027 793 23 75 a
2050 775 16 49 3
2084 793 19 75 £
2103 775 17 49 3
2136 793 38 75 =

1148 842 43 75 27
1209 842 20 75 a
1229 824 18 49 3
1265 842 51 75 b*.

1193 886 49 75 As
1258 886 37 75 to
1320 886 56 75 the
1399 886 95 75 figns.
1526 886 96 75 When
1646 886 53 75 the
1715 886 148 75 quantity
1880 886 32 75 to
1928 886 36 75 be
1979 886 153 75 involved
2143 886 30 75 is

1140 931 147 75 poftive,
1305 931 28 75 it
1349 931 28 75 is
1394 931 126 75 obvious
1535 931 75 75 that
1622 931 48 75 all
1682 931 44 75 its
1736 931 128 75 powers
1881 931 82 75 mufi
1978 931 36 75 be
2023 931 148 75 poftive.

1145 977 91 75 And,
1252 977 94 75 when
1358 977 53 75 the
1427 977 147 75 quantity
1587 977 31 75 to
1631 977 35 75 be
1674 977 150 75 involved
1837 977 29 75 is
1883 977 162 75 negative,
2052 977 57 75 yet
2121 977 54 75 all

1146 1023 45 75 its
1197 1023 141 75 powers,
1350 1023 103 75 whofe
1464 1023 169 75 exponents
1643 1023 59 75 are
1713 1023 77 75 even
1803 1023 160 75 numbers,
1977 1023 82 75 muf
2071 1023 36 75 be
2112 1023 60 75 po-

1131 1070 106 75 ftive
1250 1070 13 75 :
1287 1070 52 75 for
1355 1070 63 75 any
1434 1070 133 75 number
1583 1070 41 75 of
1640 1070 261 75 multiplications
1918 1070 41 75 of
1975 1070 18 75 a
2009 1070 158 75 negative,

1143 1115 32 75 if
1186 1115 55 75 the
1258 1115 132 75 number
1406 1115 40 75 be
1461 1115 92 75 even,
1581 1115 88 75 gives
1697 1115 19 75 a
1742 1115 148 75 pofitive;
1925 1115 81 75 fince
2023 1115 46 75 —
2084 1115 24 75 x
2121 1115 49 75 —

1141 1161 37 75 =
1189 1161 50 75 +,
1256 1161 163 75 therefore
1433 1161 49 75 —
1497 1161 123 75 x-^—x
1634 1161 49 75 —
1693 1161 22 75 x
1725 1161 47 75 —
1783 1161 37 75 =
1835 1161 38 75 +
1889 1161 22 75 x
1927 1161 38 75 +
1979 1161 37 75 =
2031 1161 56 75 +;
2106 1161 64 75 and

1141 1207 48 75 —
1204 1207 23 75 x
1241 1207 48 75 —
1305 1207 23 75 x
1342 1207 49 75 —
1407 1207 23 75 x
1444 1207 48 75 —
1508 1207 22 75 x
1543 1207 49 75 —
1607 1207 23 75 x
1644 1207 48 75 —
1707 1207 36 75 =
1758 1207 37 75 +
1812 1207 22 75 x
1850 1207 39 75 +
1905 1207 22 75 x
1942 1207 39 75 +
1995 1207 36 75 =
2046 1207 50 75 +.

1188 1255 76 75 The
1280 1255 108 75 power
1404 1255 77 75 then
1497 1255 77 75 only
1590 1255 57 75 can
1671 1255 40 75 be
1735 1255 146 75 negative
1897 1255 94 75 when
2007 1255 42 75 its
2065 1255 101 75 expo-

1140 1298 75 75 nent
1229 1298 27 75 is
1272 1298 40 75 an
1328 1298 67 75 odd
1410 1298 145 75 number,
1580 1298 123 75 though
1720 1298 55 75 the
1792 1298 149 75 quantity
1956 1298 35 75 to
2007 1298 40 75 be
2062 1298 104 75 invol-

1141 1345 62 75 ved
1218 1345 40 75 be
1274 1345 159 75 negative.
1480 1345 77 75 The
1573 1345 123 75 powers
1713 1345 41 75 of
1769 1345 48 75 —
1828 1345 20 75 a
1866 1345 52 75 are
1933 1345 49 75 -—
1992 1345 34 75 a,
2052 1345 38 75 +
2105 1345 20 75 a
2125 1327 21 49 1
2146 1345 17 75 ,

1140 1390 47 75 —
1198 1390 18 75 a
1216 1372 20 49 3
1236 1390 15 75 ,
1276 1390 69 75 +«
1345 1372 16 49 4
1361 1390 17 75 ,
1402 1390 80 75 —a
1482 1372 17 49 5
1499 1390 15 75 ,
1541 1390 64 75 ere.
1668 1390 110 75 Thofe
1794 1390 106 75 whofe
1916 1390 177 75 exponents
2110 1390 54 75 are

1143 1438 33 75 2,
1203 1438 34 75 4,
1264 1438 34 75 6,
1324 1438 65 75 isc.
1414 1438 54 75 are
1496 1438 151 75 pofitive;
1683 1438 59 75 but
1758 1438 90 75 thofe
1866 1438 104 75 whofe
1986 1438 178 75 exponents

1140 1483 53 75 are
1215 1483 30 75 1,
1273 1483 34 75 3,
1336 1483 32 75 5,
1394 1483 66 75 6v.
1485 1483 54 75 are
1556 1483 158 75 negative.

1185 1529 77 75 The
1278 1529 177 75 involution
1471 1529 40 75 of
1521 1529 172 75 compound
1707 1529 172 75 quantities
1896 1529 26 75 is
1939 1529 18 75 a
1973 1529 88 75 more
2077 1529 83 75 diffi-

1139 1573 66 75 cult
1221 1573 177 75 operation.
1445 1573 77 75 The
1539 1573 122 75 powers
1682 1573 41 75 of
1741 1573 63 75 any
1818 1573 158 75 binomial
1991 1573 21 75 a
2024 1573 38 75 +
2072 1573 19 75 3
2107 1573 54 75 are

1137 1620 100 75 found
1253 1620 43 75 by
1312 1620 19 75 a
1347 1620 160 75 continual
1522 1620 243 75 multiplication
1781 1620 40 75 of
1832 1620 26 75 it
1875 1620 42 75 by
1930 1620 100 75 itfelf,
2046 1620 34 75 as
2096 1620 63 75 fol-

1133 1666 80 75 lows
1226 1666 9 75 :

1237 1725 21 75 a
1270 1725 38 75 +
1319 1725 18 75 3
1347 1725 36 75 =
1406 1725 102 75 Root.

1199 1769 62 75 Xa
1274 1769 37 75 +
1323 1769 18 75 3

1223 1862 19 75 a
1242 1844 21 49 1
1273 1862 38 75 +
1319 1862 20 75 a
1353 1862 19 75 3

1270 1908 37 75 +
1318 1908 50 75 a3
1381 1908 38 75 +
1430 1908 38 75 i*

1221 2003 20 75 «
1241 1985 21 49 1
1273 2003 38 75 +
1324 2003 83 75 2«3
1420 2003 38 75 +
1468 2003 18 75 3
1486 1985 21 49 x
1507 2003 51 75 cr
1572 2003 56 75 the
1643 2003 113 75 fquare
1772 2003 37 75 or
1827 2003 44 75 2d
1886 2003 123 75 power*

1185 2048 67 75 X*
1278 2048 72 75 +3

1218 2135 21 75 a
1239 2117 19 49 3
1273 2135 39 75 +
1325 2135 19 75 2
1357 2135 21 75 a
1378 2117 22 49 x
1414 2135 19 75 3
1445 2135 37 75 +
1493 2135 21 75 a
1527 2135 18 75 3
1545 2117 21 49 l

1273 2182 37 75 +
1321 2182 20 75 a
1341 2164 21 49 1
1377 2182 18 75 3
1407 2182 38 75 +
1458 2182 18 75 2
1490 2182 22 75 a
1524 2182 18 75 3
1542 2164 20 49 1
1578 2182 38 75 +
1627 2182 18 75 3
1645 2164 17 49 3

1216 2274 19 75 a
1235 2256 18 49 3
1269 2274 38 75 +
1321 2274 17 75 3
1349 2274 20 75 a
1369 2256 21 49 s
1405 2274 18 75 3
1435 2274 39 75 +
1487 2274 17 75 3
1518 2274 22 75 a
1552 2274 18 75 3
1570 2256 20 49 X
1605 2274 38 75 +
1654 2274 18 75 3
1672 2256 17 49 3
1701 2274 38 75 =
1748 2274 79 75 cube
1838 2274 38 75 or
1890 2274 43 75 3d
1944 2274 120 75 power,
2083 2274 66 75 <bc.

1170 2365 37 75 If
1225 2365 55 75 the
1303 2365 124 75 powers
1450 2365 41 75 of
1509 2365 21 75 a
1544 2365 50 75 —
1610 2365 18 75 3
1652 2365 53 75 are
1731 2365 162 75 required,
1917 2365 78 75 they
2018 2365 66 75 will
2108 2365 41 75 be

1122 2412 101 75 found
1239 2412 56 75 the
1311 2412 82 75 fame
1411 2412 33 75 as
1461 2412 55 75 the
1532 2412 183 75 preceding,
1732 2412 76 75 only
1820 2412 55 75 the
1888 2412 95 75 terms
1996 2412 31 75 in
2041 2412 106 75 which

1121 2459 56 75 the
1193 2459 161 75 exponent
1370 2459 40 75 of
1428 2459 18 75 3
1462 2459 28 75 is
1507 2459 39 75 an
1571 2459 66 75 odd
1659 2459 145 75 number,
1829 2459 67 75 will
1916 2459 41 75 be
1973 2459 102 75 found
2090 2459 57 75 ne-

1121 2504 103 75 gative
1235 2504 11 75 ;
1273 2504 25 75 “
1322 2504 132 75 becaufe
1479 2504 39 75 an
1539 2504 66 75 odd
1626 2504 133 75 number
1774 2504 42 75 of
1834 2504 260 75 multiplications
2110 2504 45 75 of

1122 2550 23 75 “
1171 2550 19 75 a
1205 2550 144 75 negative
1366 2550 153 75 produces
1536 2550 18 75 a
1578 2550 183 75 negative.”
1808 2550 110 75 Thus,
1942 2550 55 75 the
2014 2550 80 75 cube
2110 2550 44 75 of

1119 2589 21 75 a
1154 2589 48 75 —
1217 2589 18 75 3
1252 2589 65 75 will
1334 2589 40 75 be
1391 2589 98 75 found
1505 2589 35 75 to
1551 2589 39 75 be
1604 2589 20 75 a
1624 2571 17 49 3
1654 2589 49 75 —
1715 2589 18 75 3
1751 2589 37 75 a*
1808 2589 97 75 3+3
1925 2589 22 75 a
1963 2589 18 75 3
1981 2571 20 49 Z
2020 2589 48 75 —
2082 2589 18 75 3
2100 2571 17 49 3
2117 2589 24 75 :

1119 2641 124 75 Where
1260 2641 55 75 the
1332 2641 45 75 2d
1393 2641 62 75 and
1471 2641 59 75 4th
1547 2641 98 75 terms
1663 2641 51 75 are
1731 2641 159 75 negative,
1907 2641 56 75 the
1979 2641 165 75 exponent

1119 2688 39 75 of
1178 2688 17 75 3
1213 2688 92 75 being
1321 2688 39 75 an
1375 2688 66 75 odd
1464 2688 133 75 number
1618 2688 33 75 in
1675 2688 87 75 thefe
1786 2688 111 75 terms.
1946 2688 38 75 In
2001 2688 141 75 general,

1120 2732 22 75 “
1168 2732 76 75 The
1268 2732 97 75 terms
1389 2732 40 75 of
1448 2732 63 75 any
1533 2732 108 75 power
1665 2732 39 75 of
1721 2732 21 75 a
1759 2732 48 75 —
1822 2732 18 75 3
1857 2732 53 75 are
1926 2732 129 75 pofitive
2080 2732 63 75 and

1120 2778 23 75 “
1168 2778 145 75 negative
1328 2778 44 75 by
1387 2778 127 75 turns.”

1164 2824 32 75 It
1211 2824 28 75 is
1254 2824 36 75 to
1305 2824 39 75 be
1359 2824 166 75 obferyed.
1548 2824 91 75 That
1665 2824 25 75 “
1714 2824 32 75 in
1770 2824 55 75 the
1841 2824 38 75 fir
1881 2824 24 75 ft
1921 2824 82 75 term
2020 2824 41 75 of
2079 2824 62 75 any

1116 2870 107 75 power
1239 2870 39 75 of
1299 2870 21 75 a
1406 2870 31 75 3,
1462 2870 55 75 the
1545 2870 147 75 quantity
1714 2870 21 75 a
1751 2870 66 75 has'
1836 2870 55 75 the
1918 2870 160 75 exponent
2106 2870 41 75 of

1117 2917 54 75 the
1195 2917 107 75 power
1326 2917 169 75 required;
1521 2917 72 75 that
1622 2917 33 75 in
1680 2917 55 75 the
1759 2917 166 75 following
1948 2917 110 75 terms,
2084 2917 56 75 the

1117 2965 175 75 exponents
1308 2965 41 75 of
1367 2965 21 75 a
1410 2965 149 75 decreafe
1582 2965 167 75 gradually
1772 2965 44 75 by
1839 2965 56 75 the
1918 2965 84 75 fame
2026 2965 114 75 differ-

1631 3008 30 75 Y

2065 3008 78 75 ence
