2397 3387
538 217 35 75 B
633 217 17 75 I
711 217 35 75 L

1111 217 18 75 (
1188 217 86 75 554
1330 217 18 75 )

1696 217 216 75 BIN

254 292 85 75 Tills
363 292 59 75 bill
445 292 27 75 is
498 292 180 75 fometimes
706 292 169 75 exhibited
892 292 34 75 to
946 292 128 75 juftices
1092 292 34 75 at
1141 292 55 75 the

209 338 127 75 general
354 338 119 75 affixes,
499 338 42 75 by
558 338 71 75 way
646 338 40 75 of
706 338 198 75 indi&ment,
929 338 38 75 or
995 338 143 75 referred
1163 338 35 75 to

208 384 111 75 others
334 384 117 75 having
465 384 197 75 jurifdiftion
675 384 9 75 ;
711 384 57 75 but
797 384 89 75 more
914 384 168 75 efpecially
1098 384 25 75 is
1141 384 56 75 ad-

206 433 123 75 dreffed
342 433 35 75 to
384 433 55 75 the
452 433 285 75 lord-chancellor,
747 433 52 75 for
810 433 251 75 inconfcionable
1071 433 127 75 wrongs

207 479 97 75 done.
361 479 32 75 It
416 479 144 75 contains
586 479 55 75 the
665 479 93 75 thing
779 479 36 75 or
838 479 64 75 fadt
926 479 199 75 complained
1150 479 48 75 of,

206 526 57 75 the
279 526 133 75 damage
429 526 166 75 fuftained,
622 526 63 75 and
702 526 18 75 a
736 526 134 75 petition
889 526 35 75 or
938 526 125 75 procefs
1081 526 116 75 againft

206 573 56 75 the
286 573 174 75 defendant
479 573 51 75 for
554 573 123 75 redrefs
692 573 9 75 ;
728 573 63 75 and
816 573 27 75 is
867 573 77 75 ufed
966 573 79 75 both
1074 573 32 75 in
1134 573 62 75 cri-

205 620 98 75 minal
319 620 61 75 and
398 620 73 75 ci^il
489 620 97 75 cafes.
636 620 38 75 In
691 620 18 75 a
726 620 143 75 criminal
887 620 81 75 cafe,
992 620 57 75 the
1067 620 107 75 words

160 668 124 75 Billa
310 668 79 75 vera
406 668 53 75 are
477 668 148 75 indorfed
638 668 44 75 by
702 668 55 75 the
774 668 101 75 grand
895 668 76 75 jury
989 668 121 75 upon-a
1125 668 71 75 pre-

205 714 168 75 fentment,
398 714 132 75 thereby
550 714 180 75 fignifying,
757 714 70 75 that
851 714 77 75 they
951 714 65 75 find
1041 714 55 75 the
1113 714 84 75 fame

207 761 92 75 made
322 761 79 75 with
431 761 153 75 probable
612 761 162 75 evidence,
801 761 62 75 £nd
890 761 43 75 on
960 761 71 75 that
1058 761 135 75 account

206 808 128 75 worthy
351 808 39 75 of
402 808 121 75 farther
540 808 242 75 confideration.

158 854 97 75 Bill
273 854 36 75 in
320 854 217 75 parliament,
563 854 18 75 a
597 854 98 75 paper
711 854 185 75 containing
910 854 211 75 propofitions
1146 854 50 75 of-

205 902 91 75 fered
312 902 35 75 to
364 902 55 75 the
442 902 114 75 houfes
579 902 35 75 to
633 902 40 75 be
698 902 106 75 parted
828 902 43 75 by
897 902 102 75 them,
1024 902 64 75 and
1118 902 77 75 then

207 949 165 75 prefented
395 949 36 75 to
448 949 55 75 the
520 949 77 75 king
618 949 34 75 to
670 949 68 75 pafs
756 949 68 75 into
843 949 19 75 a
877 949 75 75 law.

158 996 97 75 Bill
274 996 43 75 of
323 996 181 75 attainder.
560 996 62 75 See
640 996 255 75 Attainder.

157 1043 98 75 Bill
274 1043 43 75 of
326 1043 126 75 appeal.
503 1043 63 75 See
583 1043 168 75 Appeal.

156 1090 98 75 Bill
273 1090 42 75 of
323 1090 177 75 mortality.
551 1090 62 75 See
631 1090 265 75 Mortality.

157 1138 235 75 BILLARD,
417 1138 19 75 a
458 1138 92 75 name
566 1138 108 75 given,
707 1138 32 75 in
757 1138 84 75 fome
858 1138 88 75 parts
969 1138 41 75 of
1029 1138 55 75 the
1102 1138 93 75 king-

206 1183 89 75 dom,
311 1183 36 75 to
358 1183 56 75 the
426 1183 108 75 young
546 1183 53 75 fiffi
613 1183 40 75 of
663 1183 54 75 the
730 1183 207 75 gadus-kind.
965 1183 61 75 See
1038 1183 158 75 Gadus.

158 1232 294 75 BILLERECA,
478 1232 18 75 a
513 1232 227 75 market-town
765 1232 39 75 of
823 1232 110 75 Eflex,
958 1232 97 75 about
1073 1232 124 75 twenty

204 1278 90 75 miles
319 1278 63 75 call
406 1278 40 75 of
466 1278 153 75 London,
644 1278 32 75 in
702 1278 45 75 E.
765 1278 89 75 long.
881 1278 69 75 20',
976 1278 62 75 and
1061 1278 48 75 N.
1134 1278 59 75 lat.

155 1373 197 75 BILLET,
376 1373 33 75 in
435 1373 164 75 heraldry,
626 1373 19 75 a
669 1373 131 75 bearing
832 1373 32 75 in
897 1373 84 75 form
1014 1373 41 75 of
1075 1373 17 75 a
1116 1373 78 75 long

201 1419 126 75 fquare^
384 1419 99 75 They
508 1419 53 75 are
588 1419 152 75 fuppofed
773 1419 34 75 to
841 1419 159 75 reprefent
1028 1419 105 75 pieces
1157 1419 41 75 of

201 1465 88 75 cloth
306 1465 41 75 of
357 1465 77 75 gold
451 1465 37 75 or
504 1465 112 75 filver;
635 1465 208 75 butGuillim
860 1465 110 75 thinks
987 1465 78 75 they
1082 1465 107 75 repre-

202 1512 68 75 fent
288 1512 18 75 a
321 1512 98 75 letter
435 1512 106 75 fealed
558 1512 41 75 up
615 1512 11 75 ;
652 1512 63 75 and
737 1512 96 75 other
857 1512 133 75 authors
1014 1512 75 75 take
1106 1512 90 75 them

206 1559 53 75 for
278 1559 121 75 bricks.

251 1607 119 75 Billete
389 1607 133 75 fignifies
540 1607 71 75 that
623 1607 55 75 the
690 1607 190 75 efcutcheon
897 1607 27 75 is
937 1607 41 75 all
992 1607 201 75 over-ftrew-

203 1652 41 75 ed
277 1652 77 75 with
379 1652 121 75 billets,
542 1652 55 75 the
627 1652 135 75 number
793 1652 57 75 not
875 1652 207 75 afcertained.
1132 1652 63 75 See

203 1699 92 75 Plate
312 1699 60 75 LI.
401 1699 55 75 fig.
480 1699 38 75 15;

155 1747 272 75 Billet-wW,
453 1747 89 75 fmall
566 1747 96 75 wood
680 1747 52 75 for
749 1747 79 75 fuel,
852 1747 55 75 cut
932 1747 92 75 three
1044 1747 69 75 foot
1131 1747 63 75 and

202 1793 74 75 four
292 1793 109 75 inches
418 1793 88 75 long,
532 1793 62 75 and
611 1793 92 75 feven
720 1793 110 75 inches
848 1793 61 75 and
927 1793 18 75 a
961 1793 74 75 half
1053 1793 32 75 in
1104 1793 87 75 com-

202 1840 90 75 pafs;
308 1840 55 75 the
376 1840 89 75 affixe
478 1840 40 75 of
524 1840 107 75 which
643 1840 27 75 is
687 1840 36 75 to
735 1840 39 75 be
787 1840 149 75 inquired
946 1840 41 75 of
998 1840 43 75 by
1049 1840 142 75 jurtices.

156 1889 290 75 BILLETING,
470 1889 32 75 in
526 1889 143 75 military
694 1889 120 75 affairs,
840 1889 26 75 is
884 1889 55 75 the
957 1889 186 75 quartering
1159 1889 40 75 of

201 1933 133 75 foldiers
352 1933 31 75 in
405 1933 55 75 the
476 1933 115 75 houfes
610 1933 40 75 of
662 1933 18 75 a
700 1933 88 75 town
804 1933 37 75 or
858 1933 128 75 village.
1036 1933 90 75 And,
1157 1933 33 75 a-

200 1980 97 75 mong
317 1980 222 75 fox-hunters,
563 1980 26 75 it
604 1980 134 75 fignifies
758 1980 55 75 the
831 1980 117 75 ordure
965 1980 61 75 and
1050 1980 88 75 dung
1154 1980 43 75 of

204 2026 16 75 a
237 2026 71 75 fox.

154 2075 281 75 BILLIARDS,
460 2075 38 75 an
522 2075 164 75 ingenious
711 2075 78 75 kind
814 2075 40 75 of
876 2075 104 75 game,
1006 2075 115 75 played
1149 2075 42 75 on

202 2120 17 75 a
246 2120 200 75 redtangular
470 2120 98 75 table,
604 2120 137 75 covered
769 2120 79 75 with
876 2120 96 75 green
999 2120 102 75 cloth,
1127 2120 63 75 and

199 2167 113 75 placed
332 2167 127 75 exa<5Ily
474 2167 95 75 level,
593 2167 78 75 with
689 2167 84 75 little
789 2167 92 75 ivory
897 2167 95 75 balls,
1018 2167 106 75 which
1138 2167 54 75 are

202 2214 110 75 driven
338 2214 42 75 by
396 2214 140 75 crooked
561 2214 106 75 flicks,
694 2214 92 75 made
809 2214 40 75 on
875 2214 146 75 purpofe,
1046 2214 70 75 into
1133 2214 57 75 ha-

202 2262 94 75 zards
313 2262 38 75 or
367 2262 105 75 holes,
497 2262 41 75 on
567 2262 56 75 the
639 2262 81 75 edge
737 2262 61 75 and
808 2262 137 75 .corners
962 2262 40 75 of
1013 2262 55 75 the
1091 2262 98 75 table,

202 2307 171 75 according
389 2307 34 75 to
441 2307 120 75 certain
577 2307 85 75 rules
679 2307 41 75 of
731 2307 54 75 the
802 2307 91 75 game

154 2355 333 75 BILLINGHAM,
504 2355 19 75 a
534 2355 228 75 market-town
775 2355 39 75 of
825 2355 312 75 Northumberland,
1156 2355 34 75 a-

202 2402 78 75 bout
303 2402 200 75 twenty-five
530 2402 90 75 miles
649 2402 187 75 north-weft
863 2402 40 75 of
926 2402 193 75 Newcaftle,
1156 2402 34 75 in

203 2448 163 75 W.long.
389 2448 40 75 i°
449 2448 67 75 40*,
543 2448 63 75 and
621 2448 48 75 N.
686 2448 55 75 lat.
766 2448 39 75 55
805 2430 26 49 0
847 2448 67 75 sc/.

154 2496 254 75 BILLITON,
433 2496 38 75 an
496 2496 97 75 iftand
617 2496 31 75 in
673 2496 57 75 the
756 2496 43 75 E.
819 2496 114 75 Indian
961 2496 112 75 ocean,
1098 2496 91 75 lying

203 2542 185 75 fouth-weft
404 2542 40 75 of
455 2542 138 75 Bornea,
618 2542 32 75 in
672 2542 34 75 x°
729 2542 51 75 xa'
799 2542 35 75 S.
852 2542 58 75 lat.

156 2590 199 75 BILLON,
380 2590 32 75 in
429 2590 55 75 the
501 2590 120 75 hiftory
632 2590 41 75 of
683 2590 101 75 coins,
809 2590 19 75 a
842 2590 207 75 compofition
1067 2590 41 75 of
1118 2590 71 75 pre-

204 2636 88 75 cious
310 2636 61 75 and
394 2636 72 75 bafe
483 2636 127 75 metals,
633 2636 108 75 where
757 2636 56 75 the
836 2636 96 75 latter
956 2636 236 75 predominate.

204 2683 198 75 Wherefore
414 2683 76 75 gold
507 2683 101 75 under
625 2683 114 75 twelve
756 2683 104 75 carats
876 2683 77 75 fine,
975 2683 28 75 is
1015 2683 101 75 called
1130 2683 58 75 bil-

204 2729 54 75 lon
276 2729 41 75 of
328 2729 76 75 gold
419 2729 10 75 ;
456 2729 60 75 and
535 2729 89 75 filver
636 2729 101 75 under
749 2729 47 75 fix
812 2729 251 75 penny-weight,
1091 2729 101 75 billon

205 2776 41 75 of
263 2776 101 75 filver.
416 2776 46 75 So
474 2776 83 75 little
570 2776 156 75 attention
744 2776 64 75 was
825 2776 73 75 paid
911 2776 154 75 formerly
1077 2776 35 75 to
1135 2776 56 75 the

204 2822 110 75 purity
330 2822 41 75 of
389 2822 75 75 gold
483 2822 61 75 and
560 2822 102 75 filver,
688 2822 71 75 that
775 2822 55 75 the
842 2822 81 75 term
941 2822 101 75 billon
1060 2822 40 75 of
1114 2822 77 75 gold

204 2870 64 75 was
287 2870 124 75 applied
428 2870 76 75 only
521 2870 35 75 to
571 2870 71 75 that
658 2870 108 75 which
786 2870 65 75 was
874 2870 102 75 under
993 2870 199 75 twenty-one

206 2917 124 75 carats;
357 2917 63 75 and
436 2917 99 75 billon
553 2917 40 75 of
612 2917 91 75 filver
718 2917 36 75 to
778 2917 70 75 that
872 2917 105 75 which
1002 2917 66 75 was
1090 2917 103 75 lower

207 2962 78 75 than
302 2962 52 75 ten
372 2962 253 75 penny-weight.

158 3009 164 75 Billon,
348 3009 31 75 in
397 3009 196 75 geography,
619 3009 18 75 a
654 3009 86 75 town
752 3009 41 75 of
803 3009 54 75 the
871 3009 119 75 Lower
1001 3009 187 75 Auvergne,

204 3056 31 75 in
260 3056 52 75 the
331 3056 145 75 Lvonois
499 3056 32 75 in
549 3056 135 75 France,
709 3056 98 75 about
830 3056 53 75 ten
907 3056 90 75 miles
1015 3056 173 75 fouth-eaft

204 3104 39 75 ®f
262 3104 190 75 Clermont;
478 3104 150 75 E.long.
647 3104 18 75 3
665 3086 25 49 0
710 3104 80 75 ay,,
802 3104 66 75 and
884 3104 48 75 N.
954 3104 59 75 lat.
1032 3104 63 75 45?
1114 3104 82 75 40'..

1247 291 230 75 BILSDON,
1504 291 18 75 a
1538 291 230 75 market-town
1785 291 40 75 of
1844 291 257 75 Leicefterfhire,
2127 291 97 75 about
2237 291 48 75 fe“

1295 336 58 75 ven
1371 336 91 75 miles
1480 336 173 75 fouth-eaft
1670 336 40 75 of
1729 336 184 75 Leicefter;
1940 336 60 75 W.
2018 336 89 75 long,
2127 336 43 75 yo
2170 318 12 49 7
2182 336 12 75 ,
2220 336 63 75 and

1296 384 46 75 N.
1362 384 57 75 lat.
1436 384 41 75 52
1477 366 20 49 0
1516 384 68 75 40'.

1247 432 189 75 BILSEN,
1462 432 18 75 a
1503 432 87 75 town
1608 432 40 75 of
1667 432 180 75 Germany,
1873 432 97 75 about
1987 432 47 75 fix
2050 432 90 75 miles
2156 432 75 75 weft
2248 432 41 75 of

1295 477 210 75 Maeftricht;
1532 477 146 75 E.long.
1702 477 18 75 y
1720 459 21 49 0
1763 477 67 75 30',
1856 477 63 75 and
1935 477 47 75 N.
2001 477 57 75 lat.
2081 477 79 75 yi°.

1245 525 260 75 BIMEDIAL,
1530 525 34 75 in
1580 525 235 75 mathematics.
1864 525 37 75 If
1921 525 65 75 two
2002 525 116 75 medial
2130 525 92 75 lines,
2248 525 35 75 as

1291 571 63 75 AB
1369 571 60 75 and
1449 571 71 75 BC,
1541 571 268 75 commenfurable
1826 571 77 75 only
1911 571 31 75 in
1961 571 121 75 power,
2099 571 184 75 containing

1292 618 18 75 a
1327 618 134 75 rational
1479 618 169 75 re<5tangle,
1675 618 53 75 are
1752 618 235 75 compounded,
2016 618 55 75 the
2089 618 105 75 whole
2218 618 64 75 line

1292 666 64 75 AC
1381 666 66 75 will
1475 666 37 75 be
1537 666 177 75 irrational,
1740 666 64 75 and
1828 666 26 75 is
1879 666 104 75 called
2007 666 18 75 a
2047 666 64 75 firft
2133 666 149 75 bimedial

1292 712 78 75 line.

1294 852 60 75 See
1374 852 130 75 Euclid,
1530 852 59 75 lib.
1607 852 46 75 X.
1680 852 93 75 prop.
1794 852 57 75 38.

1244 900 175 75 BIMINI,
1445 900 60 75 one
1533 900 39 75 of
1592 900 55 75 the
1676 900 279 75 Lucaya-iflands,
1980 900 33 75 in
2038 900 49 75 N.
2114 900 168 75 America,

1291 946 34 75 to
1343 946 54 75 the
1414 946 92 75 fouth
1520 946 40 75 of
1579 946 55 75 the
1652 946 287 75 Bahama-iflands.

1243 994 170 75 BIMLIP
1418 994 66 75 AT
1488 994 78 75 AN,
1578 994 17 75 a
1604 994 178 75 port-town
1792 994 41 75 of
1836 994 174 75 Golconda
2018 994 32 75 in
2060 994 104 75 India,
2173 994 109 75 where

1291 1039 55 75 the
1363 1039 113 75 Dutch
1495 1039 81 75 have
1593 1039 18 75 a
1632 1039 135 75 farftory.
1816 1039 33 75 It
1872 1039 27 75 is
1916 1039 132 75 fituated
2066 1039 40 75 on
2132 1039 55 75 the
2204 1039 78 75 weft

1290 1088 63 75 fide
1377 1088 41 75 of
1438 1088 55 75 the
1517 1088 64 75 bay
1604 1088 39 75 of
1664 1088 137 75 Bengal,
1827 1088 32 75 in
1876 1088 67 75 83°
1958 1088 43 75 E.
2018 1088 92 75 long,
2136 1088 63 75 and
2220 1088 38 75 18
2258 1070 20 49 0

1290 1134 46 75 N.
1355 1134 58 75 lat.

1241 1181 185 75 BINARY
1442 1181 220 75 arithmetick,
1688 1181 71 75 that
1776 1181 142 75 wherein
1944 1181 102 75 unity,
2073 1181 38 75 or
2138 1181 13 75 1
2176 1181 61 75 and
2255 1181 23 75 o

1290 1227 54 75 are
1356 1227 78 75 only
1450 1227 88 75 ufed.

1334 1274 84 75 This
1436 1274 63 75 was
1517 1274 56 75 the
1590 1274 162 75 invention
1770 1274 41 75 of
1829 1274 54 75 M.
1899 1274 167 75 Leibnitz,
2092 1274 75 75 who
2178 1274 63 75 /hm

1287 1320 25 75 it
1332 1320 35 75 to
1384 1320 39 75 be
1441 1320 77 75 very
1542 1320 201 75 expeditious
1761 1320 30 75 in
1805 1320 203 75 difcovering
2030 1320 53 75 the
2100 1320 92 75 prop'
2192 1320 11 75 ,

1287 1366 39 75 of
1356 1366 162 75 numbers,
1556 1366 62 75 and
1651 1366 33 75 in
1718 1366 211 75 conftru<5ting
1962 1366 124 75 tables:
2124 1366 53 75 anc

1284 1414 223 75 Dangecourt,
1531 1414 34 75 in
1589 1414 55 75 the
1669 1414 121 75 hiftory
1813 1414 40 75 of
1872 1414 56 75 the
1949 1414 91 75 royal
2065 1414 116 75 acade;.

1286 1462 150 75 fciences,
1461 1462 88 75 gives
1566 1462 18 75 a
1600 1462 156 75 fpecimen
1773 1462 40 75 of
1832 1462 26 75 it
1880 1462 194 75 concerning
2099 1462 92 75 arithi
2219 1462 22 75 i'

1286 1508 48 75 cal
1359 1508 258 75 progreffionals;
1643 1508 109 75 where
1776 1508 40 75 he
1844 1508 110 75 fhews,
1979 1508 73 75 that
2074 1508 144 75 becaufe,
2244 1508 30 75 ir

1285 1554 112 75 binary
1409 1554 217 75 arithmetick,
1643 1554 78 75 only
1729 1554 67 75 two
1809 1554 176 75 charafters
1996 1554 52 75 are
2063 1554 89 75 ufed,
2171 1554 107 75 there-

1286 1602 71 75 fore
1374 1602 55 75 the
1445 1602 79 75 laws
1541 1602 41 75 of
1600 1602 190 75 progreffion
1811 1602 74 75 may
1900 1602 41 75 be
1958 1602 88 75 more
2061 1602 95 75 eafily
2173 1602 102 75 difco-

1286 1649 98 75 vered
1397 1649 40 75 by
1451 1649 26 75 it
1490 1649 76 75 than
1583 1649 44 75 by
1643 1649 147 75 common
1808 1649 192 75 arithmetic.

1338 1696 53 75 All
1415 1696 55 75 the
1489 1696 179 75 chara&ers
1683 1696 76 75 ufed
1776 1696 31 75 in
1826 1696 111 75 binary
1954 1696 203 75 aiithmetick
2175 1696 53 75 are
2251 1696 24 75 o

1287 1742 62 75 and
1372 1742 29 75 1,
1427 1742 62 75 and
1511 1742 55 75 the
1587 1742 108 75 cipher
1713 1742 172 75 multiplies
1903 1742 97 75 every
2016 1742 92 75 thing
2118 1742 45 75 by
2181 1742 33 75 2,
2240 1742 34 75 as

1288 1790 32 75 in
1336 1790 57 75 the
1405 1790 147 75 common
1566 1790 181 75 arithmetic
1759 1790 45 75 by
1820 1790 55 75 10.
1910 1790 97 75 Thus
2031 1790 12 75 1
2064 1790 26 75 is
2108 1790 60 75 one
2180 1790 10 75 ;
2221 1790 55 75 10,

1285 1837 87 75 two;
1410 1837 53 75 11,
1489 1837 113 75 three;
1639 1837 78 75 100,
1748 1837 96 75 four;
1876 1837 78 75 161,
1980 1837 84 75 five;
2096 1837 78 75 no,
2203 1837 71 75 fix;

1289 1885 77 75 in,
1391 1885 101 75 feven'
1492 1885 11 75 ,
1537 1885 101 75 1000,
1663 1885 111 75 eight;
1806 1885 101 75 1001,
1934 1885 93 75 nine;
2065 1885 102 75 1010,
2194 1885 78 75 ten;

1284 1930 105 75 which
1407 1930 26 75 is
1450 1930 82 75 built
1548 1930 42 75 on
1611 1930 55 75 the
1685 1930 82 75 fame
1785 1930 169 75 principles
1971 1930 78 75 with
2068 1930 148 75 common
2239 1930 35 75 a-

1285 1977 196 75 rithmetick.

1330 2023 77 75 The
1435 2023 129 75 author,
1596 2023 162 75 however,
1790 2023 78 75 does
1892 2023 56 75 not
1976 2023 203 75 recommend
2207 2023 67 75 this

1283 2070 134 75 method
1434 2070 51 75 for
1500 2070 147 75 common
1659 2070 66 75 ufe,
1749 2070 132 75 becaufe
1898 2070 40 75 of
1957 2070 55 75 the
2030 2070 89 75 great
2139 2070 136 75 number

1285 2118 39 75 of
1344 2118 116 75 figures
1477 2118 151 75 required
1652 2118 35 75 to
1712 2118 129 75 exprefs
1867 2118 18 75 a
1909 2118 156 75 number;
2093 2118 61 75 and
2179 2118 93 75 adds,

1285 2164 69 75 that
1377 2164 32 75 if
1427 2164 55 75 the
1507 2164 147 75 common
1671 2164 190 75 prdgreffion
1884 2164 85 75 were
1994 2164 84 75 from
2103 2164 40 75 12
2162 2164 34 75 to
2221 2164 55 75 12,

1285 2211 36 75 or
1338 2211 85 75 from
1446 2211 39 75 16
1503 2211 35 75 to
1561 2211 53 75 16,
1642 2211 25 75 it
1684 2211 108 75 would
1809 2211 39 75 be
1865 2211 59 75 ftill
1942 2211 89 75 more
2055 2211 217 75 expeditious.

1237 2258 154 75 Binary
1409 2258 156 75 meafure,
1588 2258 33 75 in
1634 2258 108 75 mufic,
1761 2258 27 75 is
1805 2258 19 75 a
1839 2258 142 75 meafure
1997 2258 105 75 which
2114 2258 27 75 is
2159 2258 113 75 beaten

1283 2305 142 75 equally,
1450 2305 36 75 or
1499 2305 108 75 where
1622 2305 54 75 the
1690 2305 77 75 time
1784 2305 40 75 of
1843 2305 92 75 riling
1948 2305 25 75 is
1991 2305 95 75 equal
2099 2305 35 75 to
2150 2305 70 75 that
2237 2305 43 75 of

1283 2351 125 75 falling.
1457 2351 84 75 This
1567 2351 26 75 is
1620 2351 123 75 ufually
1766 2351 105 75 called
1894 2351 146 75 common
2068 2351 90 75 time.
2209 2351 64 75 See

1285 2400 150 75 Music.

1238 2446 154 75 Binary
1411 2446 146 75 number,
1583 2446 71 75 that
1672 2446 168 75 compofed
1857 2446 40 75 of
1916 2446 68 75 two
1999 2446 97 75 units.

1236 2492 301 75 BINDBROKE,
1562 2492 16 75 a
1604 2492 228 75 market-town
1855 2492 39 75 of
1913 2492 233 75 Lincolnfhire,
2172 2492 99 75 about

1284 2539 198 75 twenty-five
1498 2539 91 75 miles
1607 2539 176 75 north-eaft
1807 2539 40 75 of
1866 2539 160 75 Lincoln;
2054 2539 44 75 E.
2114 2539 88 75 long.
2224 2539 45 75 6',

1284 2585 60 75 and
1362 2585 47 75 N.
1427 2585 57 75 lat.
1507 2585 64 75 y3°
1589 2585 54 75 32'
1643 2585 11 75 .

1236 2632 164 75 BINCH,
1426 2632 17 75 a
1460 2632 83 75 little
1568 2632 143 75 fortified
1735 2632 86 75 town
1848 2632 39 75 of
1906 2632 168 75 Haioault,
2100 2632 53 75 ten
2178 2632 92 75 miles

1284 2678 62 75 eaft
1361 2678 42 75 of
1420 2678 123 75 Mons;
1571 2678 44 75 E.
1629 2678 89 75 long.
1738 2678 21 75 4
1759 2660 22 49 0
1801 2678 68 75 20',
1895 2678 62 75 and
1974 2678 48 75 N.
2040 2678 58 75 lat.
2119 2678 61 75 yo°
2201 2678 43 75 0,0
2259 2678 7 75 .

1236 2725 136 75 BIND,
1398 2725 17 75 a
1427 2725 244 75 country-word
1686 2725 53 75 for
1755 2725 108 75 aftalk
1880 2725 40 75 of
1937 2725 95 75 hops.

1237 2772 100 75 Bind
1368 2772 42 75 of
1423 2772 76 75 eels,
1537 2772 18 75 a
1583 2772 160 75 quantity,
1779 2772 164 75 confifting
1973 2772 39 75 of
2040 2772 82 75 2yo,
2158 2772 37 75 or
2227 2772 42 75 10

1285 2819 123 75 ftrikes,
1435 2819 77 75 each
1529 2819 183 75 containing
1730 2819 41 75 2y
1791 2819 78 75 eels.

1235 2866 225 75 BINDING,
1485 2866 32 75 in
1536 2866 18 75 a
1570 2866 128 75 general
1715 2866 98 75 fenfe,
1838 2866 56 75 the
1910 2866 153 75 faftening
2087 2866 41 75 of
2146 2866 66 75 two
2230 2866 39 75 or

1282 2913 88 75 more
1387 2913 149 75 together
1553 2913 42 75 by
1612 2913 19 75 a
1642 2913 160 75 vinculum
1818 2913 37 75 or
1867 2913 99 75 bond.

1236 2959 289 75 HocLBinding.
1576 2959 62 75 See
1655 2959 317 75 Book-binding.

1234 3006 188 75 Binding,
1448 3006 116 75 among
1580 3006 135 75 fencers,
1740 3006 135 75 denotes
1893 3006 62 75 the
1974 3006 143 75 fecuring
2133 3006 55 75 the
2209 3006 55 75 ad-

1281 3052 153 75 verfary’s
1458 3052 117 75 fword,
1601 3052 105 75 which
1731 3052 27 75 is
1782 3052 134 75 effected
1941 3052 44 75 by
2008 3052 17 75 a
2041 3052 138 75 preffure
2203 3052 70 75 an^

1280 3100 108 75 fpring
1403 3100 86 75 from
1504 3100 56 75 the
1572 3100 97 75 wrift.

2074 3143 188 75 Binding
