2428 3377
125 139 81 75 ipo

675 139 42 75 A
809 139 64 75 .N
988 139 41 75 A
1142 139 39 75 T

162 203 118 75 future.
329 203 42 75 F,
394 203 77 75 The
495 203 138 75 furrows
649 203 92 75 made
756 203 46 75 by
819 203 56 75 the
894 203 111 75 veflels
1034 203 40 75 of
1093 203 56 75 the

165 247 81 75 dura
261 247 115 75 mater.
425 247 49 75 G,
499 247 78 75 The
604 247 121 75 frontal
748 247 96 75 finus.
893 247 48 75 H,
964 247 78 75 The
1059 247 92 75 crifta

164 296 90 75 galli.
309 296 30 75 I,
364 296 78 75 The
469 296 85 75 nafal
578 296 128 75 lamella
720 296 5 75 .
733 296 40 75 of
793 296 56 75 the
877 296 145 75 ethmoid
1054 296 95 75 bone.

163 343 47 75 K,
221 343 78 75 The
311 343 157 75 temporal
481 343 126 75 procefs
619 343 40 75 of
665 343 56 75 the
733 343 153 75 fphenoid
898 343 95 75 bone.
1019 343 45 75 L,
1073 343 79 75 The

163 389 79 75 fella
261 389 135 75 turcica.
445 389 55 75 M,
524 389 77 75 The
618 389 154 75 fphenoid
791 389 95 75 Gnus.
936 389 48 75 N,
1000 389 78 75 The
1093 389 58 75 vo-

163 435 82 75 mer.
294 435 47 75 O,
365 435 78 75 The
459 435 206 75 palate-plate
689 435 40 75 of
748 435 56 75 the
828 435 142 75 fuperior
987 435 172 75 maxillary

164 483 83 75 bone
259 483 10 75 ;
296 483 64 75 and
374 483 86 75 from
476 483 27 75 it
519 483 56 75 the
591 483 159 75 proceffus
764 483 179 75 alveolaris,
961 483 106 75 which
1081 483 76 75 con-

163 528 84 75 tains
276 528 56 75 the
357 528 103 75 teeth.
510 528 40 75 P,
575 528 77 75 The
676 528 36 75 os
728 528 76 75 nafi.
853 528 150 75 Q^The
1030 528 125 75 paffage

164 572 69 75 into
250 572 55 75 the
322 572 61 75 left
398 572 123 75 noftril.
575 572 30 75 i.
655 572 77 75 The
761 572 122 75 meatus
913 572 179 75 auditorius
1106 572 49 75 in-

163 621 123 75 ternus,
304 621 52 75 for
372 621 56 75 the
445 621 123 75 paffage
585 621 40 75 of
637 621 55 75 the
709 621 152 75 auditory
878 621 110 75 nerve.
1027 621 35 75 2.
1078 621 79 75 The

163 668 123 75 paflage
302 668 41 75 of
353 668 56 75 the
425 668 92 75 ninth
540 668 70 75 pair
626 668 40 75 of
677 668 126 75 nerves.
856 668 34 75 3.
914 668 79 75 The
1013 668 145 75 foramen

163 715 176 75 incifivum.

118 822 88 75 Fig.
244 822 55 75 17.
355 822 79 75 The
462 822 144 75 external
637 822 122 75 furface
787 822 40 75 of
852 822 57 75 the
936 822 73 75 bafe
1038 822 40 75 of
1104 822 57 75 the

372 866 187 75 Cranium
579 866 62 75 and
657 866 131 75 Upper
807 866 96 75 Jaw.

119 945 34 75 A
171 945 44 75 A,
243 945 78 75 The
341 945 167 75 lambdoid
524 945 119 75 future.
691 945 44 75 B,
760 945 76 75 The
852 945 142 75 fuperior
1010 945 152 75 horizon-

171 989 45 75 tal
234 989 89 75 ridge
343 989 41 75 of
395 989 56 75 the
469 989 149 75 occipital
646 989 95 75 bone,
768 989 105 75 which
900 989 27 75 is
956 989 139 75 oppofite
1127 989 36 75 to

171 1037 56 75 the
250 1037 174 75 cruciform
449 1037 104 75 ridge,
578 1037 109 75 where
708 1037 56 75 the
787 1037 142 75 fuperior
949 1037 215 75 longitudinal

420 1188 747 75 EXPLANATION

122 1305 89 75 Fig.
240 1305 32 75 1.
322 1305 33 75 A
372 1305 158 75 pofterior
545 1305 82 75 view
643 1305 40 75 of
703 1305 56 75 the
778 1305 189 75 Sternum
987 1305 62 75 and
1066 1305 97 75 Cla-

172 1351 157 75 vicles,
355 1351 79 75 with
451 1351 55 75 the
526 1351 155 75 ligament
699 1351 259 75 conne&ing-the
975 1351 145 75 clavicles
1130 1351 35 75 to

170 1398 83 75 each,
264 1398 111 75 other.

123 1461 31 75 a,
178 1461 78 75 The
272 1461 155 75 pofterior
442 1461 123 75 furface
582 1461 41 75 of
634 1461 57 75 the
708 1461 151 75 fternura.
907 1461 23 75 b
949 1461 33 75 b,
999 1461 78 75 The
1091 1461 76 75 bro-

169 1507 63 75 ken
248 1507 79 75 ends
343 1507 40 75 of
394 1507 56 75 the
462 1507 148 75 cavicles.
660 1507 18 75 c
694 1507 18 75 c
728 1507 18 75 c
763 1507 31 75 c.
818 1507 78 75 The
909 1507 160 75 tubercles
1087 1507 76 75 near

170 1555 56 75 the
254 1555 177 75 extremity
457 1555 41 75 of
529 1555 80 75 each
637 1555 145 75 clavicle,
839 1555 35 75 d.
908 1555 78 75 The
1010 1555 153 75 ligament

171 1601 187 75 connefting
375 1601 55 75 the
448 1601 160 75 clavicles.

125 1694 89 75 Fig.
241 1694 35 75 2.
325 1694 31 75 A
375 1694 70 75 fore
464 1694 82 75 view
563 1694 40 75 of
622 1694 57 75 the
693 1694 111 75 Left
824 1694 193 75 Scapula,
1044 1694 63 75 and
1126 1694 41 75 of

213 1740 17 75 a
246 1740 73 75 half
331 1740 39 75 of
382 1740 55 75 the
455 1740 216 75 Clavicle,
699 1740 77 75 with
795 1740 85 75 their
898 1740 184 75 ligaments.

125 1799 31 75 a.
181 1799 76 75 The
273 1799 87 75 fpine
377 1799 40 75 of
428 1799 56 75 the
500 1799 139 75 fcapula.
674 1799 34 75 b,
734 1799 77 75 The
829 1799 175 75 acromion,
1039 1799 29 75 c,
1086 1799 77 75 The

173 1846 133 75 inferior
322 1846 105 75 angle,
467 1846 35 75 d,
520 1846 140 75 Inferior
676 1846 98 75 cofta.
811 1846 31 75 e,
860 1846 137 75 Cervix,
1033 1846 26 75 f.
1078 1846 84 75 Gle-

173 1893 77 75 noid
267 1893 118 75 cavjty,
410 1893 137 75 covered
569 1893 80 75 with
666 1893 153 75 cartilage
835 1893 52 75 for
903 1893 55 75 the
980 1893 180 75 arm-bone,

174 1940 21 75 g
212 1940 33 75 g,
269 1940 36 75 T'
305 1940 42 75 he
359 1940 142 75 capfular
517 1940 152 75 ligament
685 1940 40 75 of
732 1940 54 75 the
798 1940 98 75 joint,
944 1940 37 75 h,
999 1940 163 75 Coracoid

174 1986 138 75 procefs.
361 1986 24 75 i,
409 1986 78 75 The
504 1986 122 75 broken
642 1986 63 75 end
729 1986 40 75 of
788 1986 55 75 the
860 1986 143 75 clavicle,
1051 1986 35 75 k,
1112 1986 49 75 Its

175 2032 176 75 extremity
368 2032 107 75 joined
496 2032 35 75 to
548 2032 55 75 the
623 2032 176 75 acromion.
847 2032 25 75 1,
898 2032 32 75 A
944 2032 150 75 ligament
1107 2032 53 75 co-

175 2078 89 75 ming
276 2078 57 75 out
350 2078 97 75 Angle
459 2078 85 75 from
556 2078 56 75 the
629 2078 161 75 acromion
804 2078 34 75 to
854 2078 56 75 the
927 2078 149 75 coracoid
1092 2078 74 75 pro-

177 2126 77 75 cefs.
304 2126 46 75 m,
377 2126 29 75 A
424 2126 151 75 ligament
594 2126 127 75 coming
748 2126 57 75 out
827 2126 95 75 fingle
946 2126 86 75 from
1058 2126 54 75 the
1131 2126 33 75 a-

177 2172 156 75 cromion,
351 2172 63 75 and
430 2172 144 75 dividing
586 2172 70 75 into
667 2172 80 75 two,
766 2172 105 75 which
883 2172 54 75 are
949 2172 89 75 fixed
1056 2172 36 75 to
1110 2172 57 75 the

178 2219 150 75 coracoid
343 2219 139 75 procefs.

131 2313 88 75 Fig.
248 2313 33 75 3.
328 2313 78 75 The
424 2313 86 75 joint
535 2313 40 75 of
593 2313 56 75 the
673 2313 104 75 elbow
793 2313 41 75 of
853 2313 55 75 the
927 2313 109 75 Left
1057 2313 107 75 Arm,

465 2360 78 75 with
569 2360 55 75 the
644 2360 182 75 ligaments.

141 2424 29 75 a.
195 2424 77 75 The
290 2424 36 75 os
342 2424 137 75 humeri,
528 2424 34 75 b.
587 2424 48 75 Its
653 2424 135 75 internal
805 2424 150 75 condyle,
1004 2424 19 75 c
1040 2424 30 75 c.
1093 2424 77 75 The

183 2471 65 75 two
265 2471 178 75 prominent
459 2471 90 75 parts
563 2471 40 75 of
614 2471 41 75 its
673 2471 167 75 trochlea,,
847 2471 172 75 appearing
1030 2471 141 75 through

183 2519 54 75 the
256 2519 140 75 capfular
411 2519 164 75 ligament,
624 2519 36 75 d,
676 2519 77 75 The
771 2519 86 75 ulna,
906 2519 30 75 e.
961 2519 77 75 The
1051 2519 120 75 radius,

182 2564 25 75 f,
232 2564 77 75 The
326 2564 72 75 part
414 2564 40 75 ox
473 2564 57 75 the
546 2564 154 75 ligament
716 2564 164 75 including
890 2564 57 75 the
963 2564 85 75 head
1064 2564 40 75 of
1116 2564 55 75 the

184 2611 122 75 radius.

141 2704 88 75 Fig.
256 2704 34 75 4.
338 2704 78 75 The
432 2704 125 75 Bones
583 2704 40 75 of
644 2704 56 75 the
715 2704 276 75 Right-hand,
1023 2704 80 75 with
1121 2704 55 75 the

513 2750 107 75 Palm
650 2750 33 75 in
713 2750 91 75 view.

142 2809 29 75 a.
195 2809 78 75 The
290 2809 120 75 radius,
457 2809 37 75 b.
516 2809 77 75 The
615 2809 86 75 ulna,
750 2809 31 75 c.
804 2809 78 75 The
910 2809 150 75 fcaphoid
1086 2809 83 75 bone

187 2855 38 75 pf
238 2855 54 75 the
309 2855 126 75 carpus,
483 2855 33 75 c,
542 2855 127 75 The'os
687 2855 122 75 lanare.
859 2855 31 75 e.
914 2855 77 75 The
1008 2855 160 75 oacunei-

186 2902 116 75 forme.
341 2902 26 75 f.
383 2902 77 75 The
473 2902 34 75 os
522 2902 171 75 pififorme.
730 2902 33 75 g,
780 2902 214 75 Trapezium,
1033 2902 135 75 h,Tra-

186 2949 165 75 pezoides.
410 2949 23 75 i,
456 2949 200 75 Capitatum.
727 2949 34 75 k,
786 2949 204 75 Uncifofme.
1043 2949 25 75 1,
1092 2949 77 75 The

184 2993 73 75 four
280 2993 190 75 metacarpal
495 2993 98 75 bones
619 2993 39 75 of
679 2993 57 75 the
763 2993 129 75 fiegers.
942 2993 46 75 m.
1010 2993 77 75 The
1104 2993 65 75 fall

1300 129 39 75 O
1454 129 50 75 M
1619 129 51 75 Y.

2074 129 100 75 Part
2200 129 32 75 I.

1246 192 80 75 finus
1343 192 124 75 divides
1485 192 35 75 to
1537 192 85 75 form
1638 192 56 75 the
1710 192 114 75 lateral
1842 192 125 75 finufes.
2010 192 43 75 C,
2070 192 77 75 The
2163 192 72 75 per-

1245 239 185 75 pendicular
1457 239 103 75 ridge.
1610 239 49 75 D,
1684 239 78 75 The
1779 239 134 75 inferior
1928 239 184 75 horizontal
2131 239 102 75 ridge.

1247 287 43 75 E,
1315 287 77 75 The
1409 287 145 75 foramen
1571 287 163 75 magnum,
1760 287 52 75 for
1829 287 56 75 the
1906 287 123 75 paffage
2046 287 40 75 of
2097 287 56 75 the
2171 287 67 75 me-

1246 333 89 75 dulla
1359 333 142 75 fpinalis.
1557 333 27 75 F
1602 333 40 75 F,
1667 333 76 75 The
1769 333 66 75 two
1863 333 165 75 condyles.
2087 333 48 75 G,
2161 333 77 75 The

1248 380 176 75 cuneiform
1456 380 138 75 procefs.
1659 380 35 75 H
1711 380 48 75 H,
1784 380 77 75 The
1894 380 183 75 zygomatic
2113 380 125 75 procefs

1253 426 40 75 of
1312 426 55 75 the
1390 426 161 75 temporal
1572 426 87 75 bone.
1709 426 16 75 I
1749 426 30 75 I,
1803 426 78 75 The
1909 426 132 75 maltoid
2068 426 168 75 proceffes.

1253 474 47 75 K,
1324 474 76 75 The
1416 474 124 75 vomer,
1557 474 107 75 which
1681 474 102 75 forms
1800 474 55 75 the
1868 474 169 75 back-part
2053 474 41 75 of
2100 474 55 75 the
2171 474 69 75 fep-

1252 520 68 75 tum
1337 520 75 75 nali.
1462 520 31 75 L
1511 520 45 75 L,
1581 520 77 75 The
1675 520 116 75 ftyloid
1808 520 167 75 proceffes.
2024 520 41 75 M
2082 520 54 75 M,
2162 520 77 75 The

1252 566 84 75 foiffx
1353 566 33 75 at
1409 566 56 75 the
1482 566 73 75 root
1573 566 39 75 of
1624 566 57 75 the
1697 566 132 75 maftoid
1845 566 167 75 proceffes,
2037 566 52 75 for
2109 566 56 75 the
2181 566 59 75 po-

1253 613 110 75 fterior
1378 613 88 75 belly
1493 613 41 75 of
1556 613 56 75 the
1627 613 149 75 digaftric
1792 613 129 75 muicle.
1970 613 35 75 N
2022 613 48 75 N,
2094 613 77 75 The
2188 613 54 75 ca-

1255 660 94 75 vities
1376 660 52 75 for
1455 660 159 75 receiving
1641 660 56 75 the
1724 660 154 75 condyles
1905 660 41 75 of
1967 660 57 75 the
2046 660 99 75 lower
2157 660 80 75 jaw.

1255 708 32 75 O
1304 708 47 75 O,
1374 708 78 75 The
1476 708 64 75 offa
1556 708 108 75 palati.
1730 708 39 75 P,
1794 708 77 75 The
1888 708 209 75 longitudinal
2121 708 121 75 palate-

1255 754 119 75 future.
1497 754 78 75 The
1602 754 174 75 tranfverfe
1800 754 240 75 palate-future.
2096 754 45 75 R,
2165 754 79 75 The

1258 801 127 75 alveoli,
1403 801 37 75 or
1455 801 123 75 Ipongy
1589 801 124 75 fockets
1725 801 52 75 for
1789 801 55 75 the
1856 801 102 75 teeth.
1999 801 37 75 S,
2052 801 77 75 The
2142 801 100 75 zygo-

1258 846 96 75 matic
1373 846 125 75 procefs
1523 846 42 75 of
1583 846 55 75 the
1663 846 65 75 offa
1750 846 100 75 malar
1853 846 65 75 urn.
1966 846 37 75 T
2018 846 47 75 T,
2090 846 77 75 The
2185 846 57 75 zy-

1258 894 140 75 gomatic
1432 894 120 75 future.
1630 894 31 75 1.
1698 894 131 75 Meatus
1865 894 177 75 auditorius
2077 894 166 75 externus.

1260 943 33 75 2.
1319 943 86 75 Hole
1427 943 53 75 for
1504 943 55 75 the
1575 943 137 75 internal
1729 943 125 75 carotid
1869 943 120 75 artery.
2044 943 34 75 3.
2107 943 64 75 For
2188 943 56 75 the

1259 986 108 75 artery
1382 986 40 75 of
1433 986 56 75 the
1505 986 81 75 dura
1593 986 123 75 .mater.
1766 986 33 75 4.
1817 986 158 75 Foramen
1993 986 102 75 ovale,
2120 986 52 75 for
2188 986 56 75 the

1258 1034 89 75 third
1369 1034 121 75 branch
1517 1034 40 75 of
1575 1034 57 75 the
1653 1034 74 75 fifth
1750 1034 83 75 pair,
1857 1034 37 75 to
1914 1034 55 75 the
1988 1034 100 75 upper
2101 1034 80 75 jaw.

1247 1193 84 75 of
1408 1193 39 75 P
1475 1193 120 75 LA
1621 1193 49 75 T
1695 1193 44 75 E
1800 1193 143 75 XIV.

1260 1303 153 75 phalanx,
1470 1303 35 75 n.
1528 1303 78 75 The
1635 1303 115 75 fecond
1777 1303 155 75 phalanx.
1995 1303 34 75 o,
2053 1303 77 75 The
2158 1303 88 75 third

1260 1349 155 75 phalanx,
1464 1349 34 75 p,
1522 1349 78 75 The
1627 1349 193 75 metacarpal
1847 1349 82 75 bone
1961 1349 41 75 of
2028 1349 56 75 the
2115 1349 127 75 thumb,

1262 1396 34 75 q,
1320 1396 79 75 The
1415 1396 64 75 firft
1492 1396 98 75 joint,
1638 1396 29 75 r,
1691 1396 78 75 The
1783 1396 117 75 fecond
1911 1396 99 75 joint.

1216 1490 87 75 Fig.
1319 1490 34 75 5.
1390 1490 77 75 The
1484 1490 155 75 pofterior
1654 1490 82 75 view
1752 1490 43 75 of
1805 1490 56 75 the
1873 1490 127 75 Bones
2015 1490 40 75 of
2065 1490 57 75 the
2136 1490 108 75 Left

1662 1536 128 75 Hand.

1209 1597 76 75 The
1313 1597 196 75 explication
1531 1597 41 75 of
1589 1597 74 75 Fig.
1682 1597 35 75 4.
1743 1597 104 75 ferves
1872 1597 52 75 for
1951 1597 65 75 this
2040 1597 124 75 figure;
2190 1597 56 75 the

1255 1644 84 75 fame
1355 1644 112 75 letters
1485 1644 143 75 pointing
1647 1644 55 75 the
1718 1644 84 75 fame
1819 1644 111 75 bones,
1955 1644 125 75 though
2097 1644 33 75 in
2146 1644 19 75 a
2180 1644 64 75 dif-

1255 1691 106 75 ferent
1384 1691 96 75 view.

1211 1784 88 75 Fig.
1326 1784 35 75 6.
1409 1784 78 75 The
1503 1784 101 75 upper
1619 1784 175 75 extremity
1811 1784 41 75 of
1859 1784 55 75 the
1929 1784 138 75 Tibia,
2092 1784 78 75 with
2189 1784 55 75 the

1258 1830 168 75 femilunar
1442 1830 168 75 cartilages
1623 1830 40 75 of
1674 1830 56 75 the
1743 1830 86 75 joint
1846 1830 40 75 of
1897 1830 56 75 the
1968 1830 94 75 knee,
2085 1830 65 75 and
2160 1830 86 75 fome

1257 1877 182 75 ligaments.

1211 1946 30 75 a.
1264 1946 77 75 The
1358 1946 106 75 ftrong
1480 1946 151 75 ligament
1648 1946 105 75 which
1771 1946 147 75 connects
1934 1946 56 75 the
2007 1946 107 75 rotula
2130 1946 35 75 to
2189 1946 55 75 the

1256 1993 141 75 tubercle
1409 1993 40 75 of
1460 1993 55 75 the
1532 1993 91 75 tibia,
1674 1993 21 75 b
1712 1993 33 75 b,
1771 1993 76 75 The
1864 1993 88 75 parts
1968 1993 40 75 of
2018 1993 57 75 the
2092 1993 154 75 extremi-

1262 2039 37 75 ty
1314 2039 41 75 of
1365 2039 57 75 the
1437 2039 90 75 tibia,
1553 2039 135 75 covered
1713 2039 79 75 with
1820 2039 165 75 cartilage,
2010 2039 105 75 which
2133 2039 116 75 appear

1271 2086 111 75 within
1406 2086 56 75 the
1476 2086 170 75 femilunar
1662 2086 180 75 cartilages,
1899 2086 18 75 c
1933 2086 31 75 c,
1987 2086 78 75 The
2080 2086 170 75 femilunar

1262 2132 180 75 cartilages,
1491 2132 36 75 d,
1552 2132 76 75 The
1653 2132 66 75 two
1743 2132 87 75 parts
1856 2132 41 75 of
1914 2132 88 75 what
2026 2132 28 75 is
2073 2132 105 75 called
2191 2132 58 75 the

1262 2180 86 75 crofs
1363 2180 166 75 ligament.

1216 2275 87 75 Fig.
1340 2275 32 75 7.
1432 2275 76 75 The
1543 2275 154 75 pofterior
1727 2275 82 75 view
1844 2275 40 75 of
1911 2275 57 75 the
1998 2275 85 75 joint
2121 2275 41 75 of
2189 2275 57 75 the

1578 2319 140 75 Right
1755 2319 123 75 Knee.

1219 2377 30 75 a.
1273 2377 77 75 The
1366 2377 36 75 os
1420 2377 130 75 femoris
1568 2377 66 75 cut.
1684 2377 33 75 b,
1743 2377 47 75 Its
1804 2377 138 75 internal
1961 2377 148 75 condyle,
2151 2377 31 75 c.
2199 2377 49 75 Its

1266 2422 145 75 external
1439 2422 151 75 condyle.
1653 2422 34 75 d,
1712 2422 78 75 The
1813 2422 169 75 back-part
2006 2422 40 75 of
2076 2422 54 75 the
2157 2422 91 75 tibia,

1266 2469 29 75 e,
1320 2469 78 75 The
1412 2469 142 75 fuperior
1570 2469 135 75 extremi
1725 2469 20 75 y
1757 2469 41 75 of
1808 2469 55 75 the
1880 2469 111 75 fibula,
2030 2469 27 75 f,
2073 2469 78 75 The
2167 2469 82 75 edge

1268 2516 39 75 of
1318 2516 55 75 the
1389 2516 136 75 internal
1542 2516 167 75 femilunar
1726 2516 165 75 cartilage,
1941 2516 33 75 g,
1998 2516 55 75 An
2067 2516 130 75 oblique
2209 2516 40 75 li-

1267 2561 139 75 gament.
1454 2561 36 75 h,
1514 2561 34 75 A
1566 2561 105 75 larger
1687 2561 242 75 perpendicular
1955 2561 164 75 ligament,
2166 2561 25 75 i,
2215 2561 36 75 A

1265 2608 152 75 ligament
1432 2608 186 75 conne&ing
1634 2608 55 75 the
1705 2608 105 75 femur
1826 2608 63 75 and
1904 2608 109 75 fibula.

1223 2703 87 75 Fig.
1345 2703 34 75 8.
1443 2703 77 75 The
1555 2703 140 75 anterior
1733 2703 83 75 view
1853 2703 41 75 of
1919 2703 56 75 the
2006 2703 88 75 joint
2130 2703 41 75 of
2194 2703 56 75 the

1591 2748 136 75 Right
1758 2748 124 75 Knee.

1216 2815 33 75 b,
1280 2815 77 75 The
1389 2815 137 75 internal
1560 2815 148 75 condyle.
1776 2815 30 75 c,
1839 2815 49 75 Its
1920 2815 145 75 external
2098 2815 149 75 condyle:

1265 2860 35 75 d,
1325 2860 77 75 The
1426 2860 70 75 part
1515 2860 40 75 of
1566 2860 55 75 the
1638 2860 36 75 os
1690 2860 143 75 femoris,
1863 2860 41 75 on
1922 2860 106 75 which
2052 2860 56 75 the
2134 2860 118 75 patella

1264 2907 120 75 moves,
1433 2907 30 75 e,
1489 2907 34 75 A
1542 2907 242 75 perpendicular
1798 2907 165 75 ligament,
2013 2907 19 75 f
2043 2907 26 75 f.
2094 2907 77 75 The
2185 2907 66 75 two

1261 2953 89 75 parts
1374 2953 41 75 of
1438 2953 54 75 the
1520 2953 117 75 crucial
1666 2953 180 75 ligaments,
1897 2953 20 75 g
1933 2953 33 75 g,
1989 2953 78 75 The
2095 2953 96 75 edges
2217 2953 40 75 of

1265 3000 54 75 the
1332 3000 65 75 two
1413 3000 164 75 moveable
1593 3000 168 75 femilunar
1778 3000 181 75 cartilages.
2007 3000 36 75 h>
2066 3000 78 75 The
2160 3000 103 75 tibia..

2119 3045 22 75 i.
2170 3045 76 75 The
