2477 3395
529 187 35 75 B
622 187 36 75 R
719 187 39 75 O

1089 187 19 75 f
1169 187 82 75 680
1308 187 19 75 ^

1650 187 34 75 B
1745 187 36 75 R
1842 187 39 75 O

228 261 75 75 The
320 261 118 75 Brtftol
458 261 115 75 waters
598 261 53 75 are
675 261 95 75 taken
797 261 204 75 medicinally
1018 261 77 75 only
1111 261 60 75 du-

185 307 68 75 ring
269 307 56 75 the
342 307 58 75 hot
417 307 143 75 months*
584 307 32 75 as
635 307 85 75 from
738 307 96 75 April
851 307 35 75 to
904 307 204 75 September.

138 349 371 75 Bristoi,in
525 349 131 75 botany,
684 349 18 75 a
724 349 92 75 name
833 349 180 75 fometimes
1031 349 93 75 given
1140 349 36 75 to

185 399 54 75 the
256 399 128 75 Hchnis.
434 399 62 75 See
516 399 184 75 Lichnms.

138 448 219 75 BRITAIN,
383 448 38 75 or
432 448 342 75 Great-britain,
791 448 56 75 the
865 448 80 75 moft
962 448 216 75 confiderable

185 494 40 75 of
236 494 43 75 ail
297 494 54 75 the
368 494 171 75 European
556 494 126 75 iflands,
708 494 58 75 lies
779 494 144 75 between
944 494 64 75 50°
1028 494 63 75 and
1109 494 67 75 6o°

187 543 45 75 N.
259 543 58 75 lat.
343 543 62 75 and
422 543 143 75 between
584 543 19 75 2
603 525 19 49 0
640 543 44 75 E.
703 543 89 75 long,
818 543 63 75 and
898 543 43 75 6°
959 543 62 75 W.
1039 543 89 75 long.

232 587 78 75 The
326 587 126 75 general
470 587 131 75 divifion
626 587 40 75 of
681 587 140 75 Britain,
846 587 27 75 is
901 587 69 75 into
989 587 105 75 South
1117 587 63 75 and

186 635 111 75 North
310 635 137 75 Britain,
473 635 37 75 or
523 635 149 75 England
690 635 63 75 and
770 635 168 75 Scotland.

143 684 90 75 New
258 684 190 75 Brita/IN,
486 684 19 75 a
532 684 88 75 large
648 684 137 75 country
815 684 41 75 of
881 684 111 75 North
1016 684 164 75 America,

188 729 103 75 called
318 729 65 75 alfo
405 729 109 75 Terra
541 729 183 75 Labrador,
757 729 58 75 has
840 729 163 75 Hudfon’s
1032 729 63 75 bay
1119 729 63 75 and

188 775 87 75 llrait
291 775 41 75 on
349 775 55 75 the
423 775 96 75 north
537 775 63 75 and
618 775 98 75 weft;
736 775 134 75 Canada
887 775 63 75 and
966 775 56 75 the
1046 775 84 75 river
1146 775 41 75 of

191 822 40 75 St
245 822 190 75 Lawrence,
460 822 43 75 on
519 822 56 75 the
591 822 116 75 fouth;
735 822 62 75 and
824 822 55 75 the
907 822 149 75 Atlantic
1083 822 99 75 ocean

189 869 42 75 on
248 869 56 75 the
321 869 75 75 eaft.

236 916 32 75 It
284 916 26 75 is
327 916 120 75 fubjedt
464 916 35 75 to
516 916 264 75 Great-Britain,
805 916 59 75 but
887 916 103 75 yields
1008 916 76 75 only
1099 916 82 75 Ikins

190 963 63 75 and
270 963 81 75 furs.

143 1009 272 75 BRITANNIC
421 1009 42 75 A,
489 1009 33 75 in
550 1009 133 75 botany,
710 1009 56 75 the
783 1009 107 75 trivial
909 1009 92 75 name
1025 1009 40 75 of
1078 1009 18 75 a
1113 1009 68 75 fpe-

191 1055 63 75 cies
272 1055 39 75 of
325 1055 143 75 Rumex.
519 1055 234 75 SccRumex.

144 1104 185 75 BRITAN
336 1104 39 75 Y,
402 1104 18 75 a
443 1104 151 75 province
619 1104 40 75 of
683 1104 135 75 France,
845 1104 198 75 furrounded
1067 1104 43 75 by
1126 1104 57 75 the

190 1150 133 75 Englifh
340 1150 134 75 channel
492 1150 62 75 and
570 1150 56 75 the
643 1150 62 75 bay
722 1150 45 75 of
782 1150 126 75 Bifcay,
934 1150 40 75 on
1001 1150 55 75 the
1073 1150 110 75 north,

191 1198 87 75 weft,
304 1198 63 75 and
390 1198 94 75 fouth
499 1198 10 75 ;
536 1198 63 75 and
611 1198 150 75 bounded
777 1198 41 75 on
835 1198 56 75 the
904 1198 63 75 eaft
983 1198 43 75 by
1038 1198 55 75 the
1109 1198 74 75 pro-

191 1244 89 75 vince
297 1244 41 75 of
349 1244 185 75 Orleanois.

143 1291 162 75 BRITE,
332 1291 37 75 or
397 1291 173 75 Bright,
596 1291 32 75 in
653 1291 193 75 hufbandry.
896 1291 137 75 Wheat,
1058 1291 124 75 barley,

190 1337 37 75 or
243 1337 64 75 any
326 1337 96 75 other
438 1337 102 75 grain,
567 1337 25 75 is
610 1337 66 75 faid
697 1337 35 75 to
749 1337 94 75 brite,
869 1337 94 75 when
980 1337 26 75 it
1022 1337 107 75 grows
1146 1337 36 75 o-

191 1384 56 75 ver
265 1384 81 75 ripe,
373 1384 60 75 and
454 1384 147 75 {hatters.

150 1430 354 75 BRITTLENESS,
530 1430 71 75 that
628 1430 125 75 quality
781 1430 41 75 of
834 1430 122 75 bodies,
982 1430 42 75 on
1049 1430 136 75 account

199 1478 40 75 of
249 1478 107 75 which
373 1478 77 75 they
467 1478 53 75 are
541 1478 224 75 denominated
786 1478 124 75 brittle,
938 1478 37 75 or
992 1478 105 75 which
1113 1478 73 75 fub-

197 1524 80 75 jedts
295 1524 89 75 them
399 1524 35 75 to
450 1524 40 75 be
511 1524 96 75 eafily
623 1524 135 75 broken.

238 1570 119 75 Brittle
376 1570 112 75 bodies
506 1570 52 75 are
574 1570 141 75 likewife
743 1570 78 75 very
849 1570 81 75 hard
959 1570 62 75 and
1037 1570 146 75 durable,

195 1618 129 75 barring
351 1618 186 75 accidents;
575 1618 64 75 and
667 1618 25 75 it
719 1618 27 75 is
775 1618 211 75 remarkable,
1022 1618 72 75 that
1121 1618 61 75 tin,

198 1664 123 75 though
340 1664 101 75 tough
459 1664 31 75 in
515 1664 96 75 itfelf,
636 1664 109 75 makes
762 1664 43 75 all
822 1664 94 75 other
932 1664 113 75 metals
1063 1664 123 75 brittle,

194 1711 92 75 when
304 1711 111 75 mixed
432 1711 80 75 with
529 1711 102 75 them.

148 1758 148 75 BRIVE
315 1758 48 75 la
381 1758 252 75 Gaillarde,
658 1758 18 75 a
693 1758 87 75 town
798 1758 40 75 of
849 1758 123 75 France
995 1758 32 75 in
1051 1758 55 75 the
1124 1758 58 75 Li-

193 1804 132 75 moufin,
350 1804 85 75 upon
452 1804 56 75 the
525 1804 162 75 Coureze.

148 1852 198 75 BRIXEN,
380 1852 18 75 a
423 1852 67 75 city
513 1852 40 75 of
571 1852 109 75 Tyrol
705 1852 32 75 in
768 1852 182 75 Germany,
987 1852 98 75 about
1112 1852 74 75 fifty

195 1898 90 75 miles
302 1898 175 75 north-eaft
499 1898 41 75 of
557 1898 127 75 Trent:
710 1898 45 75 E.
773 1898 89 75 long.
885 1898 36 75 11
921 1880 22 49 0
961 1898 69 75 45',
1055 1898 49 75 N.
1124 1898 61 75 lat.

199 1946 67 75 46°
287 1946 68 75 45'.

151 1992 159 75 BRIZA,
336 1992 19 75 a
371 1992 100 75 genus
487 1992 40 75 of
539 1992 55 75 the
611 1992 154 75 triandria
780 1992 131 75 digynia
927 1992 91 75 clafs.
1072 1992 114 75 There

197 2039 53 75 are
265 2039 61 75 five
343 2039 118 75 fpecies
477 2039 41 75 of
530 2039 111 75 Briza,
666 2039 67 75 two
757 2039 40 75 of
817 2039 105 75 which
940 2039 53 75 are
1009 2039 124 75 natives
1151 2039 41 75 of

197 2085 138 75 Britain,
359 2085 71 75 viz.
456 2085 55 75 the
528 2085 105 75 media
649 2085 37 75 or
703 2085 122 75 middle
842 2085 142 75 quaking
1000 2085 98 75 grafs,
1124 2085 63 75 and

199 2132 56 75 the
272 2132 105 75 minor
389 2132 37 75 or
441 2132 91 75 fmall
550 2132 257 75 quaking-grafs.
855 2132 100 75 They
970 2132 91 75 grow
1076 2132 32 75 in
1131 2132 55 75 pa-

202 2178 251 75 fture-grounds.

153 2226 157 75 BRIZE,
335 2226 33 75 in
379 2226 194 75 hulbandry,
590 2226 132 75 denotes
735 2226 126 75 ground
877 2226 70 75 that
963 2226 58 75 has
1037 2226 65 75 lain
1114 2226 76 75 long

202 2272 146 75 untilled.

153 2319 406 75 Briz{belters
582 2319 77 75 ufed
680 2319 44 75 by
751 2319 170 75 gardeners
944 2319 75 75 who
1034 2319 82 75 have
1132 2319 58 75 not

201 2365 89 75 walls
307 2365 42 75 on
364 2365 56 75 the
437 2365 190 75 north-lide,
652 2365 37 75 to
711 2365 80 75 keep
809 2365 73 75 cold
900 2365 101 75 winds
1019 2365 85 75 from
1131 2365 57 75 da-

202 2412 127 75 maging
345 2412 83 75 their
445 2412 78 75 beds
540 2412 40 75 of
591 2412 136 75 melons.
773 2412 102 75 They
894 2412 53 75 are
966 2412 172 75 inclofures
1156 2412 34 75 a-

203 2458 78 75 bout
297 2458 46 75 fix
358 2458 38 75 or
412 2458 91 75 feven
519 2458 66 75 feet
602 2458 89 75 high,
709 2458 63 75 and
784 2458 39 75 an
835 2458 74 75 inch
921 2458 37 75 or
971 2458 88 75 more
1074 2458 114 75 thick;

204 2506 92 75 made
313 2506 41 75 of
373 2506 104 75 ftraw,
514 2506 172 75 fupported
718 2506 43 75 by
793 2506 101 75 ftakes
923 2506 87 75 fixed
1037 2506 69 75 into
1135 2506 56 75 the

202 2552 137 75 ground,
365 2552 62 75 and
446 2552 95 75 props
567 2552 103 75 acrofs
687 2552 42 75 on
746 2552 79 75 both
848 2552 98 75 infide
963 2552 63 75 and
1042 2552 121 75 outfide
1177 2552 11 75 ;

204 2600 63 75 and
283 2600 141 75 faftened
440 2600 148 75 together
604 2600 78 75 with
699 2600 119 75 willow
834 2600 106 75 twigs,
958 2600 38 75 or
1012 2600 178 75 iron-wire.

158 2646 336 75 BROADALBIN,
520 2646 19 75 a
554 2646 117 75 diftritt
687 2646 38 75 or
740 2646 119 75 county
883 2646 41 75 of
939 2646 195 75 Perthfhire,
1159 2646 32 75 in

205 2693 168 75 Scotland,
399 2693 173 75 bordering
589 2693 82 75 upon
690 2693 225 75 Argyleftiire:
959 2693 32 75 It
1019 2693 88 75 gives
1134 2693 57 75 the

205 2739 71 75 title
307 2739 40 75 of
375 2739 65 75 earl
473 2739 35 75 to
536 2739 19 75 a
583 2739 120 75 branch
738 2739 40 75 of
807 2739 56 75 the
889 2739 95 75 noble
1013 2739 111 75 family
1155 2739 41 75 of

207 2786 182 75 Campbell.

161 2832 263 75 BROAD-/*,
449 2832 32 75 in
509 2832 55 75 the
589 2832 233 75 fea-language,
847 2832 132 75 denotes
997 2832 19 75 a
1033 2832 107 75 volley
1156 2832 40 75 of

206 2879 135 75 cannon,
366 2879 37 75 or
420 2879 18 75 a
453 2879 127 75 general
597 2879 164 75 difcharge
777 2879 41 75 of
829 2879 42 75 all
895 2879 54 75 the
966 2879 81 75 guns
1071 2879 41 75 on
1130 2879 61 75 one

205 2925 62 75 fide
282 2925 41 75 of
341 2925 17 75 a
380 2925 65 75 fhip
466 2925 32 75 at
515 2925 91 75 once.

158 2971 246 75 BROCADE,
431 2971 37 75 or
486 2971 199 75 Brocado,
711 2971 19 75 a
755 2971 78 75 fluff
847 2971 41 75 of
911 2971 88 75 gold,
1025 2971 103 75 filver,
1154 2971 38 75 or

205 3019 70 75 filk,
301 3019 101 75 raifed
426 3019 63 75 and
515 3019 152 75 enriched
694 3019 77 75 with
793 3019 138 75 flowers,
956 3019 147 75 foliages,
1128 3019 64 75 and

1270 259 93 75 other
1379 259 197 75 ornaments,
1603 259 171 75 according
1791 259 35 75 to
1842 259 56 75 the
1916 259 96 75 fancy
2037 259 40 75 of
2096 259 56 75 the
2179 259 83 75 mer-

1270 306 111 75 chants
1399 306 37 75 or
1453 306 269 75 manufacturers.

1322 353 167 75 Formerly
1507 353 55 75 the
1590 353 91 75 word
1709 353 140 75 figrtified
1874 353 76 75 only
1967 353 18 75 a
2003 353 85 75 ftuflf,
2112 353 92 75 wove
2220 353 44 75 all

1274 401 40 75 of
1327 401 94 75 gold,,
1441 401 79 75 both
1546 401 31 75 in
1602 401 56 75 the
1680 401 88 75 warp
1786 401 60 75 and
1869 401 30 75 in
1919 401 53 75 the
1990 401 99 75 woof,
2115 401 38 75 or
2170 401 43 75 all
2229 401 40 75 of

1274 447 103 75 filver,
1402 447 37 75 or
1456 447 40 75 of
1508 447 77 75 both
1605 447 109 75 mixed
1731 447 170 75 together;
1928 447 114 75 thence
2058 447 26 75 it
2104 447 106 75 pafled
2230 447 34 75 to

1274 494 91 75 thofe
1379 494 41 75 of
1430 494 90 75 fluffs
1536 494 32 75 in
1587 494 105 75 which
1720 494 85 75 their
1828 494 64 75 was
1910 494 58 75 filk
1983 494 124 75 mixed,
2133 494 34 75 to
2185 494 79 75 raile

1275 541 62 75 and
1352 541 169 75 terminate
1537 541 55 75 the
1615 541 77 75 gold
1716 541 36 75 or
1776 541 90 75 filver
1883 541 148 75 flowers:
2059 541 68 75 But
2144 541 32 75 at
2192 541 71 75 pre-

1275 588 67 75 fect
1365 588 43 75 all
1424 588 103 75 fluffs,
1551 588 80 75 even
1648 588 89 75 thofe
1755 588 39 75 of
1813 588 57 75 filk
1886 588 103 75 alone,
2016 588 146 75 whether
2186 588 79 75 they

1275 635 40 75 be
1331 635 166 75 grograms
1514 635 40 75 of
1566 635 110 75 Tours
1693 635 38 75 or
1743 635 41 75 of
1793 635 137 75 Naples,
1955 635 126 75 fattins,
2106 635 63 75 and
2185 635 80 75 even

1275 681 138 75 taffeties
1425 681 39 75 or
1480 681 161 75 luftrings,
1659 681 31 75 if
1701 681 78 75 they
1794 681 41 75 be
1852 681 57 75 but
1925 681 143 75 adorned
2085 681 61 75 and
2157 681 106 75 work-

1275 729 39 75 ed
1331 729 79 75 with
1426 729 86 75 fome
1527 729 139 75 flowers,
1685 729 37 75 or
1734 729 95 75 other
1846 729 129 75 figures,
1993 729 53 75 are
2063 729 104 75 called
2188 729 81 75 bro-.

1276 776 107 75 cades.

1228 823 300 75 Brocade/><?//,
1545 823 56 75 the
1618 823 132 75 Englifti
1768 823 91 75 name
1876 823 41 75 of
1927 823 19 75 a
1961 823 117 75 fpecies
2096 823 40 75 of
2149 823 113 75 limax.

1277 869 62 75 See
1366 869 148 75 Limax.

1229 916 278 75 BROCATEL,
1533 916 37 75 or
1590 916 225 75 Brocadel,
1841 916 19 75 a
1886 916 79 75 kind
1992 916 40 75 of
2056 916 107 75 coarfe
2190 916 74 75 bro-

1277 962 89 75 cade;
1394 962 116 75 chiefly
1525 962 78 75 ufed
1618 962 52 75 for
1689 962 150 75 tapeftry.

1228 1013 261 75 BROCCOLI,
1517 1013 18 75 a
1551 1013 76 75 kind
1644 1013 40 75 of
1696 1013 139 75 cabbage
1852 1013 176 75 cultivated
2056 1013 52 75 for
2134 1013 56 75 the
2212 1013 54 75 ufe

1277 1057 40 75 of
1336 1057 55 75 the
1414 1057 109 75 table;
1549 1057 56 75 the
1628 1057 130 75 manner
1781 1057 40 75 of
1841 1057 133 75 drefling
1998 1057 104 75 which
2125 1057 26 75 is
2177 1057 84 75 this:

1278 1103 112 75 When
1412 1103 86 75 their
1525 1103 98 75 heads
1652 1103 54 75 are
1732 1103 112 75 gfown
1872 1103 35 75 to
1932 1103 84 75 their
2042 1103 59 75 full
2127 1103 138 75 bignefs,

1278 1150 78 75 they
1380 1150 54 75 are
1449 1150 35 75 to
1501 1150 40 75 be
1568 1150 54 75 cut
1649 1150 59 75 off,
1734 1150 77 75 with
1830 1150 98 75 about
1945 1150 74 75 four
2034 1150 108 75 inches
2159 1150 40 75 of
2210 1150 55 75 the

1279 1197 113 75 tender
1408 1197 75 75 ftem
1496 1197 10 75 ;
1532 1197 58 75 the
1606 1197 92 75 outer
1717 1197 68 75 lkin
1812 1197 26 75 is
1864 1197 77 75 then
1956 1197 37 75 to
2009 1197 40 75 be
2065 1197 138 75 dripped
2219 1197 53 75 off

1279 1243 55 75 the
1350 1243 89 75 ftem,
1465 1243 86 75 after
1574 1243 107 75 which
1705 1243 79 75 they
1817 1243 53 75 are
1901 1243 36 75 to
1966 1243 39 75 be
2033 1243 137 75 waftied,
2203 1243 64 75 and

1278 1289 107 75 boiled
1401 1289 32 75 in
1451 1289 19 75 a
1485 1289 90 75 clean
1591 1289 107 75 linnen
1714 1289 102 75 cloth,
1835 1289 33 75 as
1884 1289 28 75 is
1929 1289 153 75 praCtifed
2098 1289 53 75 for
2167 1289 99 75 cauli-

1274 1336 139 75 flowers.

1323 1382 99 75 They
1439 1382 53 75 are
1503 1382 148 75 tenderer
1667 1382 76 75 than
1761 1382 62 75 any
1839 1382 205 75 cauliflower,
2069 1382 125 75 though
2211 1382 54 75 ve-

1278 1429 36 75 ry
1331 1429 64 75 like
1413 1429 88 75 them
1516 1429 32 75 in
1566 1429 91 75 tafte.

1231 1476 176 75 BROCK,
1444 1476 116 75 among
1584 1476 187 75 fportfmen,
1797 1476 19 75 a
1839 1476 84 75 term
1946 1476 77 75 ufed
2046 1476 36 75 to
2106 1476 118 75 denote
2247 1476 20 75 a

1278 1522 132 75 badger.

1326 1570 33 75 A
1375 1570 75 75 hart
1466 1570 56 75 too
1542 1570 41 75 of
1605 1570 55 75 the
1688 1570 88 75 third
1803 1570 77 75 year
1895 1570 28 75 is
1939 1570 103 75 called
2059 1570 18 75 a
2093 1570 112 75 brock,
2230 1570 39 75 or

1279 1616 153 75 brocket;
1470 1616 63 75 and
1560 1616 20 75 a
1605 1616 79 75 hind
1709 1616 40 75 of
1765 1616 70 75 the.
1848 1616 85 75 fame
1950 1616 87 75 year,
2063 1616 18 75 a
2104 1616 163 75 brocket’s

1278 1662 95 75 After.

1231 1711 150 75 BROD,
1405 1711 19 75 a
1439 1711 87 75 town
1543 1711 40 75 of
1595 1711 181 75 Sclavonia,
1800 1711 136 75 fituated
1947 1711 41 75 on
2000 1711 56 75 the
2069 1711 84 75 river
2169 1711 97 75 Save,

1279 1755 98 75 about
1388 1755 121 75 fixteen
1525 1755 90 75 miles
1631 1755 93 75 fouth
1742 1755 41 75 of
1795 1755 123 75 Pofega
1931 1755 9 75 :
1959 1755 44 75 E.
2014 1755 88 75 long.
2126 1755 38 75 18
2164 1737 19 49 0
2198 1755 69 75 jo',

1278 1803 48 75 N.
1342 1803 59 75 lat.
1428 1803 42 75 45
1470 1785 26 49 g
1516 1803 68 75 20'.

1233 1850 249 75 BRODERA,
1508 1850 37 75 or
1565 1850 180 75 Brodra,
1771 1850 18 75 a
1805 1850 67 75 city
1889 1850 40 75 of
1940 1850 87 75 Afia,
2052 1850 31 75 in
2102 1850 54 75 the
2169 1850 98 75 coun-

1281 1895 53 75 try
1350 1895 40 75 of
1412 1895 55 75 the
1495 1895 118 75 Mogul
1642 1895 61 75 and
1727 1895 153 75 kingdom
1908 1895 41 75 of
1971 1895 164 75 Gnzurat,
2161 1895 108 75 where

1281 1943 91 75 there
1395 1943 27 75 is
1441 1943 18 75 a
1475 1943 91 75 great
1583 1943 91 75 trade
1691 1943 33 75 in
1744 1943 111 75 cotton
1872 1943 105 75 cloths
1993 1943 9 75 :
2029 1943 43 75 E.
2090 1943 89 75 long.
2200 1943 41 75 73
2241 1925 24 49 0

1285 1990 54 75 30'
1339 1990 11 75 ,
1375 1990 46 75 N.
1436 1990 58 75 lat.
1513 1990 43 75 22
1556 1972 21 49 0
1596 1990 68 75 25'.

1233 2036 245 75 BRODIUM,
1504 2036 19 75 a
1538 2036 267 75 pharmaceutical
1822 2036 94 75 term,
1933 2036 169 75 fignifying
2114 2036 55 75 the
2183 2036 85 75 fame

1281 2081 34 75 as
1329 2081 172 75 jufculum,
1526 2081 37 75 or
1587 2081 56 75 the
1660 2081 106 75 liquor
1789 2081 33 75 in
1845 2081 107 75 which
1968 2081 87 75 fome
2070 2081 81 75 folid
2167 2081 99 75 medi-

1282 2129 69 75 cine
1367 2129 26 75 is
1411 2129 179 75 preferved,
1615 2129 37 75 or
1676 2129 81 75 with
1779 2129 106 75 which
1901 2129 177 75 fomething
2094 2129 62 75 elfe
2174 2129 28 75 is
2218 2129 50 75 di-

1280 2175 102 75 luted.

1235 2223 259 75 BROGLING
1501 2223 64 75 for
1581 2223 75 75 eels,
1681 2223 56 75 the
1764 2223 84 75 fame
1875 2223 79 75 with
1979 2223 170 75 fniggling.
2207 2223 62 75 See

1284 2269 238 75 Sniggling.

1235 2316 234 75 BROGLIO,
1505 2316 19 75 a
1550 2316 88 75 town
1672 2316 41 75 of
1739 2316 172 75 Peidmont
1938 2316 32 75 in
2002 2316 100 75 Italy,
2134 2316 136 75 fituated

1283 2362 75 75 near
1373 2362 57 75 the
1446 2362 150 75 frontiers
1613 2362 41 75 of
1663 2362 177 75 Provence,
1858 2362 100 75 about
1968 2362 121 75 twenty
2106 2362 62 75 five
2179 2362 91 75 miles

1283 2409 188 75 north-weft
1487 2409 41 75 of
1541 2409 105 75 Nice:
1673 2409 43 75 E.
1730 2409 90 75 long.
1840 2409 42 75 6°
1898 2409 68 75 42',
1983 2409 48 75 N.
2045 2409 58 75 lat.
2122 2409 45 75 44
2167 2391 17 49 0
2203 2409 38 75 I2
2241 2391 12 49 /
2253 2409 14 75 .

1332 2455 32 75 It
1380 2455 26 75 is
1424 2455 55 75 the
1502 2455 116 75 capital
1635 2455 41 75 of
1687 2455 18 75 a
1721 2455 119 75 county
1857 2455 39 75 of
1907 2455 56 75 the
1978 2455 82 75 fame
2078 2455 103 75 name.

1237 2502 312 75 BROITSCHIA,
1568 2502 18 75 a
1602 2502 66 75 city
1683 2502 42 75 of
1735 2502 75 75 Afia
1821 2502 32 75 in
1865 2502 163 75 Indoftan,
2046 2502 97 75 about
2155 2502 115 75 twelve

1285 2548 126 75 leagues
1430 2548 83 75 from
1532 2548 109 75 Surat.

1238 2595 200 75 BROKEN
1458 2595 107 75 wind,
1582 2595 7 75 '
1589 2595 116 75 hmong
1721 2595 141 75 farriers,
1887 2595 27 75 is
1932 2595 18 75 a
1966 2595 128 75 malady
2110 2595 71 75 that
2191 2595 78 75 hap-

1286 2642 75 75 pens
1379 2642 35 75 to
1431 2642 18 75 a
1465 2642 92 75 horfe
1572 2642 94 75 when
1682 2642 42 75 he
1751 2642 27 75 is
1802 2642 138 75 fuffered
1956 2642 36 75 to
2009 2642 89 75 Hand
2120 2642 57 75 too
2192 2642 78 75 long

1285 2688 33 75 in
1334 2688 55 75 the
1405 2688 110 75 {table,
1532 2688 139 75 without
1686 2688 140 75 exercife
1838 2688 9 75 :
1874 2688 52 75 By
1937 2688 65 75 this
2019 2688 107 75 means
2138 2688 40 75 he
2194 2688 76 75 con-

1285 2734 96 75 tradls
1397 2734 88 75 grofs
1498 2734 63 75 and
1572 2734 92 75 thick
1676 2734 153 75 humours
1840 2734 31 75 in
1886 2734 74 75 fuch
1973 2734 195 75 abundance,
2186 2734 84 75 that,
2307 2734 9 75 -

1286 2780 152 75 adhering
1454 2780 35 75 to
1505 2780 55 75 the
1575 2780 123 75 hollow
1724 2780 87 75 parts
1840 2780 41 75 of
1901 2780 52 75 his
1970 2780 106 75 lungs,
2102 2780 78 75 they
2202 2780 69 75 flop

1284 2828 50 75 his
1351 2828 185 75 wind-pipe.

1332 2874 85 75 This
1433 2874 167 75 diftemper
1616 2874 28 75 is
1666 2874 116 75 known
1799 2874 43 75 by
1859 2874 54 75 the
1922 2874 122 75 horfe’s
2057 2874 136 75 heaving
2209 2874 62 75 and

1285 2920 144 75 drawing
1446 2920 43 75 up
1506 2920 51 75 his
1582 2920 101 75 flanks
1700 2920 162 75 together,
1888 2920 63 75 and
1966 2920 142 75 blowing
2123 2920 84 75 wide
2222 2920 51 75 his

1287 2967 137 75 noftrils.

1334 3015 57 75 To
1407 3015 74 75 cure
1497 3015 64 75 this
1578 3015 155 75 diforder,
1750 3015 74 75 take
1836 3015 56 75 the
1908 3015 73 75 guts
1994 3015 39 75 of
2045 3015 17 75 a
2073 3015 199 75 hedge-hog,
2212 3050 61 75 dry
