2456 3337
529 184 230 52 ACC

1111 184 19 52 (
1194 184 47 52 16
1298 184 19 52 )

1676 184 229 52 ACE

168 263 611 37 ACCOUNTANT-GENERAL,
806 263 19 37 a
851 263 72 37 flew
950 263 109 37 officer
1085 263 34 37 in
1141 263 57 37 the

217 311 90 37 court
325 311 39 37 of
389 311 169 37 Chancery
584 311 172 37 appointed
772 311 43 37 by
832 311 48 37 aft
896 311 41 37 of
958 311 189 37 parliament
1163 311 35 37 to

216 358 123 37 receive
356 358 42 37 all
415 358 131 37 moneys
563 358 119 37 lodged
698 358 32 37 in
748 358 93 37 court
857 358 121 37 inftead
993 358 40 37 of
1051 358 56 37 the
1131 358 66 37 ma-

215 404 89 37 fters,
330 404 63 37 and
409 404 123 37 convey
547 404 56 37 the
619 404 84 37 fame
719 404 35 37 to
767 404 54 37 the
833 404 85 37 bank
929 404 40 37 of
981 404 151 37 England
1147 404 53 37 for

216 449 153 37 fecurity.

167 494 525 37 ACCOUNTING-HOUSE,
719 494 279 37 counting-houfe,
1022 494 38 37 or
1076 494 123 37 compt-

215 541 181 37 ing-houfe,
422 541 26 37 is
475 541 19 37 a
515 541 110 37 houfe,
654 541 38 37 or
708 541 104 37 office,
841 541 48 37 fet
917 541 90 37 apart
1023 541 44 37 by
1083 541 19 37 a
1117 541 82 37 mer-

218 588 108 37 chant,
352 588 39 37 or
407 588 313 37 trading-company,
746 588 52 37 for
815 588 188 37 tranfadting
1020 588 83 37 their
1119 588 82 37 bufi-

215 635 83 37 nefs,
324 635 34 37 as
375 635 74 37 well
467 635 33 37 as
517 635 137 37 keeping
663 635 87 37 their
766 635 115 37 books,
900 635 162 37 accounts,
1081 635 119 37 vouch-

218 681 62 37 ers,
307 686 64 30 &c.

170 727 427 37 ACCOUTREMENT,
624 727 38 37 an
679 727 56 37 old
751 727 95 37 term,
872 727 126 37 applied
1014 727 35 37 to
1066 727 55 37 the
1133 727 68 37 fur-

217 773 103 37 niture
336 773 41 37 of
389 773 19 37 a
424 773 129 37 foldier,
578 773 127 37 knight,
731 773 38 37 or
785 773 193 37 gentleman.

170 819 299 37 ACCRETION,
494 819 33 37 in
547 819 135 37 phyfics,
708 819 54 37 the
779 819 150 37 increafe,
955 819 38 37 or
1009 819 139 37 growth,
1166 819 41 37 of

222 867 37 37 an
272 867 161 37 organical
448 867 101 37 body,
566 867 44 37 by
622 867 55 37 the
690 867 149 37 acceffion
855 867 40 37 of
909 867 71 37 new
996 867 101 37 parts.

173 921 251 24 ACCRETION,
458 911 115 37 among
600 911 155 37 civilians,
788 911 56 37 the
871 911 153 37 property
1050 911 151 37 acquired

217 959 32 37 in
277 959 19 37 a
317 959 101 37 vague
442 959 37 37 or
506 959 198 37 unoccupied
730 959 105 37 thing,
859 959 44 37 by
918 959 42 37 its
984 959 153 37 adhering
1164 959 36 37 to

220 1006 38 37 or
274 1006 167 37 following
458 1006 134 37 another
608 1006 130 37 already
758 1006 174 37 occupied;
958 1006 87 37 thus,
1070 1006 29 37 if
1121 1006 19 37 a
1155 1006 45 37 le-

217 1052 81 37 gacy
313 1052 40 37 be
366 1052 61 37 left
442 1052 36 37 to
494 1052 66 37 two
582 1052 140 37 perfons,
748 1052 60 37 one
825 1052 40 37 of
882 1052 106 37 whom
1006 1052 67 37 dies
1090 1052 111 37 before

217 1098 57 37 the
298 1098 144 37 teftator,
465 1098 56 37 the
549 1098 113 37 legacy
688 1098 149 37 devolves
861 1098 35 37 to
921 1098 55 37 the
999 1098 144 37 furvivor
1159 1098 44 37 by

217 1144 87 37 right
317 1144 40 37 of
369 1144 172 37 accretion.

173 1192 277 37 ACCROCHE,
467 1192 33 37 in
511 1192 163 37 heraldry,
687 1192 133 37 denotes
834 1192 18 37 a
863 1192 119 37 thing’s
995 1192 96 37 being
1097 1192 105 37 hook-

220 1237 41 37 ed
275 1237 80 37 with
372 1237 147 37 another.

173 1286 335 37 ACCROCHING,
533 1286 32 37 in
582 1286 56 37 old
653 1286 193 37 law-books,
872 1286 26 37 is
922 1286 207 37 incroaching
1144 1286 59 37 up-

221 1330 53 37 on,
299 1330 38 37 or
356 1330 151 37 ufurping
524 1330 136 37 another
676 1330 101 37 man’s
794 1330 100 37 right.

174 1377 210 37 ACCRUE,
409 1377 34 37 in
465 1377 75 37 law,
566 1377 62 37 any
644 1377 92 37 thing
752 1377 71 37 that
844 1377 26 37 is
888 1377 172 37 connefted
1075 1377 36 37 to
1128 1377 75 37 ano-

220 1423 72 37 ther
308 1423 33 37 as
359 1423 38 37 an
415 1423 193 37 appendage.

174 1471 336 37 ACCURATION,
547 1471 32 37 in
613 1471 173 37 antiquity,
812 1471 55 37 the
900 1471 126 37 pofture
1054 1471 77 37 ufed
1163 1471 45 37 by

221 1517 55 37 the
292 1517 128 37 Greeks
437 1517 63 37 and
514 1517 144 37 Romans
680 1517 32 37 at
728 1517 99 37 table.
874 1517 78 37 The
964 1517 89 37 body
1064 1517 64 37 was
1144 1517 60 37 ex-

223 1562 132 37 tended,
382 1562 62 37 and
469 1562 57 37 the
553 1562 84 37 head
654 1562 115 37 refting
785 1562 42 37 on
850 1562 19 37 a
890 1562 123 37 pillow,
1039 1562 38 37 or
1093 1562 41 37 on
1151 1562 56 37 the

225 1609 117 37 elbow.

270 1655 77 37 The
358 1655 143 37 Romans
513 1655 32 37 at
558 1655 84 37 their
655 1655 97 37 meals
765 1655 92 37 made
872 1655 55 37 ufe
939 1655 40 37 of
985 1655 20 37 a
1018 1655 66 37 low
1103 1655 104 37 round

222 1702 98 37 table,
331 1702 123 37 around
462 1702 105 37 which
579 1702 66 37 two
657 1702 38 37 or
706 1702 91 37 three
810 1702 137 37 couches
958 1702 85 37 were
1050 1702 114 37 placed
1172 1702 35 37 in

226 1748 187 37 proportion
426 1748 35 37 to
477 1748 55 37 the
548 1748 133 37 number
697 1748 40 37 of
747 1748 123 37 guefts;
897 1748 62 37 and
974 1748 101 37 hence
1098 1748 27 37 it
1140 1748 66 37 was

224 1793 104 37 called
351 1798 180 30 biclinium,
557 1793 38 37 or
612 1798 196 30 triclinium.
841 1793 109 37 Thefe
966 1793 86 37 were
1069 1793 137 37 covered

224 1839 78 37 with
315 1839 19 37 a
344 1839 66 37 fort
421 1839 41 37 of
466 1839 220 37 bed-cloaths,
696 1839 62 37 and
770 1839 160 37 furnilhed
941 1839 79 37 with
1033 1839 98 37 quilts
1144 1839 63 37 and

224 1887 124 37 pillows
361 1887 189 37 fo«leaning
562 1887 55 37 on.
649 1887 77 37 The
742 1887 102 37 guefts
861 1887 139 37 reclined
1016 1887 42 37 on
1074 1887 55 37 the
1143 1887 63 37 left

225 1933 75 37 fide,
326 1933 55 37 the
397 1933 65 37 firft
478 1933 32 37 at
526 1933 55 37 the
593 1933 83 37 head
686 1933 40 37 of
738 1933 55 37 the
809 1933 75 37 bed,
910 1933 78 37 with
1005 1933 49 37 his
1071 1933 66 37 feet
1149 1933 54 37 be-

225 1980 80 37 hind
320 1980 55 37 the
391 1980 83 37 back
493 1980 41 37 of
544 1980 57 37 the
612 1980 131 37 fecond,
770 1985 64 30 <bc.
885 1980 120 37 Before
1021 1980 79 37 they
1116 1980 89 37 came

225 2026 40 37 to
292 2026 101 37 table,
417 2026 78 37 they
510 2026 144 37 changed
669 2026 84 37 their
777 2026 135 37 cloaths,
938 2026 52 37 for
1013 2026 91 37 what
1127 2026 79 37 they

226 2072 104 37 called
351 2072 56 37 the
436 2077 174 30 ctenatoria
626 2077 110 30 vejles,
762 2072 55 37 the
834 2072 109 37 dining
960 2072 156 37 garment,
1142 2072 63 37 and

225 2119 111 37 pulled
351 2119 53 37 off
414 2119 85 37 their
510 2119 91 37 fhoes
616 2119 35 37 to
667 2119 79 37 keep
762 2119 55 37 the
840 2119 101 37 couch
958 2119 101 37 clean.

179 2166 298 37 ACCUBITOR,
503 2166 39 37 an
564 2166 125 37 ancient
713 2166 109 37 officer
853 2166 41 37 of
912 2166 56 37 the
985 2166 163 37 emperors
1173 2166 42 37 of

229 2213 271 37 Conftantinople,
525 2213 105 37 whofe
642 2213 135 37 bufinefs
789 2213 64 37 was
870 2213 35 37 to
920 2213 43 37 lie
979 2213 75 37 near
1069 2213 55 37 the
1141 2213 66 37 em-

228 2258 108 37 peror.
384 2258 54 37 He
453 2258 65 37 was
535 2258 55 37 the
609 2258 84 37 head
719 2258 40 37 of
778 2258 56 37 the
861 2258 117 37 youths
995 2258 41 37 of
1057 2258 55 37 the
1128 2258 79 37 bed-

229 2303 161 37 chamber,
410 2303 61 37 and
482 2303 66 37 had
558 2303 56 37 the
636 2308 218 30 cubiculariu:
871 2303 63 37 and
944 2308 189 30 procubitor
1147 2303 61 37 un-

231 2349 58 37 der
304 2349 80 37 him.

185 2399 412 37 ACCUMULATION,
633 2399 31 37 in
694 2399 19 37 a
739 2399 126 37 general
889 2399 96 37 fenfe,
1012 2399 56 37 the
1096 2399 49 37 aft
1174 2399 42 37 of

232 2442 138 37 heaping
386 2442 38 37 or
441 2442 143 37 amaffing
596 2442 107 37 things
720 2442 160 37 together.
928 2442 131 37 Among
1075 2442 136 37 lawyers

232 2487 26 37 it
281 2487 26 37 is
323 2487 78 37 ufed
416 2487 31 37 in
464 2487 149 37 fpeaking
629 2487 40 37 of
680 2487 55 37 the
752 2487 212 37 concurrence
981 2487 41 37 of
1035 2487 119 37 feveral
1170 2487 41 37 ti-

233 2534 60 37 tles
310 2534 34 37 to
360 2534 56 37 the
439 2534 83 37 fame
538 2534 104 37 thing,
668 2534 37 37 or
727 2534 39 37 of
780 2534 120 37 feveral
916 2534 239 37 circumftances
1177 2534 37 37 to

234 2580 56 37 the
306 2580 82 37 fame
404 2580 107 37 proof.

185 2628 329 36 ACCUMULATION
533 2632 43 30 of
581 2632 142 30 degrees,
739 2627 33 37 in
790 2627 39 37 an
840 2627 183 37 univerfity,
1048 2627 27 37 is
1092 2627 55 37 the
1164 2627 49 37 ta-

234 2671 77 37 king
333 2671 117 37 feveral
467 2671 39 37 of
522 2671 88 37 them
625 2671 161 37 together,
812 2671 37 37 or
873 2671 33 37 at
921 2671 127 37 fmaller
1064 2671 151 37 intervals

236 2718 76 37 than
329 2718 99 37 ufual,
452 2718 38 37 or
506 2718 77 37 than
600 2718 27 37 is
645 2718 137 37 allowed
797 2718 44 37 by
857 2718 56 37 the
929 2718 85 37 rules
1028 2718 40 37 of
1076 2718 54 37 the
1146 2718 69 37 uni-

236 2764 128 37 verfity.

190 2812 279 37 ACCURATE.
519 2812 62 37 See
596 2813 243 36 EXACTNESS.

191 2858 274 37 ACCURSED,
483 2858 131 37 denotes
630 2858 179 37 fomething
820 2858 70 37 that
902 2858 57 37 lies
973 2858 100 37 under
1084 2858 19 37 a
1115 2858 100 37 curfe,

240 2901 36 37 or
292 2901 27 37 is
336 2901 184 37 deteftable.
569 2901 32 37 It
617 2901 26 37 is
660 2901 139 37 likewife
815 2901 77 37 ufed
906 2901 53 37 for
976 2901 39 37 an
1031 2901 185 37 excommu-

240 2949 126 37 nicated
381 2949 123 37 perfon.

193 2998 328 37 ACCUSATION,
546 2998 32 37 in
594 2998 73 37 law,
692 2998 55 37 the
765 2998 152 37 charging
933 2998 62 37 any
1009 2998 113 37 perfon
1137 2998 79 37 with

240 3040 21 37 a
276 3040 141 37 criminal
440 3040 114 37 aftion,
579 3040 104 37 either
703 3040 38 37 in
764 3040 89 37 one’s
870 3040 72 37 own
961 3040 105 37 name,
1091 3040 37 37 or
1144 3040 73 37 that

1293 263 40 37 of
1345 263 54 37 the
1415 263 119 37 public.
1583 263 33 37 It
1633 263 121 37 differs,
1771 263 85 37 little
1875 263 85 37 from
1987 263 237 37 impeachment
2237 263 39 37 or

1293 310 199 37 iridiftment.

1246 356 328 37 ACCUSATIVE.
1624 356 62 37 See
1708 357 219 36 GRAMMAR.

1247 403 318 37 AC-DENGHIS,
1589 403 20 37 a
1624 403 91 37 name
1742 403 94 37 given
1863 403 36 37 to
1926 403 56 37 the
1998 403 219 37 Archipelago
2232 403 44 37 by

1293 448 55 37 the
1363 448 126 37 Turks.

1247 495 110 37 ACE,
1383 495 19 37 a
1413 495 81 37 term
1507 495 116 37 among
1640 495 181 37 gamefters,
1838 495 169 37 fignifying
2024 495 19 37 a
2059 495 77 37 card
2159 495 37 37 or
2223 495 54 37 die

1296 541 133 37 marked
1445 541 80 37 with
1542 541 19 37 a
1578 541 95 37 fingle
1689 541 104 37 point.

1247 588 330 37 ACENTETUM,
1602 588 38 37 or
1664 589 231 36 ACENTETA,
1922 588 107 37 names
2053 588 77 37 ufed
2153 588 45 37 by
2220 588 57 37 the

1297 634 140 37 ancients
1455 634 52 37 for
1523 634 56 37 the
1595 634 105 37 pureft
1716 634 78 37 rock
1812 634 126 37 cryftal.
1989 634 61 37 See
2066 635 199 36 CRYSTAL.

1246 681 262 37 ACEPHALI,
1533 675 40 45 or
1589 682 285 36 ACEPHALITAS,
1900 675 19 45 a
1934 675 92 45 name
2042 675 104 45 given,
2172 675 33 45 in
2225 675 53 45 ec-

1297 721 177 45 clefiaftical
1495 721 133 45 hiftory,
1654 721 36 45 to
1705 721 120 45 feveral
1841 721 78 45 fefts
1942 721 71 45 that
2030 721 83 45 were
2130 721 149 45 deftitute

1297 767 40 45 of
1360 767 61 45 any
1436 767 85 45 head
1548 767 38 45 or
1612 767 129 45 leader;
1769 767 33 45 as
1819 767 79 45 alfo,
1924 767 36 45 to
1984 767 76 45 fuch
2089 767 126 45 biffiops
2242 767 36 45 as

1294 813 83 45 were
1394 813 173 45 exempted
1583 813 86 45 from
1685 813 55 45 the
1753 813 200 45 jurifdiftion
1970 813 41 45 of
2021 813 20 45 a
2056 813 174 45 patriarch.

1247 866 338 37 ACEPHALOUS,
1611 866 32 37 in
1660 866 61 37 our
1737 866 125 37 ancient
1885 866 193 37 law-books,
2103 866 41 37 an
2171 866 107 37 appel-

1295 912 98 37 lation
1409 912 95 37 given
1531 912 36 37 to
1589 912 76 37 fuch
1692 912 128 37 perfons
1848 912 33 37 as
1909 912 79 37 held
2014 912 136 37 nothing
2166 912 36 37 of
2218 912 62 37 any

1294 958 152 37 fuperior.

1248 1006 305 37 ACEPHALUS,
1578 1006 138 37 without
1739 1006 19 37 a
1780 1006 95 37 head.

1247 1053 250 36 ACEPHALUS,
1522 1052 39 37 an
1577 1052 142 37 obfolete
1743 1052 83 37 term
1854 1052 51 37 for
1928 1052 57 37 the
2013 1052 97 37 tenia,
2135 1052 38 37 or
2189 1052 89 37 tape-

1297 1098 114 37 worm.
1461 1098 62 37 See
1544 1099 145 36 TENIA.

1249 1146 249 36 ACEPHALUS,
1523 1139 26 45 is
1567 1139 65 45 alfo
1648 1139 77 45 ufed
1740 1139 36 45 to
1792 1139 129 45 exprefs
1938 1139 19 45 a
1973 1139 87 45 verfe
2079 1139 199 45 defeftivein

1298 1186 56 45 the
1370 1186 184 45 beginning.

1250 1238 144 37 ACER,
1419 1238 33 37 in
1479 1238 132 37 botany,
1637 1238 56 37 the
1721 1238 104 37 maple
1842 1238 37 37 or
1896 1238 164 37 fycomore
2082 1238 80 37 tree,
2189 1238 18 37 a
2223 1238 54 37 ge-

1299 1284 57 37 nus
1373 1284 41 37 of
1423 1284 55 37 the
1495 1284 181 37 polygamia
1688 1284 115 37 dioecia
1815 1284 90 37 clafs.
1954 1284 111 37 There
2078 1284 53 37 are
2143 1284 53 37 ten
2209 1284 68 37 fpe-

1300 1331 62 37 cies
1380 1331 39 37 of
1431 1331 64 37 this
1512 1331 112 37 genus.
1672 1331 77 37 The
1772 1331 86 37 calix
1874 1331 40 37 of
1936 1331 56 37 the
2008 1331 116 37 female
2139 1331 26 37 is
2183 1331 95 37 quin-

1302 1377 132 37 quifide,
1458 1377 56 37 the
1541 1377 122 37 corolla
1680 1377 251 37 pentapetalous,
1956 1377 56 37 the
2029 1377 131 37 ftamina
2176 1377 100 37 eight,

1301 1424 60 37 one
1377 1424 93 37 piftil,
1497 1424 63 37 and
1586 1424 66 37 two
1678 1424 243 37 feed-capfules.
1968 1424 77 37 The
2062 1424 86 37 calix
2164 1424 40 37 of
2222 1424 57 37 the

1301 1471 81 37 male
1398 1471 26 37 is
1442 1471 63 37 alfo
1518 1471 211 37 quinquifide,
1746 1471 56 37 the
1814 1471 122 37 corolla
1946 1471 252 37 pentapetalous,
2215 1471 66 37 and

1300 1517 55 37 the
1372 1517 130 37 ftamina
1517 1517 102 37 eight.
1666 1517 112 37 There
1795 1517 53 37 are
1864 1517 77 37 only
1956 1517 66 37 two
2038 1517 116 37 fpecies
2171 1517 40 37 of
2222 1517 57 37 the

1300 1563 72 37 acer
1383 1563 106 37 which
1506 1563 52 37 are
1578 1563 161 37 reckoned
1753 1563 121 37 natives
1891 1563 41 37 of
1946 1563 162 37 England,
2126 1568 71 30 viz.
2223 1563 59 37 the

1301 1609 289 37 pfeudo-platanus,
1616 1609 63 37 and
1693 1609 55 37 the
1763 1609 183 37 campeftre.

1252 1656 175 37 ACERB,
1453 1656 18 37 a
1490 1656 73 37 four
1574 1656 102 37 rough
1694 1656 197 37 aftringency
1907 1656 41 37 of
1957 1656 89 37 tafte,
2072 1656 76 37 fuch
2160 1656 33 37 as
2206 1656 72 37 that

1301 1697 39 45 of
1350 1703 112 37 unripe
1476 1703 91 37 fruit.
1618 1703 61 37 See
1697 1704 274 36 ASTRINGENT,

1253 1749 276 37 ACERENZA,
1580 1749 61 37 See
1658 1750 195 36 CIRENZA.

1254 1795 259 37 ACERIDES,
1539 1795 134 37 fignifies
1697 1795 19 37 a
1738 1795 114 37 plafter
1868 1795 138 37 without
2022 1795 61 37 any
2098 1795 75 37 wax
2188 1795 33 37 in
2237 1795 42 37 its

1300 1840 217 37 compofition.

1252 1886 232 37 ACERINA,
1510 1886 38 37 an
1566 1886 140 37 abfolete
1718 1886 91 37 name
1826 1886 40 37 of
1884 1886 19 37 a
1919 1886 117 37 fpecies
2053 1886 41 37 of
2100 1886 56 37 the
2168 1886 110 37 perch,

1301 1933 17 37 a
1338 1933 54 37 filh
1408 1933 41 37 of
1459 1933 56 37 the
1538 1933 146 37 thoracic
1707 1933 109 37 order.
1866 1933 62 37 See
1945 1934 145 36 PERCA.

1252 1978 214 37 ACERNO,
1492 1978 19 37 a
1526 1978 87 37 town
1626 1978 40 37 of
1677 1978 97 37 Italy,
1800 1978 32 37 in
1849 1978 56 37 the
1920 1978 155 37 kingdom
2089 1978 42 37 of
2141 1978 138 37 Naples,

1302 2025 79 37 with
1418 2025 17 37 a
1472 2025 136 37 bilhop’s
1640 2025 63 37 fee.

1770 2025 33 37 It
1835 2025 26 37 is
1895 2025 39 37 17
1964 2025 91 37 miles
2085 2025 37 37 S.
2150 2025 63 37 W.
2245 2025 41 37 of

1301 2071 128 37 Conza,
1458 2071 65 37 and
1556 2071 39 37 12
1625 2071 48 37 N.
1699 2071 44 37 E.
1772 2071 41 37 of
1837 2071 146 37 Salerno,
2016 2071 89 37 long.
2141 2071 55 37 14.
2222 2071 59 37 23.

1295 2120 45 37 lat
1375 2120 57 37 40.
1460 2120 57 37 55.

1252 2166 213 37 ACERRA,
1491 2166 33 37 in
1541 2166 172 37 antiquity,
1738 2166 41 37 an
1807 2166 81 37 altar
1915 2166 139 37 erefted,
2084 2166 115 37 among
2226 2166 57 37 the

1302 2212 157 37 Romans,
1476 2212 76 37 near
1563 2212 56 37 the
1636 2212 72 37 gate
1725 2212 41 37 of
1778 2212 18 37 a
1810 2212 112 37 perfon
1935 2212 164 37 deceafed,
2118 2212 40 37 on
2176 2212 107 37 which

1302 2260 50 37 his
1368 2260 121 37 friends
1506 2260 88 37 daily
1611 2260 123 37 offered
1750 2260 135 37 incenfe,
1910 2260 116 37 till'his
2043 2260 240 37 burial.—The

1305 2306 136 37 Chinefe
1457 2306 81 37 have
1554 2306 61 37 ftill
1632 2306 19 37 a
1667 2306 117 37 cuftom
1800 2306 65 37 like
1882 2306 63 37 this
1957 2306 10 37 ;
1994 2306 78 37 they
2087 2306 84 37 ereft
2183 2306 39 37 an
2235 2306 46 37 al-

1305 2353 50 37 tar
1367 2353 36 37 to
1419 2353 55 37 the
1490 2353 152 37 deceafed
1663 2353 33 37 in
1724 2353 19 37 a
1770 2353 91 37 room
1883 2353 88 37 hung
1999 2353 78 37 with
2102 2353 180 37 mourning,

1305 2399 64 37 and
1383 2399 90 37 place
1493 2399 39 37 an
1558 2399 104 37 image
1682 2399 40 37 of
1740 2399 55 37 the
1818 2399 82 37 dead
1916 2399 111 37 perfon
2043 2399 41 37 on
2109 2399 56 37 the
2188 2399 95 37 altar-,

1304 2446 36 37 to
1355 2446 106 37 which
1473 2446 97 37 every
1581 2446 60 37 one
1652 2446 72 37 that
1735 2446 192 37 approaches
1944 2446 25 37 it
1985 2446 89 37 bows
2089 2446 75 37 four
2176 2446 106 37 times,

1306 2492 62 37 and
1383 2492 99 37 offers
1498 2492 157 37 oblations
1671 2492 62 37 and
1749 2492 172 37 perfumes.

1259 2544 177 30 ACERRA,
1462 2539 33 37 in
1511 2539 197 37 geography,
1726 2539 19 37 a
1759 2539 87 37 town
1863 2539 39 37 of
1913 2539 87 37 Italy
2015 2539 32 37 in
2063 2539 56 37 the
2130 2539 154 37 kingdom

1309 2586 39 37 of
1359 2586 135 37 Naples,
1520 2586 62 37 and
1598 2586 33 37 in
1647 2586 56 37 the
1719 2586 85 37 terra
1820 2586 32 37 di
1870 2586 145 37 Lavoro.
2072 2586 32 37 It
2121 2586 104 37 ftands
2243 2586 42 37 on

1309 2633 54 37 the
1389 2633 83 37 river
1494 2633 110 37 Agno,
1631 2633 19 37 7
1676 2633 91 37 miles
1789 2633 47 37 N.
1858 2633 45 37 E.
1929 2633 40 37 of
1988 2633 135 37 Naples,
2150 2633 64 37 and
2237 2633 47 37 20

1311 2679 36 37 S.
1366 2679 61 37 W.
1453 2679 40 37 of
1503 2679 198 37 Benevento,
1725 2679 69 37 Ion.
1817 2679 54 37 14.
1891 2679 57 37 23.
1972 2679 59 37 lat.
2057 2679 56 37 40.
2134 2679 56 37 55.

1262 2730 224 30 ACERRAL,
1497 2711 5 52 ■
1511 2725 55 37 th^
1589 2725 71 37 pots
1677 2725 138 37 wherein
1830 2725 124 37 incenfe
1968 2725 65 37 was
2049 2725 109 37 burnt.

1263 2770 368 37 ACERSECOMES,
1655 2770 214 37 long-haired,
1887 2770 19 37 a
1916 2770 90 37 name
2026 2770 40 37 of
2077 2770 135 37 Apollo,
2228 2770 56 37 be-

1311 2817 90 37 caufe
1418 2817 41 37 he
1482 2817 66 37 was
1564 2817 123 37 ufually
1703 2817 127 37 painted
1844 2817 47 37 fo.

1263 2864 287 37 ACESTIDES,
1576 2864 31 37 in
1625 2864 169 37 foundery,
1823 2864 19 37 a
1858 2864 91 37 name
1977 2864 92 37 given
2086 2864 44 37 by
2146 2864 55 37 the
2229 2864 56 37 an-

1311 2909 98 37 cients
1426 2909 35 37 to
1486 2909 55 37 the
1554 2909 162 37 chimneys
1731 2909 41 37 of
1781 2909 83 37 their
1881 2909 146 37 furnaces
2043 2909 140 37 wherein
2200 2909 86 37 brafs

1309 2956 65 37 was
1397 2956 104 37 made.

1262 3003 356 37 ACETABULUM,
1635 3003 32 37 in
1680 3003 170 37 antiquity,
1869 3003 18 37 a
1898 3003 84 37 little
1997 3003 72 37 vafe
2086 3003 37 37 or
2139 3003 60 37 cup
2210 3003 77 37 ufed

1311 3049 31 37 at
1358 3049 86 37 table
1461 3049 35 37 to
1511 3049 88 37 ferve
1625 3049 43 37 up
1684 3049 106 37 fauces
1807 3049 38 37 or
1872 3049 173 37 feafoning.
2094 3049 32 37 It
2148 3049 65 37 alfo
2230 3049 55 37 de-

2193 3084 99 37 notes’
