2493 3387
698 147 496 75 ASTRO

134 217 79 75 very
228 217 168 75 obliquely
410 217 42 75 on
468 217 57 75 the
541 217 105 75 earth,
671 217 33 75 in
722 217 79 75 total
818 217 130 75 eclipfes
966 217 41 75 of
1024 217 56 75 the
1103 217 70 75 fun.

132 264 40 75 In
193 264 133 75 annular
341 264 143 75 eclipfes,
509 264 56 75 the
590 264 125 75 moon’s
740 264 67 75 real
835 264 128 75 fhadow
989 264 78 75 ends
1094 264 32 75 in
1155 264 19 75 a

133 311 91 75 point
248 311 33 75 at
305 311 86 75 fome
417 311 138 75 didance
578 311 85 75 from
692 311 55 75 the
771 311 104 75 earth.
941 311 78 75 The
1045 311 125 75 moon’s

131 358 92 75 fmall
250 358 138 75 didance
404 358 85 75 from
505 358 57 75 the
588 358 105 75 earth,
719 358 63 75 and
798 358 55 75 the
876 358 156 75 fhortnefs
1057 358 41 75 of
1109 358 60 75 her

131 403 141 75 diadow,
296 403 98 75 prove
410 403 59 75 her
484 403 37 75 to
538 403 39 75 be
593 403 61 75 lefs
667 403 77 75 than
761 403 55 75 the
830 403 68 75 fun.
946 403 91 75 And,
1063 403 33 75 as
1113 403 57 75 the

132 452 121 75 earth’s
270 452 127 75 flradow
412 452 28 75 is
456 452 89 75 large
563 452 126 75 enough
706 452 35 75 to
757 452 93 75 cover
867 452 56 75 the
938 452 109 75 moon,
1069 452 33 75 if
1111 452 60 75 her

132 498 154 75 diameter
306 498 84 75 were
405 498 92 75 three
510 498 93 75 times
619 498 34 75 as
670 498 88 75 large
780 498 34 75 as
831 498 27 75 it
873 498 27 75 is
919 498 120 75 (which
1057 498 28 75 is
1102 498 65 75 evi-

131 545 79 75 dent
225 545 85 75 from
326 545 58 75 her
400 545 76 75 long
500 545 208 75 continuance
731 545 32 75 in
785 545 56 75 the
857 545 127 75 diadow
1000 545 93 75 when
1116 545 53 75 die

130 591 78 75 goes
225 591 140 75 through
378 591 41 75 its
431 591 125 75 centre)
570 591 26 75 it
607 591 27 75 is
651 591 97 75 plain,
766 591 71 75 that
852 591 56 75 the
924 591 92 75 earth
1033 591 26 75 is
1073 591 95 75 much

133 638 112 75 bigger
260 638 77 75 than
352 638 56 75 the
419 638 110 75 moon.

177 684 146 75 Though
340 684 44 75 all
399 684 125 75 opaque
539 684 125 75 bodies,
689 684 42 75 on
759 684 106 75 which
895 684 56 75 the
978 684 56 75 fun
1052 684 115 75 diines,

131 732 81 75 have
228 732 84 75 their
331 732 156 75 diadows,
513 732 57 75 yet
586 732 75 75 fuch
678 732 26 75 is
722 732 55 75 the
794 732 78 75 bulk
885 732 43 75 of
938 732 56 75 the
1009 732 70 75 fun,
1105 732 70 75 and-

130 778 57 75 the
214 778 154 75 didances
395 778 41 75 of
457 778 56 75 the
541 778 137 75 planets,
703 778 71 75 that
803 778 56 75 the
886 778 141 75 primary
1042 778 125 75 planets

131 824 58 75 can
217 824 95 75 never
335 824 115 75 eclipfe
477 824 60 75 one
564 824 148 75 another.
763 824 32 75 A
814 824 139 75 primary
970 824 57 75 can
1052 824 116 75 eclipfe

131 870 77 75 only
227 870 41 75 its
285 870 190 75 fecondary,
500 870 38 75 or
559 870 42 75 be
619 870 138 75 eclipfed
774 870 44 75 by
840 870 48 75 it;
916 870 61 75 and
994 870 97 75 never
1108 870 59 75 but

130 917 92 75 when
249 917 33 75 in
305 917 176 75 oppofition
509 917 37 75 or
574 917 202 75 conjun&ion
792 917 80 75 with
900 917 56 75 the
971 917 70 75 fun.
1089 917 78 75 The

129 963 140 75 primary
296 963 124 75 planets
445 963 54 75 are
521 963 78 75 very
624 963 121 75 feldom
761 963 32 75 in
810 963 88 75 thefe
915 963 165 75 pofitions,
1105 963 61 75 but

128 1010 55 75 the
199 1010 57 75 fun
273 1010 63 75 and
351 1010 96 75 moon
460 1010 54 75 are
530 1010 34 75 fo
581 1010 99 75 every
694 1010 113 75 month
820 1010 9 75 :
848 1010 150 75 Whence
1014 1010 61 75 one
1092 1010 75 75 may

128 1057 151 75 imagine,
303 1057 71 75 that
390 1057 90 75 thefe
499 1057 67 75 two
582 1057 183 75 luminaries
782 1057 112 75 diould
916 1057 40 75 be
977 1057 139 75 eclipfed
1132 1057 34 75 e-

127 1103 79 75 very
229 1103 126 75 month.
403 1103 67 75 But
486 1103 92 75 there
594 1103 54 75 are
658 1103 65 75 few
736 1103 130 75 eclipfes
878 1103 32 75 in
925 1103 119 75 refpeft
1060 1103 41 75 of
1111 1103 56 75 the

129 1149 135 75 number
279 1149 39 75 of
336 1149 72 75 new
424 1149 61 75 and
507 1149 62 75 full
584 1149 134 75 moons;
744 1149 55 75 the
817 1149 109 75 reafon
941 1149 41 75 of
993 1149 106 75 which
1119 1149 49 75 we

129 1196 77 75 diall
223 1196 73 75 now
312 1196 143 75 explain.

176 1243 37 75 If
229 1243 57 75 the
309 1243 124 75 moon’s
449 1243 87 75 orbit
550 1243 86 75 were
658 1243 181 75 coincident
854 1243 80 75 with
951 1243 55 75 the
1022 1243 93 75 plane
1132 1243 41 75 of

127 1290 57 75 the
196 1290 140 75 ecliptic,
353 1290 32 75 in
401 1290 107 75 which
524 1290 55 75 the
596 1290 93 75 earth
701 1290 120 75 always
833 1290 113 75 moves
963 1290 64 75 and
1042 1290 56 75 the
1109 1290 57 75 fun

128 1338 131 75 appears
275 1338 35 75 to
328 1338 104 75 move,
457 1338 56 75 the
525 1338 125 75 moon’s
662 1338 129 75 diadow
806 1338 110 75 would
932 1338 58 75 fall
1007 1338 85 75 upon
1109 1338 57 75 the

128 1383 92 75 earth
237 1383 33 75 at
286 1383 98 75 every
406 1383 135 75 change,
565 1383 63 75 and
644 1383 114 75 eclipfe
778 1383 56 75 the
850 1383 56 75 fun
922 1383 36 75 to
975 1383 86 75 fome
1077 1383 88 75 parts

130 1430 39 75 of
180 1430 56 75 the
247 1430 106 75 earth.
385 1430 39 75 In
436 1430 64 75 like
507 1430 148 75 manner,
673 1430 57 75 the
742 1430 96 75 moon
850 1430 108 75 would
970 1430 42 75 go
1023 1430 143 75 through

130 1476 56 75 the
202 1476 121 75 middle
335 1476 40 75 of
386 1476 55 75 the
457 1476 120 75 earth’s
595 1476 139 75 diadow,
759 1476 64 75 and
838 1476 39 75 be
894 1476 139 75 eclipfed
1044 1476 33 75 at
1093 1476 72 75 eve-

128 1522 41 75 ry
177 1522 60 75 full
249 1522 10 75 ;
279 1522 58 75 but
349 1522 78 75 with
441 1522 64 75 this
518 1522 185 75 difference,
720 1522 71 75 that
800 1522 52 75 die
868 1522 109 75 would
994 1522 38 75 be
1049 1522 118 75 totally

130 1570 163 75 darkened
309 1570 52 75 for
377 1570 100 75 above
494 1570 39 75 an
550 1570 82 75 hour
648 1570 63 75 and
726 1570 39 75 an
778 1570 88 75 half;
885 1570 141 75 whereas
1039 1570 56 75 the
1110 1570 57 75 fun

130 1616 98 75 never
247 1616 65 75 was
330 1616 102 75 above
447 1616 75 75 four
537 1616 138 75 minutes
698 1616 118 75 totally
831 1616 140 75 eclipfed
987 1616 44 75 by
1046 1616 56 75 the
1118 1616 48 75 in-

128 1663 184 75 terpofition
330 1663 41 75 of
380 1663 56 75 the
452 1663 109 75 moon.
618 1663 68 75 But
713 1663 61 75 one
800 1663 76 75 half
894 1663 42 75 of
958 1663 56 75 the
1041 1663 125 75 moon’s

129 1709 87 75 orbit
238 1709 28 75 is
289 1709 146 75 elevated
461 1709 45 75 y-f
521 1709 133 75 degrees
678 1709 100 75 above
795 1709 55 75 the
867 1709 139 75 ecliptic,
1032 1709 63 75 and
1111 1709 55 75 the

129 1755 94 75 other
238 1755 73 75 half
323 1755 33 75 as
375 1755 95 75 much
488 1755 164 75 depreded
668 1755 105 75 below
783 1755 48 75 it;
844 1755 248 75 fonfequently,
1111 1755 56 75 the

128 1802 125 75 moon’s
270 1802 86 75 orbit
372 1802 161 75 interfedls
553 1802 55 75 the
626 1802 128 75 ecliptic
769 1802 33 75 in
819 1802 65 75 two
901 1802 140 75 oppofite
1057 1802 108 75 points

126 1849 105 75 called
247 1849 55 75 the
319 1849 99 75 moon'
418 1849 16 75 s
451 1849 106 75 nodes,
577 1849 35 75 as
628 1849 59 75 has
704 1849 79 75 been
804 1849 131 75 already
947 1849 95 75 taken
1058 1849 107 75 notice

125 1896 48 75 of.
223 1896 112 75 When
351 1896 88 75 thefe
455 1896 105 75 points
577 1896 53 75 are
646 1896 32 75 in
695 1896 19 75 a
729 1896 88 75 right
833 1896 64 75 line
914 1896 77 75 with
1013 1896 55 75 the
1087 1896 77 75 cen-

127 1942 49 75 tre
193 1942 40 75 of
244 1942 56 75 the
316 1942 57 75 fun
394 1942 34 75 at
444 1942 71 75 new
535 1942 38 75 or
590 1942 60 75 full
667 1942 108 75 moon,
801 1942 56 75 the
872 1942 69 75 fun,
966 1942 108 75 moon,
1101 1942 64 75 and

128 1989 104 75 earth,
257 1989 53 75 are
327 1989 42 75 all
386 1989 31 75 in
437 1989 18 75 a
479 1989 87 75 right
582 1989 86 75 line;
694 1989 64 75 and
773 1989 32 75 if
818 1989 57 75 the
898 1989 97 75 moon
1021 1989 38 75 be
1080 1989 84 75 then

126 2035 83 75 new,
226 2035 58 75 her
296 2035 129 75 diadow
441 2035 75 75 falls
528 2035 84 75 upon
630 2035 55 75 the
703 2035 91 75 earth
806 2035 10 75 ;
843 2035 31 75 if
885 2035 71 75 full,
976 2035 56 75 the
1044 2035 119 75 earth’s

127 2082 126 75 fhadow
268 2082 74 75 falls
359 2082 85 75 upon
461 2082 71 75 her.
589 2082 113 75 When
729 2082 57 75 the
813 2082 57 75 fun
897 2082 64 75 and
985 2082 96 75 moon
1109 2082 55 75 are

121 2127 94 75 more
231 2127 78 75 than
330 2127 42 75 17
395 2127 132 75 degrees
554 2127 85 75 from
663 2127 104 75 either
791 2127 39 75 of
850 2127 55 75 the
929 2127 99 75 nodes
1050 2127 33 75 at
1107 2127 56 75 the

126 2175 77 75 time
220 2175 40 75 of
271 2175 214 75 conjunftion,
511 2175 54 75 the
582 2175 95 75 moon
694 2175 27 75 is
744 2175 77 75 then
838 2175 163 75 generally
1013 2175 56 75 too
1084 2175 79 75 high

128 2221 38 75 or
183 2221 56 75 too
268 2221 63 75 low
348 2221 32 75 in
397 2221 59 75 her
475 2221 85 75 orbit
576 2221 35 75 to
624 2221 68 75 cart
718 2221 62 75 any
797 2221 72 75 part
894 2221 39 75 of
951 2221 60 75 her
1036 2221 129 75 fhadow

126 2268 85 75 upon
224 2268 55 75 the
296 2268 112 75 earth;
427 2268 93 75 when
530 2268 58 75 the
604 2268 55 75 fun
676 2268 26 75 is
720 2268 91 75 more
827 2268 77 75 than
923 2268 40 75 12
982 2268 73 75 deg.
1074 2268 86 75 from

114 2314 114 75 -either
245 2314 40 75 of
296 2314 54 75 the
367 2314 99 75 nodes
483 2314 33 75 at
528 2314 56 75 the
595 2314 77 75 time
689 2314 41 75 of
741 2314 60 75 full
814 2314 110 75 moon,
949 2314 56 75 the
1021 2314 97 75 moon
1134 2314 27 75 is

130 2361 164 75 generally
305 2361 56 75 too
372 2361 77 75 high
470 2361 38 75 or
523 2361 58 75 too
596 2361 64 75 low
673 2361 31 75 in
721 2361 58 75 her
795 2361 85 75 orbit
897 2361 35 75 to
949 2361 41 75 go
1002 2361 86 75 thro’
1101 2361 62 75 any

125 2408 72 75 part
212 2408 40 75 of
259 2408 55 75 the
325 2408 120 75 earth’s
461 2408 147 75 diadow:
629 2408 77 75 And
723 2408 32 75 in
772 2408 78 75 both
865 2408 89 75 thefe
971 2408 85 75 cafes
1068 2408 93 75 there

125 2454 66 75 will
207 2454 40 75 be
260 2454 42 75 no
317 2454 126 75 eclipfe.
473 2454 68 75 But
553 2454 94 75 when
660 2454 56 75 the
728 2454 97 75 moon
841 2454 26 75 is
885 2454 60 75 lefs
959 2454 78 75 than
1052 2454 39 75 17
1104 2454 57 75 de-

125 2501 91 75 grees
226 2501 84 75 from
322 2501 103 75 either
442 2501 83 75 node
541 2501 33 75 at
590 2501 56 75 the
658 2501 77 75 time
747 2501 41 75 of
798 2501 215 75 conjunction,
1026 2501 59 75 her
1095 2501 68 75 fha-

125 2548 74 75 dow
211 2548 36 75 or
259 2548 173 75 penumbra
443 2548 74 75 falls
528 2548 88 75 more
629 2548 37 75 or
675 2548 59 75 lefs
747 2548 84 75 upon
844 2548 55 75 the
908 2548 105 75 earth,
1025 2548 33 75 as
1071 2548 51 75 die
1134 2548 27 75 is

124 2594 95 75 more,
230 2594 37 75 or
280 2594 62 75 lefs
360 2594 112 75 within
489 2594 64 75 this
570 2594 97 75 limit.
703 2594 78 75 And
798 2594 93 75 when
908 2594 51 75 die
971 2594 26 75 is
1009 2594 60 75 lefs
1083 2594 78 75 than

129 2643 39 75 12
186 2643 132 75 degrees
335 2643 85 75 from
431 2643 104 75 either
551 2643 83 75 node
646 2643 33 75 at
690 2643 56 75 the
759 2643 76 75 time
852 2643 39 75 of
902 2643 189 75 oppofition,
1108 2643 52 75 die

124 2687 76 75 goes
217 2687 140 75 through
376 2687 19 75 a
410 2687 128 75 greater
554 2687 37 75 or
608 2687 59 75 lefs
684 2687 129 75 portion
832 2687 40 75 of
883 2687 56 75 the
952 2687 119 75 earth’s
1091 2687 68 75 fha-

123 2734 87 75 dow,
236 2734 33 75 as
285 2734 51 75 die
352 2734 27 75 is
397 2734 88 75 more
504 2734 37 75 or
557 2734 60 75 lefs
635 2734 111 75 within
764 2734 63 75 this
840 2734 96 75 limit.
985 2734 72 75 Her
1073 2734 85 75 orbit

124 2780 142 75 contains
290 2780 67 75 360
368 2780 154 75 degrees;
549 2780 40 75 of
599 2780 106 75 which
723 2780 54 75 17,
802 2780 55 75 the
873 2780 83 75 limit
973 2780 40 75 of
1025 2780 83 75 folar
1125 2780 32 75 e-

125 2827 110 75 clipfes
253 2827 41 75 on
311 2827 104 75 either
430 2827 64 75 fide
514 2827 40 75 of
573 2827 55 75 the
652 2827 110 75 nodes,
789 2827 63 75 and
874 2827 52 75 12,
952 2827 56 75 the
1024 2827 83 75 limit
1124 2827 41 75 of

123 2872 93 75 lunar
242 2872 142 75 eclipfes,
411 2872 52 75 are
488 2872 57 75 but
568 2872 90 75 fmall
681 2872 143 75 portions
839 2872 9 75 :
883 2872 77 75 And
978 2872 33 75 as
1030 2872 55 75 the
1102 2872 56 75 fun

122 2918 185 75 commonly
323 2918 98 75 pafles
437 2918 44 75 by
497 2918 55 75 the
569 2918 100 75 nodes
693 2918 59 75 but
780 2918 95 75 twice
891 2918 31 75 in
940 2918 18 75 a
974 2918 89 75 year,
1089 2918 27 75 it
1130 2918 27 75 is

121 2965 44 75 no
181 2965 132 75 wonder
336 2965 71 75 that
423 2965 48 75 we
488 2965 82 75 have
596 2965 34 75 fo
658 2965 96 75 many
780 2965 71 75 new
875 2965 62 75 and
964 2965 61 75 full
1042 2965 113 75 moons

123 3011 137 75 without
277 3011 141 75 eclipfes.

168 3058 57 75 To
240 3058 152 75 illudrate
420 3058 75 75 this,
522 3058 110 75 (Plate
655 3058 134 75 XLVI.
807 3058 56 75 fig.
885 3058 50 75 1.)
962 3058 46 75 let
1025 3058 131 75 dBCD

170 3106 100 75 Vol.
296 3106 30 75 I.
375 3106 71 75 No.
465 3106 57 75 20.

1033 3106 19 75 3

1273 144 45 75 N
1396 144 40 75 O
1516 144 48 75 M
1636 144 56 75 Y.

2173 144 83 75 477

1222 214 41 75 be
1279 214 56 75 the
1362 214 140 75 ecliptic,
1529 214 127 75 RSTU
1673 214 19 75 a
1716 214 95 75 circle
1838 214 90 75 lying
1943 214 30 75 in
1992 214 55 75 the
2063 214 83 75 fame
2163 214 92 75 plane

1221 260 77 75 with
1316 260 55 75 the
1381 260 140 75 ecliptic,
1540 260 62 75 and
1614 260 195 75 VIVXYthe
1821 260 123 75 moon’s
1957 260 98 75 orbit,
2070 260 44 75 ail
2127 260 129 75 thrown

1219 307 70 75 into
1306 307 38 75 an
1361 307 132 75 oblique
1509 307 93 75 view,
1622 307 105 75 which
1739 307 88 75 gives
1841 307 86 75 them
1948 307 37 75 an
1999 307 150 75 elliptical
2162 307 95 75 diape

1218 353 35 75 to
1270 353 56 75 the
1343 353 71 75 eye.
1464 353 73 75 One
1553 353 74 75 half
1639 353 40 75 of
1690 353 56 75 the
1763 353 124 75 moon’s
1904 353 98 75 orbit,
2027 353 33 75 as
2088 353 112 75 VfVX,
2227 353 26 75 is

1218 400 117 75 always
1352 400 105 75 below
1473 400 55 75 the
1544 400 141 75 ecliptic,
1704 400 61 75 and
1781 400 56 75 the
1853 400 93 75 other
1958 400 75 75 half
2044 400 97 75 XYV
2153 400 105 75 above

1217 446 38 75 it.
1303 446 78 75 The
1398 446 104 75 points
1519 446 33 75 V
1564 446 63 75 and
1643 446 45 75 X,
1714 446 107 75 where
1837 446 55 75 the
1912 446 124 75 moon’s
2052 446 86 75 orbit
2154 446 100 75 inter-

1216 493 77 75 feCts
1310 493 58 75 the
1381 493 97 75 circle
1495 493 135 75 RSTU,
1655 493 107 75 which
1778 493 58 75 lies
1852 493 80 75 even
1947 493 80 75 with
2044 493 54 75 the
2110 493 141 75 ecliptic,

1216 541 54 75 are
1281 541 56 75 the
1350 541 124 75 moon’s
1491 541 99 75 nodes
1604 541 9 75 ;
1640 541 63 75 and
1720 541 18 75 a
1755 541 87 75 right
1858 541 76 75 line,
1959 541 34 75 as
2010 541 106 75 XEF,
2141 541 113 75 draw®

1216 586 84 75 from
1317 586 60 75 one
1389 586 35 75 to
1436 586 55 75 the
1504 586 106 75 other,
1634 586 141 75 through
1792 586 56 75 the
1864 586 120 75 earth’s
2003 586 120 75 centre,
2149 586 27 75 is
2192 586 59 75 the

1216 633 65 75 line
1298 633 40 75 of
1348 633 56 75 the
1421 633 112 75 nodes,
1559 633 106 75 which
1685 633 27 75 is
1738 633 123 75 carried
1877 633 112 75 almoft
2009 633 131 75 parallel
2158 633 34 75 to
2208 633 43 75 it-

1217 681 64 75 felf
1292 681 103 75 round
1413 681 55 75 the
1488 681 56 75 fun
1560 681 32 75 in
1610 681 18 75 a
1649 681 88 75 year.

1265 727 36 75 If
1323 727 56 75 the
1414 727 96 75 moon
1544 727 116 75 moved
1693 727 102 75 round
1824 727 55 75 the
1907 727 91 75 earth
2026 727 32 75 in
2087 727 55 75 the
2166 727 87 75 orbit

1216 774 134 75 RSTU,
1375 774 106 75 which
1504 774 26 75 is
1548 774 182 75 coincident
1746 774 78 75 with
1839 774 54 75 the
1910 774 92 75 plane
2017 774 42 75 of
2073 774 59 75 the
2152 774 100 75 eclip-

1214 820 55 75 tic,
1295 820 59 75 her
1369 820 128 75 fhadow
1515 820 107 75 would
1640 820 57 75 fall
1713 820 84 75 upon
1815 820 56 75 the
1887 820 91 75 earth
1996 820 97 75 every
2109 820 77 75 time
2202 820 52 75 die

1213 866 27 75 is
1257 866 32 75 in
1313 866 202 75 conjundtion
1531 866 80 75 with
1634 866 56 75 the
1706 866 69 75 fun,
1801 866 63 75 and
1893 866 32 75 at
1953 866 98 75 every
2075 866 178 75 oppolitiou

1213 913 51 75 die
1281 913 109 75 would
1405 913 43 75 go
1476 913 140 75 through
1644 913 57 75 the
1725 913 121 75 earth’s
1873 913 139 75 diadow.
2062 913 103 75 Were
2187 913 65 75 this

1214 959 54 75 the
1285 959 81 75 cafe,
1392 959 56 75 the
1464 959 56 75 fun
1533 959 108 75 would
1658 959 39 75 be
1711 959 140 75 eclipfed
1870 959 33 75 at
1919 959 95 75 every
2026 959 136 75 change,
2187 959 65 75 and

1214 1006 55 75 the
1285 1006 95 75 moon
1398 1006 32 75 at
1446 1006 96 75 every
1559 1006 74 75 full,
1659 1006 33 75 as
1709 1006 131 75 already
1855 1006 196 75 mentioned.

1259 1054 67 75 But
1346 1054 154 75 although
1518 1054 54 75 the
1590 1054 124 75 moon’s
1730 1054 127 75 fhadow
1869 1054 44 75 W
1924 1054 80 75 mud
2020 1054 56 75 fall
2093 1054 83 75 upon
2196 1054 56 75 the

1214 1099 89 75 earth
1322 1099 31 75 at
1370 1099 34 75 a,
1422 1099 92 75 when
1528 1099 55 75 the
1600 1099 91 75 earth
1708 1099 26 75 is
1752 1099 33 75 at
1801 1099 43 75 E,
1864 1099 62 75 and
1943 1099 56 75 the
2016 1099 95 75 moon
2130 1099 32 75 in
2174 1099 87 75 con-

1209 1147 144 75 junction
1371 1147 78 75 with
1466 1147 56 75 the
1538 1147 54 75 fun
1611 1147 32 75 at
1711 1147 133 75 becaufe
1860 1147 51 75 die
1934 1147 27 75 is
1986 1147 76 75 then
2081 1147 77 75 very
2175 1147 76 75 near

1214 1194 60 75 one
1291 1194 41 75 of
1342 1194 59 75 her
1416 1194 100 75 nodes
1531 1194 10 75 ;
1569 1194 62 75 and
1659 1194 34 75 at
1716 1194 59 75 her
1798 1194 175 75 oppofition
1991 1194 22 75 «
2029 1194 52 75 die
2105 1194 81 75 mud
2209 1194 44 75 go

1213 1240 141 75 through
1371 1240 56 75 the
1443 1240 119 75 earth’s
1585 1240 128 75 diadow
1731 1240 30 75 I,
1788 1240 131 75 becaufe
1944 1240 52 75 die
2023 1240 27 75 is
2079 1240 77 75 then
2174 1240 77 75 near

1214 1287 54 75 the
1284 1287 96 75 other
1391 1287 84 75 node
1487 1287 10 75 ;
1524 1287 66 75 yet,
1616 1287 32 75 in
1666 1287 55 75 the
1738 1287 78 75 time
1832 1287 71 75 that
1919 1287 51 75 die
1982 1287 77 75 goes
2076 1287 101 75 round
2196 1287 56 75 the

1214 1335 90 75 earth
1321 1335 35 75 to
1372 1335 59 75 her
1446 1335 80 75 next
1544 1335 134 75 change,
1700 1335 175 75 according
1900 1335 35 75 to
1962 1335 55 75 the
2034 1335 96 75 order
2144 1335 40 75 of
2195 1335 57 75 the

1212 1381 112 75 letters
1341 1381 139 75 XYVfV,
1507 1381 54 75 the
1576 1381 92 75 earth
1686 1381 154 75 advances
1857 1381 84 75 from
1965 1381 31 75 E
2013 1381 35 75 to
2065 1381 28 75 e,
2118 1381 133 75 accord-

1214 1427 54 75 ing
1284 1427 35 75 to
1335 1427 56 75 the
1407 1427 96 75 order
1520 1427 41 75 of
1579 1427 57 75 the
1656 1427 112 75 letters
1785 1427 142 75 EFGH,
1953 1427 63 75 and
2044 1427 55 75 the
2123 1427 64 75 line
2215 1427 41 75 of

1213 1474 55 75 the
1285 1474 99 75 nodes
1401 1474 98 75 VEX
1523 1474 96 75 being
1642 1474 124 75 carried
1794 1474 109 75 nearly
1931 1474 132 75 parallel
2091 1474 35 75 to
2152 1474 97 75 itfelf,

1213 1522 106 75 brings
1344 1522 56 75 the
1424 1522 90 75 point
1533 1522 37 75 f
1587 1522 41 75 of
1649 1522 56 75 the
1733 1522 125 75 moon’s
1883 1522 87 75 orbit
1998 1522 31 75 in
2047 1522 203 75 conjunction

1215 1567 76 75 with
1311 1567 54 75 the
1381 1567 56 75 fun
1457 1567 33 75 at
1507 1567 69 75 that
1604 1567 80 75 next
1710 1567 143 75 change;
1880 1567 61 75 and
1970 1567 77 75 then
2076 1567 55 75 the
2153 1567 98 75 moon

1213 1614 93 75 being
1323 1614 34 75 at
1366 1614 39 75 f,
1430 1614 26 75 is
1473 1614 57 75 too
1545 1614 78 75 high
1642 1614 100 75 above
1758 1614 57 75 the
1831 1614 127 75 ecliptic
1973 1614 36 75 to
2029 1614 62 75 cad
2107 1614 59 75 her
2181 1614 69 75 fha-

1213 1661 74 75 dow
1304 1661 41 75 on
1358 1661 55 75 the
1430 1661 91 75 earth
1533 1661 9 75 :
1569 1661 78 75 And
1664 1661 33 75 as
1714 1661 56 75 the
1786 1661 92 75 earth
1895 1661 26 75 is
1938 1661 60 75 dill
2024 1661 129 75 moving
2181 1661 69 75 for-

1214 1707 100 75 ward,
1340 1707 56 75 the
1412 1707 97 75 moon
1527 1707 33 75 at
1575 1707 59 75 her
1650 1707 78 75 next
1745 1707 176 75 oppofition
1938 1707 68 75 will
2021 1707 40 75 be
2078 1707 33 75 at
2129 1707 38 75 g,
2192 1707 59 75 too

1214 1753 49 75 far
1281 1753 105 75 below
1414 1753 56 75 the
1497 1753 130 75 ecliptic
1652 1753 35 75 to
1711 1753 43 75 go
1779 1753 141 75 through
1949 1753 63 75 any
2037 1753 72 75 part
2137 1753 40 75 of
2194 1753 57 75 the

1214 1802 119 75 earth’s
1350 1802 146 75 diadow;
1524 1802 51 75 for
1592 1802 44 75 by
1648 1802 71 75 that
1735 1802 76 75 time
1827 1802 55 75 the
1898 1802 91 75 point
1998 1802 28 75 g
2042 1802 64 75 will
2124 1802 39 75 be
2180 1802 33 75 at
2230 1802 20 75 a

1213 1849 214 75 confiderable
1442 1849 139 75 didance
1599 1849 84 75 from
1702 1849 57 75 the
1771 1849 90 75 earth
1875 1849 33 75 as
1925 1849 71 75 feen
2009 1849 83 75 from
2107 1849 55 75 the
2177 1849 70 75 fun.

1260 1896 113 75 When
1389 1896 56 75 the
1461 1896 91 75 earth
1570 1896 106 75 comes
1692 1896 36 75 to
1745 1896 38 75 F,
1809 1896 56 75 the
1882 1896 96 75 moon
1995 1896 31 75 in
2044 1896 206 75 conjunction

1213 1941 78 75 with
1317 1941 54 75 the
1400 1941 55 75 fun
1475 1941 34 75 Z
1527 1941 26 75 is
1578 1941 57 75 not
1661 1941 33 75 at
1711 1941 18 75 ^
1753 1941 32 75 in
1811 1941 18 75 a
1853 1941 93 75 plane
1970 1941 179 75 coincident
2169 1941 79 75 with

1212 1988 55 75 the
1287 1988 153 75 ecliptic,,
1454 1988 59 75 but
1529 1988 100 75 above
1646 1988 25 75 it
1689 1988 34 75 at
1744 1988 29 75 Y
1787 1988 33 75 in
1838 1988 55 75 the
1911 1988 122 75 highed
2050 1988 71 75 part
2136 1988 41 75 of
2187 1988 60 75 her

1211 2035 109 75 orbit:
1348 2035 63 75 and
1427 2035 75 75 then
1516 2035 55 75 the
1588 2035 91 75 point
1695 2035 17 75 £
1723 2035 42 75 of
1774 2035 60 75 her
1850 2035 127 75 diadow
1995 2035 26 75 0
2041 2035 77 75 goes
2145 2035 51 75 far
2211 2035 35 75 a-

1211 2083 81 75 bove
1309 2083 55 75 the
1381 2083 90 75 earth
1491 2083 49 75 (as
1557 2083 32 75 in
1606 2083 55 75 fig.
1684 2083 34 75 2.
1748 2083 105 75 which
1882 2083 26 75 is
1934 2083 38 75 an
1995 2083 81 75 edge
2100 2083 83 75 view
2210 2083 43 75 of

1211 2130 55 75 fig.
1290 2130 46 75 1.)
1385 2130 77 75 The
1486 2130 109 75 moon,
1613 2130 32 75 at
1661 2130 59 75 her
1739 2130 80 75 next
1840 2130 189 75 oppofition,
2055 2130 26 75 is
2106 2130 58 75 not
2181 2130 32 75 at
2229 2130 18 75 o

1212 2176 72 75 (fig.
1303 2176 47 75 1.)
1375 2176 58 75 but
1450 2176 31 75 at
1498 2176 48 75 W,
1572 2176 108 75 where
1696 2176 56 75 the
1768 2176 121 75 earth’s
1906 2176 128 75 diadow
2052 2176 76 75 goes
2146 2176 48 75 far
2211 2176 35 75 a-

1210 2222 81 75 bove
1310 2222 59 75 her
1388 2222 49 75 (as
1458 2222 30 75 in
1507 2222 54 75 fig.
1580 2222 52 75 2.)
1683 2222 39 75 In
1739 2222 78 75 both
1835 2222 87 75 thefe
1939 2222 85 75 cafes
2041 2222 55 75 the
2124 2222 64 75 line
2210 2222 42 75 of

1211 2268 54 75 the
1282 2268 99 75 nodes
1398 2268 93 75 VFX
1515 2268 70 75 (fig.
1612 2268 47 75 x.)
1686 2268 26 75 is
1740 2268 98 75 about
1863 2268 45 75 90
1929 2268 133 75 degrees
2087 2268 84 75 from
2189 2268 57 75 the

1210 2314 68 75 fun,
1304 2314 61 75 and
1389 2314 79 75 both
1485 2314 183 75 luminaries
1691 2314 53 75 are
1769 2314 32 75 as
1819 2314 50 75 far
1893 2314 32 75 as
1943 2314 127 75 podible
2087 2314 83 75 from
2188 2314 57 75 the

1209 2361 99 75 limits
1326 2361 40 75 of
1381 2361 55 75 the
1460 2361 143 75 eclipfes.

1258 2409 111 75 When
1386 2409 54 75 the
1453 2409 90 75 earth
1562 2409 57 75 has
1637 2409 82 75 gone
1740 2409 75 75 half
1825 2409 102 75 round
1946 2409 54 75 the
2017 2409 127 75 ecliptic
2160 2409 86 75 from

1208 2454 31 75 E
1257 2454 34 75 to
1304 2454 42 75 G,
1372 2454 56 75 the
1444 2454 64 75 line
1528 2454 41 75 of
1579 2454 54 75 the
1651 2454 98 75 nodes
1764 2454 100 75 VGX
1877 2454 27 75 is
1921 2454 122 75 nearly,
2068 2454 31 75 if
2110 2454 56 75 not
2183 2454 60 75 ex-

1209 2501 93 75 actly,
1328 2501 140 75 direfted
1484 2501 139 75 towards
1640 2501 55 75 the
1713 2501 54 75 fun
1781 2501 32 75 at
1826 2501 54 75 Z;
1908 2501 62 75 and
1989 2501 75 75 then
2083 2501 54 75 the
2155 2501 86 75 new-

1209 2548 96 75 moon
1329 2548 15 75 /
1361 2548 78 75 cads
1467 2548 58 75 her
1552 2548 125 75 diadow
1706 2548 31 75 P
1762 2548 40 75 on
1824 2548 55 75 the
1906 2548 92 75 earth
2022 2548 51 75 G;
2106 2548 61 75 and
2186 2548 56 75 the

1208 2594 58 75 full
1285 2594 94 75 moon
1392 2594 24 75 p
1441 2594 74 75 goes
1533 2594 141 75 through
1691 2594 56 75 the
1763 2594 119 75 earth’s
1900 2594 128 75 diadow
2045 2594 28 75 L
2087 2594 10 75 ;
2133 2594 107 75 which

1207 2641 107 75 brings
1341 2641 40 75 on
1399 2641 129 75 eclipfes
1541 2641 107 75 again,
1674 2641 33 75 as
1725 2641 92 75 when
1837 2641 56 75 the
1912 2641 90 75 earth
2019 2641 65 75 was
2100 2641 33 75 at
2148 2641 44 75 E.

1255 2688 111 75 When
1387 2688 54 75 the
1459 2688 89 75 earth
1572 2688 105 75 comes
1695 2688 35 75 to
1747 2688 49 75 H,
1822 2688 55 75 the
1895 2688 69 75 new
1980 2688 94 75 moon
2093 2688 73 75 falls
2183 2688 57 75 not

1207 2733 32 75 at
1256 2733 31 75 tn
1304 2733 32 75 in
1357 2733 18 75 a
1392 2733 92 75 plane
1502 2733 180 75 coincident
1702 2733 78 75 with
1799 2733 55 75 the
1871 2733 127 75 ecliptic
2019 2733 78 75 CD,
2123 2733 57 75 but
2206 2733 33 75 at

1206 2786 85 75 ^in
1307 2786 59 75 her
1381 2786 85 75 orbit
1482 2786 104 75 below
1602 2786 44 75 it;
1681 2786 63 75 and
1771 2786 74 75 then
1869 2786 59 75 her
1955 2786 127 75 diadow
2109 2786 43 75 ^
2172 2786 67 75 (fee

1206 2838 55 75 j’g-
1280 2838 51 75 2.)
1357 2838 76 75 goes
1450 2838 50 75 far
1523 2838 104 75 below
1643 2838 55 75 the
1716 2838 103 75 earth.
1870 2838 46 75 At
1934 2838 55 75 the
2004 2838 80 75 next
2109 2838 57 75 full
2185 2838 52 75 die

1207 2874 26 75 is
1257 2874 55 75 not
1329 2874 32 75 at
1384 2874 19 75 q
1430 2874 73 75 (fig.
1524 2874 47 75 1.)
1591 2874 57 75 but
1665 2874 31 75 at
1714 2874 29 75 Y
1757 2874 32 75 in
1812 2874 58 75 her
1889 2874 86 75 orbit
1995 2874 44 75 54
2054 2874 131 75 degrees
2203 2874 33 75 a-

1206 2922 81 75 bove
1305 2922 30 75 7,
1354 2922 62 75 and
1432 2922 33 75 at
1476 2922 59 75 her
1547 2922 133 75 greated
1696 2922 113 75 height
1826 2922 98 75 above
1941 2922 55 75 the
2013 2922 126 75 ecliptic
2151 2922 63 75 CZ)
2225 2922 10 75 •

1206 2968 93 75 being
1317 2968 76 75 then
1410 2968 36 75 as
1463 2968 50 75 far
1530 2968 33 75 as
1581 2968 139 75 podible,
1747 2968 32 75 at
1796 2968 62 75 any
1877 2968 191 75 oppofition,
2086 2968 83 75 from
2184 2968 56 75 the

1206 3016 117 75 earth’s
1340 3016 127 75 diadow
1484 3016 57 75 M,
1559 3016 33 75 as
1610 3016 30 75 in
1657 3016 55 75 fig.
1731 3016 34 75 2.

1252 3064 57 75 So,
1334 3064 94 75 when
1451 3064 56 75 the
1524 3064 90 75 earth
1631 3064 26 75 is
1675 3064 32 75 at
1724 3064 31 75 E
1771 3064 63 75 and
1847 3064 43 75 G,
1915 3064 56 75 the
1984 3064 95 75 moon
2096 3064 26 75 is
2140 3064 99 75 about

1690 3115 20 75 6
1733 3115 33 75 E

2185 3115 59 75 hgj-
