2431 3327
503 136 234 75 AGE

1078 136 100 75 (3

180 209 53 75 are
250 209 121 75 natives
387 209 41 75 of
447 209 137 75 Britain^
635 209 131 75 Several
790 209 118 75 fpecies
925 209 41 75 of
984 209 56 75 the
1057 209 106 75 agaric

180 253 90 75 grow
286 253 84 75 upon
386 253 56 75 the
456 253 114 75 trunks
587 253 40 75 of
635 253 57 75 the
709 253 101 75 larch,
828 253 56 75 the
900 253 74 75 oak,
993 253 62 75 and
1069 253 94 75 other

179 301 97 75 trees.
325 301 33 75 It
382 301 26 75 is
432 301 42 75 of
495 301 20 75 a
537 301 123 75 fpungy
686 301 174 75 fubftance,
891 301 190 75 refembling
1106 301 57 75 the

176 346 195 75 jnulhroom,
396 346 63 75 and
473 346 157 75 irregular
646 346 32 75 in
694 346 41 75 its
756 346 100 75 figure
873 346 63 75 and
952 346 75 75 fize.
1075 346 87 75 This

178 394 91 75 plant
284 394 57 75 has
359 394 44 75 of
420 394 66 75 late
497 394 81 75 been
596 394 86 75 tried
698 394 52 75 for
769 394 143 75 flopping
925 394 237 75 haemorrhages

179 440 84 75 after
279 440 214 75 amputations
505 440 9 75 :
540 440 59 75 but
615 440 55 75 the
687 440 119 75 fuccefs
823 440 57 75 has
893 440 56 75 not
964 440 82 75 been
1061 440 34 75 fo
1112 440 50 75 re-

179 486 161 75 markable
353 486 33 75 as
404 486 36 75 to
452 486 97 75 bring
564 486 27 75 it
607 486 67 75 into
691 486 128 75 general
829 486 69 75 ufe.

132 534 157 75 Mineral
303 534 173 75 Agaric,
501 534 19 75 a
535 534 122 75 marley
672 534 92 75 earth
780 534 188 75 refemblinjg
987 534 55 75 the
1065 534 96 75 vege-

178 580 88 75 table
282 580 40 75 of
342 580 70 75 that
429 580 90 75 name
530 580 32 75 in
580 580 118 75 colouijr
707 580 63 75 and
784 580 143 75 texture.
968 580 31 75 It
1015 580 27 75 is
1059 580 103 75 found

180 627 33 75 in
230 627 56 75 the
299 627 122 75 fiffures
440 627 40 75 of
498 627 107 75 rocks,
631 627 62 75 and
709 627 42 75 on
770 627 56 75 the
843 627 88 75 roofs
948 627 40 75 of
1007 627 153 75 caverns;

180 673 64 75 and
264 673 25 75 is
311 673 179 75 fometimes
508 673 76 75 ufed
606 673 34 75 as
660 673 40 75 an
720 673 169 75 aflringent
908 673 31 75 in
956 673 116 75 fluxes,
1096 673 65 75 hae-

178 717 199 75 morrhages,
403 717 64 75 fac.

130 765 288 75 AGASYLLIS,
444 765 18 75 a
478 765 92 75 name
586 765 76 75 ufed
677 765 45 75 by
738 765 56 75 the
810 765 129 75 Greeks
963 765 53 75 for
1039 765 121 75 ammo-

177 811 84 75 niac.
311 811 62 75 See
389 811 233 75 Ammoniac.

130 858 153 75 AGAT,
308 858 26 75 is
352 858 19 75 a
385 858 86 75 ftone
487 858 189 75 refembling
697 858 57 75 the
778 858 90 75 onyx
890 858 33 75 in
940 858 124 75 colour,
1089 858 71 75 but,

175 904 35 75 in
232 904 91 75 place
345 904 43 75 of
405 904 111 75 zones,
541 904 26 75 is
593 904 142 75 adorned
758 904 80 75 with
863 904 79 75 lines
964 904 38 75 or
1024 904 85 75 fpots
1125 904 41 75 of

177 950 127 75 various
329 950 140 75 colours,
494 950 108 75 which
624 950 59 75 run
706 950 69 75 into
799 950 34 75 fo
856 950 97 75 many
971 950 129 75 figures,
1127 950 33 75 as

175 998 37 75 to
234 998 152 75 referable
412 998 97 75 trees,
540 998 139 75 flowers,
709 998 109 75 fruits,
849 998 108 75 herbs,
991 998 66 75 <bc.
1112 998 54 75 Of

177 1043 56 75 the
250 1043 74 75 agat
338 1043 92 75 there
453 1043 55 75 are
531 1043 118 75 feveral
674 1043 130 75 fpecies,
829 1043 224 75 diflinguifhed
1075 1043 85 75 from

176 1089 79 75 each
279 1089 94 75 other
396 1089 117 75 chiefly
537 1089 45 75 by
606 1089 84 75 their
712 1089 133 75 colour;
882 1089 48 75 as,
964 1089 55 75 the
1044 1089 114 75 white-

175 1135 114 75 veined
305 1135 86 75 agat,
415 1135 58 75 the
492 1135 245 75 lead-coloured
759 1135 85 75 agat,
868 1135 57 75 the
941 1135 218 75 flefh-colour-

176 1183 41 75 ed
232 1183 87 75 agat,
345 1183 65 75 tec.

127 1229 131 75 Agat,
284 1229 26 75 is
327 1229 66 75 alfo
408 1229 57 75 the
482 1229 90 75 name
593 1229 40 75 of
652 1229 39 75 an
711 1229 185 75 inftrument
911 1229 78 75 ufed
1004 1229 44 75 by
1064 1229 93 75 gold-

176 1275 246 75 wire-drawers,
446 1275 34 75 fo
497 1275 104 75 called
615 1275 86 75 from
716 1275 57 75 the
789 1275 74 75 agat
878 1275 33 75 in
922 1275 55 75 the
994 1275 118 75 middle
1124 1275 40 75 of

176 1321 37 75 it,
239 1321 106 75 which
361 1321 100 75 forms
477 1321 41 75 its
535 1321 153 75 principal
704 1321 84 75 part.

126 1368 190 75 ‘AGATA,
342 1368 37 75 or
404 1368 40 75 St
468 1368 141 75 Agata
629 1368 35 75 di
688 1368 89 75 Goti,
803 1368 18 75 a
844 1368 67 75 city
935 1368 64 75 and
1021 1368 136 75 bilhop’s

176 1413 49 75 fee
252 1413 41 75 of
311 1413 134 75 Naples,
471 1413 64 75 and
560 1413 151 75 province
735 1413 41 75 of
793 1413 199 75 Principato,
1025 1413 135 75 fituated

177 1460 109 75 almoft
297 1460 32 75 in
347 1460 54 75 the
418 1460 119 75 middle
554 1460 146 75 between
717 1460 114 75 Gapua
847 1460 62 75 and
923 1460 235 75 Beneventum.

128 1507 268 75 AGATONSI,
421 1507 19 75 a
455 1507 87 75 fmall
567 1507 100 75 ifland
691 1507 40 75 of
749 1507 56 75 the
829 1507 229 75 Archipelago,
1084 1507 73 75 fitu-

177 1553 70 75 ated
266 1553 142 75 between
424 1553 71 75 that
511 1553 40 75 of
571 1553 120 75 Lefoos
709 1553 63 75 and
787 1553 55 75 the
856 1553 174 75 continent.

130 1600 256 75 AGATTON,
412 1600 19 75 a
454 1600 86 75 town
562 1600 41 75 of
622 1600 128 75 Africa,
772 1600 46 75 on
841 1600 55 75 the
913 1600 84 75 coaft
1012 1600 41 75 of
1071 1600 87 75 Gui-

177 1645 72 75 ney,
274 1645 136 75 fituated
420 1645 75 75 near
506 1645 57 75 the
578 1645 113 75 mouth
708 1645 40 75 of
768 1645 54 75 the
834 1645 83 75 fiver
933 1645 165 75 Formofa,
1124 1645 33 75 a-

177 1690 78 75 bout
267 1690 111 75 eighty
392 1690 91 75 miles
500 1690 94 75 fouth
610 1690 40 75 of
668 1690 116 75 Benin.

131 1736 184 75 AGATY,
340 1736 32 75 in
388 1736 132 75 botany,
546 1736 19 75 a
587 1736 162 75 fynonime
771 1736 40 75 of
829 1736 55 75 the
904 1736 252 75 sefehynomene.

180 1782 60 75 See
258 1782 321 75 Avschynomene.

130 1828 183 75 AGAVE,
337 1828 33 75 in
386 1828 131 75 botany,
542 1828 20 75 a
582 1828 100 75 genus
707 1828 42 75 of
766 1828 56 75 the
845 1828 179 75 hexandria
1046 1828 110 75 mona-

176 1873 95 75 gynia
285 1873 91 75 clafs.
426 1873 114 75 Under
555 1873 65 75 this
636 1873 98 75 genus
760 1873 151 75 Linnseus
937 1873 94 75 ranks
1049 1873 21 75 4
1086 1873 71 75 fpe-.

175 1920 63 75 cies
254 1920 41 75 of
312 1920 56 75 the
383 1920 114 75 Aloes,
524 1920 70 75 viz.
618 1920 56 75 the
700 1920 149 75 america,
873 1920 153 75 vivipara,
1055 1920 98 75 virgi-

175 1966 79 75 nica,
281 1966 61 75 and
358 1966 125 75 foetida.
532 1966 64 75 See
611 1966 123 75 Aloe.

126 2013 206 75 AGAZES,
358 2013 19 75 a
392 2013 91 75 name
499 2013 92 75 given
608 2013 35 75 to
652 2013 57 75 the
724 2013 195 75 inhabitants
937 2013 40 75 of
987 2013 168 75 Paraguay

174 2059 31 75 in
223 2059 37 75 S.
273 2059 163 75 America.

127 2106 152 75 AGDE,
304 2106 19 75 a
345 2106 88 75 fmall
459 2106 58 75 but
540 2106 74 75 well
636 2106 166 75 inhabited
822 2106 67 75 city
904 2106 41 75 of
963 2106 133 75 France,
1121 2106 33 75 in

174 2152 54 75 the
253 2152 149 75 province
424 2152 41 75 of
482 2152 211 75 Languedoc,
718 2152 75 75 near
815 2152 57 75 the
898 2152 114 75 mouth
1039 2152 42 75 of
1098 2152 56 75 the

174 2198 83 75 river
271 2198 117 75 Eraut,
414 2198 98 75 about
528 2198 104 75 thirty
646 2198 92 75 miles
756 2198 37 75 S.
810 2198 62 75 W.
890 2198 41 75 of
940 2198 212 75 Montpelier.

174 2242 31 75 It
221 2242 26 75 is
259 2242 55 75 the
329 2242 51 75 fee
396 2242 40 75 of
454 2242 19 75 a
488 2242 122 75 bifliop.

125 2290 116 75 AGE,
266 2290 19 75 a
301 2290 118 75 certain
435 2290 127 75 portion
579 2290 38 75 or
639 2290 71 75 part
734 2290 42 75 of
792 2290 150 75 duration
966 2290 129 75 applied
1117 2290 36 75 to

173 2336 54 75 the
243 2336 159 75 exigence
417 2336 41 75 of
476 2336 173 75 particular
666 2336 141 75 objefis:
833 2336 75 75 thus
932 2336 50 75 we
1003 2336 67 75 fay,
1095 2336 57 75 the

172 2383 57 75 age
245 2383 41 75 of
305 2383 55 75 the
377 2383 114 75 world,
517 2383 56 75 the
589 2383 60 75 age
661 2383 40 75 of
718 2383 115 75 Rome,
860 2383 64 75 &c.
949 2383 71 75 that
1029 2383 42 75 is,
1096 2383 56 75 the

171 2429 77 75 time
264 2429 40 75 or
320 2429 134 75 number
469 2429 40 75 of
527 2429 92 75 years
636 2429 126 75 elapfed
784 2429 79 75 fince
887 2429 55 75 the
959 2429 140 75 creation
1116 2429 42 75 of

172 2475 55 75 the
242 2475 115 75 world,
382 2475 38 75 or
442 2475 56 75 the
522 2475 146 75 building
689 2475 40 75 of
747 2475 119 75 Rome.
916 2475 61 75 See
999 2475 151 75 Astro-

174 2522 126 75 nomy,
326 2522 53 75 0/
392 2522 51 75 the
460 2522 133 75 divifion
610 2522 43 75 of
667 2522 91 75 time.

216 2569 78 75 The
309 2569 126 75 ancient
449 2569 91 75 poets
557 2569 64 75 alfo
637 2569 130 75 divided
789 2569 57 75 the
869 2569 148 75 duration
1037 2569 41 75 of
1095 2569 56 75 the

169 2615 105 75 world
295 2615 70 75 into
388 2615 75 75 four
487 2615 75 75 ages
585 2615 37 75 or
645 2615 150 75 periods;
821 2615 55 75 the
898 2615 65 75 firft
985 2615 43 75 of
1044 2615 106 75 which

171 2661 78 75 they
265 2661 102 75 called
383 2661 58 75 the
456 2661 118 75 golden
589 2661 71 75 age,
685 2661 56 75 the
757 2661 113 75 fecond
888 2661 55 75 die
954 2661 108 75 Jilver
1076 2661 72 75 age,

170 2708 58 75 the
241 2708 89 75 third
345 2708 56 75 the
417 2708 123 75 hrazen
555 2708 70 75 age,
651 2708 62 75 and
728 2708 55 75 the
799 2708 110 75 fourth
921 2708 55 75 the
993 2708 72 75 iron
1076 2708 72 75 age.

126 2754 97 75 Age,
248 2754 33 75 in
308 2754 75 75 law,
415 2754 131 75 figniges
572 2754 19 75 a
615 2754 119 75 certain
756 2754 112 75 period
894 2754 41 75 of
952 2754 68 75 life,
1054 2754 95 75 when

172 2800 126 75 perfons
315 2800 36 75 of
373 2800 79 75 both
467 2800 92 75 fexes
576 2800 53 75 are
651 2800 136 75 enabled
805 2800 38 75 to
865 2800 44 75 do
925 2800 117 75 certain
1061 2800 62 75 ads
1136 2800 8 75 :

171 2846 87 75 thus,
283 2846 19 75 a
317 2846 73 75 man
407 2846 31 75 at
454 2846 116 75 twelve
585 2846 92 75 years
694 2846 40 75 of
753 2846 59 75 age
827 2846 101 75 ought
944 2846 35 75 to
995 2846 75 75 take
1092 2846 57 75 the

172 2892 76 75 oath
270 2892 41 75 of
330 2892 172 75 allegiance
524 2892 37 75 to
585 2892 55 75 the
663 2892 80 75 king
757 2892 31 75 in
806 2892 18 75 a
836 2892 88 75 leet;
951 2892 33 75 at
1000 2892 147 75 fourteen

168 2938 44 75 he
238 2938 73 75 may
337 2938 118 75 marry,
488 2938 95 75 chufe
610 2938 50 75 his
689 2938 164 75 guardian,
886 2938 63 75 and
975 2938 96 75 claim
1096 2938 50 75 his

173 2983 88 75 lands
273 2983 76 75 held
365 2983 32 75 in
407 2983 145 75 foecage.

219 3031 146 75 Vol.I.
410 3031 71 75 No.
500 3031 33 75 2.

1183 133 27 75 7
1265 133 22 75 )

1634 133 237 75 AGE

1302 203 220 75 Twenty-one
1538 203 27 75 is
1581 203 113 75 called,
1701 203 60 75 full
1779 203 70 75 age,
1875 203 19 75 a
1910 203 71 75 man
1994 203 38 75 or
2043 203 123 75 v/oman
2182 203 55 75 be-

1256 248 54 75 ing
1331 248 78 75 then
1432 248 131 75 capable
1585 248 40 75 of
1644 248 103 75 ading
1771 248 52 75 for
1841 248 204 75 themfelves,
2070 248 41 75 of
2129 248 107 75 mana-

1257 294 75 75 ging
1343 294 86 75 their
1444 294 120 75 affairs,
1589 294 129 75 making
1734 294 168 75 contrads,
1927 294 155 75 difpofing
2094 294 39 75 of
2151 294 86 75 their

1256 341 125 75 eftates,
1405 341 63 75 and
1483 341 56 75 the
1551 341 83 75 like.

1208 388 234 75 Age-prier,
1467 388 41 75 tet
1510 388 36 75 at
1548 388 48 75 sm
1609 388 118 75 precar
1729 388 24 75 i,
1779 388 122 75 inlaw,
1927 388 26 75 is
1966 388 92 75 when
2077 388 39 75 an
2132 388 103 75 adion

1256 433 93 75 being
1369 433 142 75 brought
1534 433 119 75 againft
1676 433 19 75 a
1716 433 112 75 perfon
1850 433 102 75 under
1972 433 72 75 age,
2068 433 52 75 for
2143 433 92 75 lands

1255 482 174 75 defeended
1449 482 38 75 to
1511 482 79 75 him,
1615 482 54 75 he,
1694 482 45 75 by
1761 482 122 75 motion
1904 482 40 75 or
1964 482 147 75 petition,
2136 482 98 75 (hews

1255 527 56 75 the
1334 527 116 75 matter
1474 527 35 75 to
1533 527 56 75 the
1613 527 104 75 court,
1743 527 133 75 praying
1899 527 57 75 the
1979 527 102 75 adion
2105 527 74 75 may
2195 527 40 75 be

1255 573 78 75 (laid
1357 573 49 75 till
1431 573 49 75 his
1505 573 61 75 full
1589 573 81 75 age;
1695 573 106 75 which
1825 573 56 75 the
1905 573 92 75 court
2021 573 163 75 generally
2201 573 33 75 a-

1254 621 89 75 grees
1361 621 47 75 to.

1207 666 84 75 Age
1310 666 44 75 of
1366 666 54 75 the
1442 666 101 75 moon,
1567 666 33 75 in
1617 666 190 75 afironomy,
1832 666 56 75 the
1911 666 77 75 time
2011 666 128 75 elapfed
2152 666 83 75 fince

1251 712 60 75 her
1324 712 56 75 laft
1396 712 202 75 conjundion
1615 712 79 75 with
1711 712 56 75 the
1780 712 68 75 fun.
1890 712 63 75 See
1966 712 267 75 Astronomy.

1205 761 187 75 AGEDA,
1418 761 31 75 in
1465 761 197 75 geography,
1680 761 19 75 a
1714 761 89 75 fmall
1819 761 87 75 town
1923 761 62 75 and
2002 761 84 75 river
2101 761 40 75 of
2153 761 80 75 Por-

1254 805 100 75 tugal,
1379 805 134 75 fituated
1529 805 32 75 in
1573 805 56 75 the
1645 805 148 75 province
1810 805 40 75 of
1868 805 130 75 Beiran,
2023 805 145 75 between
2178 805 56 75 the

1253 852 89 75 cities
1360 852 40 75 of
1419 852 128 75 Oporto
1564 852 62 75 and
1643 852 167 75 Coimbra.

1206 900 190 75 AGEMA,
1422 900 32 75 in
1475 900 218 75 Macedonian
1706 900 172 75 antiquity,
1903 900 65 75 was
1981 900 117 75 a.body
2114 900 40 75 of
2171 900 63 75 fol-

1253 944 103 75 diery,
1382 944 57 75 not
1455 944 109 75 unlike
1575 944 56 75 the
1643 944 127 75 Roman
1781 944 121 75 legion.
1950 944 64 75 See
2031 944 174 75 Legion.

1205 993 359 75 AGEMOGLANS,
1598 993 37 75 or
1662 993 308 75 Agjamoglans,
2004 993 39 75 or
2068 993 166 75 Azamo-

1254 1038 137 75 glans,
1423 1038 34 75 in
1481 1038 56 75 the
1559 1038 142 75 Turkiflr
1725 1038 149 75 cuftoms,
1905 1038 159 75 Chriftian
2089 1038 146 75 children

1252 1085 102 75 raifed
1376 1085 97 75 every
1488 1085 90 75 third
1600 1085 87 75 year,
1713 1085 44 75 by
1772 1085 72 75 way
1860 1085 40 75 of
1917 1085 132 75 tribute,
2076 1085 87 75 from
2178 1085 56 75 the

1252 1130 175 75 Chriflians
1439 1130 160 75 tolerated
1614 1130 32 75 in
1663 1130 55 75 the
1732 1130 141 75 Turkifli
1889 1130 132 75 empire.

1204 1179 151 75 AGEN,
1381 1179 39 75 an
1436 1179 126 75 ancient
1577 1179 68 75 city
1667 1179 41 75 of
1727 1179 135 75 France,
1886 1179 33 75 in
1944 1179 55 75 the
2025 1179 150 75 province
2198 1179 42 75 of

1252 1225 161 75 Guienne,
1439 1225 134 75 fituated
1587 1225 42 75 on
1646 1225 56 75 the
1720 1225 81 75 river
1818 1225 183 75 Garronne,
2030 1225 96 75 about
2148 1225 85 75 fixty

1252 1270 90 75 miles
1361 1270 36 75 S.
1416 1270 44 75 E.
1478 1270 40 75 of
1537 1270 209 75 Bourdeaux.
1796 1270 32 75 It
1844 1270 27 75 is
1889 1270 18 75 a
1924 1270 135 75 biftiop’s
2081 1270 63 75 fee,
2170 1270 64 75 and

1252 1316 55 75 the
1318 1316 116 75 capital
1446 1316 40 75 of
1504 1316 57 75 the
1576 1316 159 75 Agenois.

1204 1364 223 75 AGENDA,
1459 1364 115 75 among
1601 1364 217 75 philofophers
1844 1364 63 75 and
1932 1364 135 75 divines,
2097 1364 136 75 fignifies

1248 1409 59 75 the
1329 1409 106 75 duties
1460 1409 105 75 which
1589 1409 19 75 a
1631 1409 72 75 man
1727 1409 59 75 lies
1810 1409 102 75 under
1934 1409 41 75 an
1997 1409 176 75 obligation
2197 1409 35 75 to

1251 1456 161 75 perform:
1438 1456 89 75 thus,
1551 1456 50 75 we
1616 1456 85 75 meet
1724 1456 79 75 with
1826 1456 56 75 the
1904 1456 122 75 agenda
2040 1456 40 75 of
2099 1456 19 75 a
2133 1456 98 75 Chri-

1253 1501 89 75 (tian,
1367 1501 38 75 or
1419 1501 56 75 the
1492 1501 104 75 duties
1612 1501 41 75 he
1670 1501 100 75 ought
1787 1501 35 75 to
1832 1501 155 75 perform,
2012 1501 31 75 in
2056 1501 175 75 oppofition

1252 1548 36 75 to
1304 1548 55 75 the
1375 1548 169 75 credenda,
1569 1548 38 75 or
1623 1548 106 75 things
1746 1548 41 75 he
1803 1548 27 75 is
1847 1548 36 75 to
1899 1548 135 75 believe.

1204 1595 180 75 Agenda,
1409 1595 116 75 among
1541 1595 193 75 merchants,
1760 1595 19 75 a
1794 1595 82 75 term
1891 1595 180 75 fometimes
2088 1595 76 75 ufed
2180 1595 52 75 for

1252 1640 19 75 a
1286 1640 237 75 memorandum
1541 1640 98 75 book,
1663 1640 155 75 in,which
1830 1640 26 75 is
1873 1640 46 75 fet
1934 1640 94 75 down
2041 1640 43 75 all
2099 1640 57 75 the
2172 1640 58 75 btv-

1249 1687 93 75 finefs
1359 1687 35 75 to
1414 1687 39 75 be
1469 1687 178 75 tranfaded
1661 1687 115 75 during
1787 1687 56 75 the
1858 1687 76 75 day,
1959 1687 105 75 either
2088 1687 32 75 at
2136 1687 96 75 home

1253 1732 37 75 or
1306 1732 132 75 abroad.

1202 1781 272 75 AGENHINE,
1500 1781 56 75 the
1573 1781 83 75 fame
1672 1781 80 75 with
1763 1781 193 75 hogenhine.
1997 1781 63 75 See
2072 1781 156 75 HogeN-

1254 1826 105 75 hine.

1202 1874 230 75 AGENOIS.
1483 1874 61 75 See
1559 1874 127 75 Agen.

1202 1920 272 75 AGENGRIA,
1504 1920 33 75 in
1560 1920 201 75 mythology,
1794 1920 55 75 the
1872 1920 133 75 goddefs
2032 1920 42 75 of
2092 1920 137 75 courage

1246 1964 65 75 and
1325 1964 154 75 induilry,
1505 1964 33 75 as
1555 1964 134 75 Vacuna
1699 1964 64 75 was
1780 1964 41 75 of
1837 1964 180 75 indolence.

1201 2012 187 75 AGENT,
1413 2012 33 75 in
1462 2012 19 75 a
1496 2012 128 75 general
1643 2012 97 75 fenfe,
1765 2012 132 75 denotes
1921 2012 62 75 any
2000 2012 98 75 adive
2121 2012 108 75 power

1249 2056 37 75 or
1300 2056 103 75 caufe.
1451 2056 127 75 Agents
1594 2056 54 75 are
1664 2056 104 75 either
1787 2056 124 75 natural
1934 2056 37 75 or
1995 2056 114 75 moral.
2158 2056 69 75 Na-

1249 2104 82 75 tural
1344 2104 109 75 agents
1470 2104 52 75 are
1539 2104 75 75 fuch
1631 2104 178 75 inanimate,
1817 2104 110 75 bodies
1944 2104 33 75 as
1993 2104 80 75 have
2090 2104 18 75 a
2120 2104 109 75 power

1248 2150 34 75 to
1298 2150 49 75 ad
1364 2150 84 75 upon
1465 2150 94 75 other
1574 2150 111 75 bodies
1702 2150 31 75 in
1756 2150 17 75 a
1790 2150 120 75 certain
1934 2150 63 75 and
2019 2150 208 75 determinate

1248 2197 139 75 manner,
1413 2197 34 75 as
1464 2197 138 75 gravity,
1626 2197 70 75 fire,
1722 2197 65 75 <bc.
1836 2197 111 75 Moral
1963 2197 122 75 agents,
2114 2197 42 75 on
2172 2197 56 75 the

1248 2244 160 75 contrary,
1434 2244 52 75 are
1504 2244 134 75 rational
1654 2244 174 75 creatures,
1852 2244 130 75 capable
1998 2244 41 75 of
2049 2244 179 75 regulating

1247 2289 85 75 their
1348 2289 117 75 adions
1483 2289 44 75 by
1542 2289 20 75 a
1577 2289 119 75 certain
1709 2289 80 75 rule.

1199 2336 155 75 Agent,
1378 2336 26 75 is
1422 2336 65 75 alfo
1504 2336 76 75 ufed
1595 2336 34 75 to
1650 2336 118 75 denote
1792 2336 19 75 a
1834 2336 111 75 perfon
1969 2336 153 75 intruded
2145 2336 80 75 with

1246 2382 55 75 the
1317 2382 220 75 management
1553 2382 40 75 of
1612 2382 40 75 an
1668 2382 105 75 affair,
1799 2382 144 75 whether
1967 2382 171 75 belonging
2154 2382 36 75 to
2207 2382 19 75 a

1246 2428 130 75 fociety,
1395 2428 166 75 company,
1579 2428 38 75 or
1635 2428 122 75 private
1773 2428 123 75 perfon.

1198 2475 161 75 Agents
1378 2475 44 75 of
1434 2475 82 75 bank
1531 2475 70 75 and
1614 2475 170 75 exchange,
1807 2475 35 75 in
1861 2475 56 75 the
1940 2475 202 75 commercial
2165 2475 58 75 po-

1245 2520 60 75 lity
1320 2520 41 75 of
1371 2520 134 75 France,
1530 2520 53 75 are
1599 2520 96 75 much
1708 2520 55 75 the
1778 2520 84 75 fame
1877 2520 80 75 with
1969 2520 60 75 our
2044 2520 179 75 exchange-

1246 2569 146 75 brokers.

1198 2613 140 75 Agent
1355 2613 70 75 and
1430 2613 141 75 patient,
1596 2613 33 75 in
1644 2613 75 75 law,
1744 2613 27 75 is
1788 2613 65 75 faid
1872 2613 42 75 of
1932 2613 18 75 a
1969 2613 112 75 perfon
2101 2613 75 75 who
2195 2613 27 75 is

1245 2661 55 75 the
1316 2661 79 75 doer
1409 2661 41 75 of
1466 2661 19 75 a
1501 2661 104 75 thing,
1632 2661 63 75 and
1716 2661 66 75 alfo
1797 2661 56 75 the
1870 2661 94 75 party
1980 2661 35 75 to
2031 2661 107 75 whom
2153 2661 26 75 it
2194 2661 29 75 is

1244 2707 95 75 done.

1197 2754 159 75 Agents
1376 2754 35 75 in
1424 2754 104 75 rebus,
1553 2754 32 75 in
1603 2754 171 75 antiquity,
1792 2754 132 75 fignifies
1937 2754 124 75 officers
2078 2754 143 75 employ-

1243 2799 42 75 ed
1300 2799 101 75 under
1416 2799 56 75 the
1492 2799 160 75 empeiors
1677 2799 40 75 of
1735 2799 273 75 Conftantinople,
2033 2799 62 75 and
2110 2799 111 75 differ-

1243 2845 54 75 ing
1320 2845 77 75 only
1420 2845 32 75 in
1477 2845 91 75 name
1591 2845 84 75 from
1699 2845 55 75 the
1777 2845 213 75 frumentarii,
2015 2845 106 75 whom
2142 2845 80 75 they

1242 2893 185 75 fucceeded.
1475 2893 63 75 See
1554 2893 297 75 Frumentarii.

1194 2940 149 75 AGER,
1369 2940 32 75 in
1424 2940 128 75 Roman
1569 2940 172 75 antiquity,
1767 2940 18 75 a
1800 2940 119 75 certain
1943 2940 127 75 portion
2086 2940 41 75 of
2143 2940 78 75 land

1243 2987 135 75 allowed
1394 2987 36 75 to
1445 2987 78 75 each
1540 2987 130 75 citizen.
1722 2987 60 75 See
1797 2987 211 75 Agrarian
2027 2987 104 75 Law.

1298 3039 18 75 -

1709 3039 34 75 K

2091 3039 126 75 Acer,

1033 3044 16 75 3
