2498 3377
227 152 101 75 Part
347 152 73 75 VI.

797 152 360 75 ANA

223 223 84 75 their
323 223 179 75 infertions,
521 223 106 75 which
643 223 53 75 are
712 223 33 75 in
757 223 20 75 a
792 223 150 75 contrary
954 223 152 75 dire&ion
1118 223 35 75 to
1165 223 91 75 thofe

222 270 41 75 of
282 270 56 75 the
355 270 89 75 refti,
469 270 83 75 their
570 270 87 75 fixed
679 270 105 75 points
801 270 79 75 with
899 270 134 75 relation
1056 270 35 75 to
1114 270 56 75 the
1187 270 68 75 mo-

222 316 86 75 tions
336 316 41 75 of
395 316 55 75 the
474 316 94 75 globe
596 316 94 75 being
717 316 111 75 placed
857 316 152 75 forward,
1035 316 63 75 and
1114 316 91 75 thofe
1221 316 40 75 of

221 363 56 75 the
295 363 74 75 refti
390 363 182 75 backward,
598 363 34 75 at
648 363 56 75 the
719 363 126 75 bottom
861 363 40 75 of
919 363 59 75 the
992 363 99 75 orbit.

272 410 76 75 The
366 410 102 75 redhis
485 410 166 75 externus,
680 410 44 75 by
742 410 93 75 being
852 410 77 75 bent
944 410 42 75 on
1003 410 55 75 the
1074 410 107 75 globe,
1200 410 57 75 not

221 456 77 75 only
313 456 130 75 hinders
459 456 26 75 it
500 456 86 75 from
601 456 96 75 being
715 456 125 75 carried
855 456 158 75 outward,
1038 456 58 75 but
1108 456 64 75 alfo
1184 456 72 75 pre-

221 502 90 75 vents
328 502 55 75 the
399 502 133 75 indiredt
560 502 139 75 motions
721 502 41 75 of
780 502 56 75 the
860 502 124 75 obliqui
1001 502 84 75 from
1101 502 156 75 thruiling

221 549 27 75 it
264 549 58 75 out
337 549 42 75 of
395 549 58 75 the
469 549 86 75 orbit
568 549 125 75 toward
708 549 56 75 the
780 549 147 75 temples.

223 653 7 75 '
230 653 60 75 The
303 653 256 75 Super.cii,*a,
585 653 265 75 «k</Muscui,i
866 653 245 75 Frontales,
1136 653 120 75 Occi-

435 701 171 75 PITALES,
630 701 69 75 and
714 701 328 75 SUPERCILIARES.

265 781 79 75 The
358 781 178 75 fupercilia,
554 781 38 75 or
609 781 194 75 eye-brows,
822 781 52 75 are
891 781 55 75 the
958 781 66 75 two
1039 781 94 75 hairy
1144 781 112 75 arches

222 826 137 75 fituated
374 826 33 75 at
430 826 55 75 the
512 826 101 75 lower
628 826 71 75 part
715 826 41 75 of
774 826 64 75 the'
838 826 172 75 forehead,
1037 826 143 75 between
1199 826 57 75 the

221 873 55 75 top
293 873 41 75 of
353 873 55 75 the
423 873 74 75 nofe
514 873 62 75 and
599 873 148 75 temples,
776 873 32 75 in
834 873 55 75 the
906 873 82 75 fame
1004 873 153 75 direction
1174 873 79 75 with

219 919 55 75 the
291 919 86 75 bony
393 919 110 75 arches
531 919 105 75 which
665 919 83 75 form
776 919 56 75 the
860 919 141 75 fuperior
1026 919 97 75 edges
1139 919 40 75 of
1198 919 56 75 the

216 966 116 75 orbits.
379 966 106 75 Their
513 966 112 75 colour
652 966 26 75 is
706 966 151 75 different
884 966 32 75 in
944 966 150 75 different
1110 966 142 75 perfons,

218 1012 61 75 and
297 1012 91 75 often
405 1012 33 75 in
454 1012 56 75 the
526 1012 83 75 fame
633 1012 113 75 perfon
771 1012 152 75 different
940 1012 86 75 from
1048 1012 71 75 that
1136 1012 39 75 of
1195 1012 57 75 the

217 1059 70 75 hair
303 1059 42 75 on
374 1059 56 75 the
456 1059 103 75 head:
588 1059 54 75 the
669 1059 85 75 hairs
781 1059 42 75 of
841 1059 105 75 which
969 1059 79 75 they
1072 1059 109 75 confift
1197 1059 54 75 are

217 1106 107 75 ftrong
340 1106 61 75 and
418 1106 107 75 pretty
539 1106 76 75 fliff,
641 1106 63 75 and
720 1106 77 75 they
808 1106 41 75 lie
865 1106 177 75 obliquely,
1067 1106 84 75 their
1163 1106 88 75 roots

216 1152 95 75 being
327 1152 115 75 turned
457 1152 35 75 to
508 1152 56 75 the
580 1152 87 75 nofe,
691 1152 63 75 and
769 1152 84 75 their
867 1152 104 75 points
983 1152 36 75 to
1032 1152 54 75 the
1103 1152 147 75 temples.

262 1198 76 75 The
362 1198 166 75 fupercilia
554 1198 81 75 have
658 1198 140 75 motions
826 1198 149 75 common
1007 1198 34 75 to
1065 1198 90 75 them
1171 1198 81 75 with

215 1246 89 75 thofe
321 1246 41 75 of
380 1246 55 75 the
451 1246 66 75 fkin
534 1246 39 75 of
586 1246 55 75 the
657 1246 169 75 forehead,
850 1246 63 75 and
930 1246 39 75 of
975 1246 55 75 the
1046 1246 93 75 hairy
1151 1246 96 75 fealp.

215 1294 53 75 By
284 1294 86 75 thefe
385 1294 138 75 motions
535 1294 55 75 the
606 1294 182 75 eye-brows
804 1294 53 75 are
873 1294 46 75 lifi
927 1294 41 75 ed
983 1294 56 75 up,
1064 1294 55 75 the
1135 1294 66 75 fkin
1215 1294 41 75 of

214 1338 55 75 the
286 1338 154 75 forehead
455 1338 27 75 is
495 1338 157 75 wrinkled
668 1338 89 75 more
773 1338 35 75 or
826 1338 60 75 lefs
903 1338 160 75 regularly
1075 1338 62 75 and
1149 1338 99 75 tranf-

213 1384 124 75 verfely
384 1384 63 75 and
463 1384 55 75 the
533 1384 70 75 hair
620 1384 63 75 and
705 1384 110 75 almolt
838 1384 56 75 the
917 1384 104 75 whole
1035 1384 18 75 i'
1053 1384 67 75 calp
1136 1384 27 75 is
1179 1384 72 75 mo-

214 1430 75 75 ved,
314 1430 60 75 but
389 1430 58 75 not
470 1430 32 75 in
530 1430 55 75 the
611 1430 84 75 fame
722 1430 115 75 degree
864 1430 33 75 in
922 1430 42 75 ail
981 1430 140 75 perfons.
1170 1430 80 75 The

214 1476 179 75 eye-brows
421 1476 80 75 have
528 1476 139 75 likewife
694 1476 171 75 particular
893 1476 138 75 motions
1047 1476 106 75 which
1170 1476 73 75 con-

214 1523 79 75 trad
310 1523 55 75 the
381 1523 66 75 fkin
465 1523 99 75 above
582 1523 56 75 the
654 1523 184 75 nofe;-and
855 1523 42 75 all
913 1523 88 75 thefe
1016 1523 149 75 different
1177 1523 68 75 mo-

214 1570 84 75 tions
314 1570 54 75 are
384 1570 184 75 performed
589 1570 45 75 by
649 1570 56 75 the
722 1570 165 75 following
903 1570 143 75 mufcles.

259 1616 76 75 The
350 1616 119 75 frontal
485 1616 134 75 mufcles
635 1616 52 75 are
700 1616 65 75 two
781 1616 83 75 thin,
888 1616 113 75 broad,
1025 1616 97 75 fiefhy
1136 1616 108 75 planes

213 1663 40 75 of
270 1663 138 75 unequal
435 1663 139 75 lengths,
599 1663 88 75 lying
714 1663 216 75 immediately
956 1663 119 75 behind
1099 1663 55 75 the
1177 1663 66 75 fkin

212 1709 62 75 and
290 1709 182 75 membrana
488 1709 138 75 adipofa,
652 1709 41 75 on
710 1709 54 75 the
777 1709 140 75 anterior
933 1709 87 75 parts
1036 1709 40 75 of
1086 1709 56 75 the
1159 1709 85 75 fore-

211 1756 96 75 head,
332 1756 105 75 which
453 1756 90 75 parts
561 1756 79 75 they
655 1756 95 75 cover
772 1756 86 75 from
874 1756 56 75 the
946 1756 71 75 root
1034 1756 40 75 of
1086 1756 54 75 the
1156 1756 87 75 r.ofe,

211 1802 63 75 and
298 1802 140 75 through
467 1802 97 75 about
592 1802 66 75 two
686 1802 103 75 thirds
818 1802 40 75 of
876 1802 55 75 the
948 1802 74 75 arch
1039 1802 41 75 of
1097 1802 57 75 the
1170 1802 73 75 eye-

210 1849 105 75 brows
331 1849 41 75 on
389 1849 76 75 each
483 1849 74 75 fide,
582 1849 42 75 all
641 1849 56 75 the
712 1849 119 75 way,to
842 1849 56 75 the
910 1849 111 75 lateral
1034 1849 86 75 parts
1137 1849 39 75 of
1188 1849 55 75 the

208 1896 73 75 hair,
306 1896 42 75 on
375 1896 56 75 the
457 1896 165 75 forehead.
679 1896 47 75 At
753 1896 55 75 the
835 1896 71 75 root
924 1896 39 75 of
981 1896 55 75 the
1064 1896 75 75 nofe
1164 1896 80 75 they

209 1943 97 75 touch
327 1943 77 75 each
421 1943 94 75 other
530 1943 33 75 as
580 1943 31 75 if
621 1943 78 75 they
715 1943 82 75 were
814 1943 58 75 but
888 1943 60 75 one
965 1943 138 75 mufcle;
1130 1943 63 75 and
1209 1943 34 75 at

207 1990 65 75 this
289 1990 88 75 place
400 1990 86 75 their
500 1990 93 75 fibres
610 1990 53 75 are
686 1990 87 75 fhort
788 1990 63 75 and
867 1990 225 75 longitudinal,
1117 1990 39 75 or
1169 1990 73 75 ver-

209 2035 90 75 tical.

254 2082 108 75 Thefe
384 2082 133 75 mufcles
534 2082 53 75 are
603 2082 86 75 fixed
706 2082 51 75 by
766 2082 56 75 the
838 2082 133 75 inferior
989 2082 198 75 extremities
1204 2082 42 75 of

206 2127 84 75 their
306 2127 96 75 ffefhy
417 2127 94 75 fibres
539 2127 218 75 immediately
772 2127 32 75 in
828 2127 55 75 the
898 2127 79 75 ilcin,
1002 2127 136 75 running
1153 2127 87 75 thro’

206 2173 56 75 the
278 2173 183 75 membrana
477 2173 137 75 adipofa.
663 2173 99 75 They
786 2173 95 75 cover
907 2173 54 75 the
977 2173 130 75 mufculi
1132 2173 105 75 fuper-

205 2220 137 75 ciliares,
367 2220 62 75 and
446 2220 116 75 adhere
589 2220 117 75 clofely
732 2220 36 75 to
791 2220 89 75 them
902 2220 44 75 by
962 2220 19 75 a
995 2220 78 75 kind
1088 2220 39 75 of
1139 2220 97 75 inter-

205 2267 144 75 texture.
397 2267 53 75 By
465 2267 55 75 the
537 2267 82 75 fame
639 2267 94 75 fibres
752 2267 79 75 they
847 2267 82 75 feem
946 2267 36 75 to
995 2267 42 75 be
1052 2267 137 75 inferted
1205 2267 33 75 in

204 2314 56 75 the
277 2314 130 75 angular
423 2314 172 75 apophyfes
611 2314 40 75 of
661 2314 55 75 the
736 2314 36 75 os
788 2314 128 75 frontis,
940 2314 63 75 and
1019 2314 35 75 to
1069 2314 40 75 be
1124 2314 114 75 blend-

205 2360 41 75 ed
273 2360 18 75 a
317 2360 85 75 little
429 2360 78 75 with
535 2360 56 75 the
618 2360 132 75 mufcles
766 2360 41 75 of
817 2360 55 75 the
887 2360 156 75 palpebrae
1059 2360 63 75 and
1149 2360 87 75 nofe;

204 2406 76 75 The
296 2406 99 75 upper
422 2406 198 75 extremities
644 2406 38 75 of
701 2406 85 75 their
809 2406 95 75 flefhy
923 2406 94 75 fibres
1032 2406 53 75 are
1101 2406 87 75 fixed
1204 2406 33 75 in

203 2451 56 75 the
276 2451 146 75 external
438 2451 37 75 or
492 2451 123 75 convex
631 2451 121 75 furface
768 2451 41 75 of
827 2451 55 75 the
898 2451 223 75 pericranium.
1145 2451 92 75 Each

205 2499 40 75 of
263 2499 86 75 their
370 2499 112 75 lateral
499 2499 142 75 portions
658 2499 109 75 covers
785 2499 18 75 a
816 2499 124 75 portion
954 2499 44 75 of
1009 2499 54 75 the
1079 2499 158 75 temporal

204 2544 117 75 mufcle
347 2544 42 75 on
414 2544 55 75 the
485 2544 83 75 fame
591 2544 76 75 fide,
691 2544 61 75 and
769 2544 133 75 adheres
917 2544 79 75 very
1011 2544 117 75 clotely
1145 2544 35 75 to
1195 2544 40 75 it.

250 2591 77 75 The
340 2591 148 75 occipital
501 2591 131 75 mufcles
650 2591 52 75 are
718 2591 71 75 tv/o
799 2591 102 75 fmall,
927 2591 82 75 thin,
1034 2591 113 75 broad,
1173 2591 62 75 and

201 2637 79 75 very
302 2637 85 75 Ihort
403 2637 95 75 flelhy
521 2637 126 75 planes,>
667 2637 132 75 fituated
825 2637 43 75 on
890 2637 55 75 the
966 2637 112 75 lateral
1096 2637 86 75 parts
1200 2637 41 75 of

201 2684 57 75 the
284 2684 140 75 occiput,
449 2684 33 75 at
505 2684 85 75 fome
612 2684 137 75 difiance
776 2684 84 75 from
886 2684 77 75 each
980 2684 107 75 other.
1135 2684 100 75 They

202 2729 53 75 are
263 2729 136 75 inferted
412 2729 42 75 by
465 2729 56 75 the
532 2729 133 75 inferior
680 2729 197 75 extremities
889 2729 41 75 of
936 2729 84 75 their
1025 2729 102 75 .flelhy
1138 2729 95 75 fibres

202 2776 31 75 in
246 2776 55 75 the
318 2776 141 75 fuperior
476 2776 171 75 tranfverfe
661 2776 66 75 line
743 2776 41 75 of
801 2776 55 75 the
874 2776 34 75 os
925 2776 157 75 occipitis,
1108 2776 62 75 and
1186 2776 45 75 al-

202 2821 33 75 fo
252 2821 19 75 a
286 2821 83 75 little
386 2821 100 75 above
503 2821 37 75 it.
590 2821 98 75 From
711 2821 114 75 thence
842 2821 77 75 they
934 2821 59 75 run
1009 2821 44 75 up
1069 2821 166 75 obliquely

200 2867 85 75 from
309 2867 117 75 behind
452 2867 152 75 forv/ard,
630 2867 62 75 and
714 2867 53 75 are
780 2867 87 75 fixed
878 2867 31 75 in
925 2867 56 75 the
988 2867 92 75 inner
1096 2867 137 75 concave

201 2914 123 75 furface
341 2914 41 75 of
392 2914 55 75 the
463 2914 223 75 pericranium.

246 2961 75 75 The
337 2961 134 75 breadth
488 2961 41 75 of
546 2961 87 75 thefe
657 2961 132 75 mufcles
811 2961 130 75 reaches
958 2961 84 75 from
1059 2961 54 75 the
1130 2961 101 75 pofie-

202 3006 64 75 riar
281 3006 120 75 middle
417 3006 72 75 part
515 3006 41 75 of
574 3006 55 75 the
656 3006 140 75 occiput,
819 3006 125 75 toward
959 3006 69 75 the.
1037 3006 137 75 mafioid
1197 3006 33 75 a-

1273 147 39 75 T
1428 147 42 75 O
1586 147 50 75 M
1751 147 49 75 Y.

2263 147 85 75 29*

1305 220 157 75 pophyfis,
1488 220 64 75 and
1568 220 79 75 they
1671 220 146 75 diminilh
1843 220 176 75 unequally
2039 220 33 75 in
2087 220 110 75 length
2214 220 34 75 as
2266 220 80 75 they

1305 265 159 75 approach
1480 265 55 75 the
1552 265 187 75 apophyfes.

1350 313 108 75 Thefe
1474 313 74 75 four
1564 313 132 75 mufcles
1714 313 83 75 feem
1813 313 119 75 always
1949 313 34 75 to
2000 313 49 75 a<St
2064 313 33 75 in
2116 313 143 75 concert,
2285 313 55 75 the

1302 360 182 75 occipitales
1500 360 95 75 being
1611 360 77 75 only
1703 360 182 75 auxiliaries
1910 360 38 75 or
1964 360 147 75 aflifiants
2128 360 35 75 to
2179 360 55 75 the
2252 360 88 75 fron-

1303 405 92 75 tales,
1420 405 56 75 the
1491 405 93 75 office
1607 405 40 75 of
1665 405 114 75 which
1799 405 27 75 is
1851 405 35 75 to
1914 405 79 75 raife
2017 405 55 75 the
2095 405 177 75 fupercilia,
2296 405 44 75 by

1303 451 170 75 wrinkling
1487 451 56 75 the
1559 451 65 75 fldn
1648 451 41 75 of
1700 451 56 75 the
1772 451 165 75 forehead.

1350 498 76 75 The
1442 498 130 75 mufculi
1590 498 215 75 fuperciliares
1833 498 54 75 are
1903 498 96 75 fleftiy
2025 498 153 75 fafciculi,
2204 498 135 75 fituated

1304 544 121 75 behind
1440 544 55 75 the
1512 544 178 75 fupercilia,
1716 544 63 75 and
1802 544 116 75 behind
1937 544 55 75 the
2008 544 134 75 inferior
2157 544 129 75 portion
2302 544 42 75 of

1306 590 55 75 the
1373 590 131 75 mufculi
1521 590 167 75 frontales,
1705 590 86 75 from
1806 590 56 75 the
1880 590 72 75 root
1968 590 40 75 of
2023 590 54 75 the
2093 590 74 75 nofe
2185 590 35 75 to
2237 590 101 75 above

1304 637 61 75 one
1381 637 74 75 half
1470 637 41 75 of
1521 637 79 75 each
1622 637 204 75 fuperciliary
1841 637 88 75 arch.
1989 637 100 75 They
2114 637 53 75 are
2194 637 149 75 ftrongly-

1304 685 150 75 inferted,
1477 685 106 75 partly
1597 685 32 75 in
1648 685 55 75 the
1723 685 206 75 fynarthrofis
1949 685 39 75 of
2003 685 55 75 the
2074 685 64 75 olfa
2153 685 74 75 nafi,
2256 685 79 75 with

1304 730 55 75 the
1368 730 36 75 os
1417 730 126 75 frontis,
1561 730 107 75 where
1679 730 77 75 they
1766 730 90 75 come
1868 730 79 75 very
1957 730 76 75 near
2049 730 56 75 the
2121 730 117 75 proper
2250 730 84 75 muf-

1303 777 65 75 cles
1395 777 42 75 of
1450 777 56 75 the
1533 777 86 75 nofe,
1656 777 63 75 and
1747 777 106 75 partly
1875 777 32 75 in
1936 777 19 75 a
1985 777 88 75 fmall
2102 777 234 75 neighbouring

1302 825 128 75 portion
1446 825 39 75 of
1497 825 55 75 the
1569 825 98 75 orbit.
1732 825 98 75 From
1853 825 122 75 thence-
1990 825 79 75 they
2092 825 63 75 firfi
2178 825 57 75 run
2256 825 42 75 up
2315 825 20 75 a

1302 870 96 75 little,
1417 870 63 75 and
1495 870 190 75 afterwards
1700 870 89 75 more
1805 870 38 75 or
1858 870 59 75 lefs
1935 870 32 75 in
1985 870 55 75 the
2056 870 154 75 diredtion
2226 870 40 75 of
2277 870 57 75 the

1301 918 195 75 eye-brows.
1544 918 99 75 They
1658 918 56 75 are
1728 918 93 75 made
1836 918 43 75 up
1896 918 40 75 of
1947 918 117 75 feveral
2083 918 90 75 finall
2190 918 143 75 fafciculi

1301 963 40 75 of
1356 963 131 75 oblique
1502 963 108 75 fibres,
1636 963 43 75 all
1695 963 89 75 fixed
1801 963 43 75 by
1861 963 60 75 one
1937 963 64 75 end
2015 963 34 75 in
2065 963 55 75 the
2137 963 131 75 manner
2285 963 47 75 al-

1301 1010 98 75 ready
1414 1010 78 75 faid,
1518 1010 62 75 and
1597 1010 42 75 by
1654 1010 55 75 the
1725 1010 95 75 other
1844 1010 104 75 partly
1975 1010 33 75 in
2025 1010 55 75 the
2106 1010 98 75 lower
2221 1010 110 75 extre-

1300 1056 80 75 mity
1405 1056 41 75 of
1467 1056 55 75 the
1547 1056 133 75 mufcles
1708 1056 44 75 by
1775 1056 105 75 which
1904 1056 78 75 they
2004 1056 54 75 are
2083 1056 149 75 covered,
2269 1056 63 75 and

1298 1103 107 75 partly
1420 1103 31 75 in
1469 1103 55 75 the
1540 1103 67 75 fldn
1631 1103 40 75 of
1683 1103 55 75 the
1754 1103 179 75 fupercilia.

1345 1150 75 75 The
1437 1150 103 75 aftion
1556 1150 40 75 of
1618 1150 89 75 thefe
1732 1150 132 75 mufcles
1892 1150 27 75 is
1951 1150 36 75 to
2010 1150 127 75 deprefs
2165 1150 56 75 the
2253 1150 75 75 eye-

1299 1197 117 75 brows,
1442 1197 35 75 to
1492 1197 93 75 bring
1596 1197 88 75 them
1701 1197 83 75 clofe
1800 1197 161 75 together,
1986 1197 63 75 and
2064 1197 35 75 to
2116 1197 140 75 contradt
2273 1197 56 75 the

1298 1243 65 75 fldn
1381 1243 40 75 of
1431 1243 55 75 the
1503 1243 170 75 fore-head
1699 1243 216 75 immediately
1938 1243 99 75 above
2065 1243 54 75 the
2147 1243 87 75 nofe,
2259 1243 69 75 into

1296 1291 211 75 longitudinal
1525 1291 63 75 and
1612 1291 130 75 oblique
1769 1291 163 75 wrinkles,
1958 1291 62 75 and
2048 1291 55 75 the
2131 1291 65 75 fldn
2221 1291 107 75 which

1297 1336 111 75 covers
1429 1336 55 75 the
1512 1336 74 75 root
1613 1336 40 75 of
1676 1336 55 75 the
1759 1336 74 75 nofe
1865 1336 70 75 into
1972 1336 156 75 irregular
2156 1336 172 75 tranfverfe

1299 1384 164 75 wrinkles.

1319 1489 66 75 The
1408 1489 215 75 Palpe^r.®
1738 1489 227 75 Membrana
1991 1489 299 75 Conjunctiva,

1338 1569 84 75 The
1442 1569 157 75 palpebne
1616 1569 53 75 are
1693 1569 19 75 a
1737 1569 78 75 kind
1839 1569 40 75 of
1894 1569 80 75 veils
1998 1569 38 75 or
2056 1569 137 75 curtains
2210 1569 130 75 placed'

1292 1615 206 75 tranfverfely
1515 1615 99 75 above
1631 1615 62 75 and
1710 1615 104 75 below
1837 1615 56 75 the
1918 1615 139 75 anterior
2072 1615 128 75 portion
2216 1615 40 75 of
2268 1615 55 75 the

1293 1662 94 75 globe
1409 1662 42 75 of
1469 1662 55 75 the
1540 1662 94 75 eye;:
1645 1662 61 75 and
1734 1662 213 75 accordingly-
1962 1662 90 75 there
2075 1662 53 75 are
2152 1662 68 75 two
2247 1662 75 75 eye-

1292 1708 60 75 lids
1369 1708 35 75 to
1420 1708 79 75 each
1514 1708 71 75 eye,
1611 1708 60 75 one
1686 1708 154 75 fuperior,
1864 1708 55 75 the
1935 1708 94 75 other
2052 1708 145 75 inferior.
2245 1708 24 75 7
2280 1708 42 75 he

1292 1754 141 75 fuperior
1447 1754 26 75 is
1491 1754 54 75 the
1561 1754 114 75 largeft
1691 1754 62 75 and
1768 1754 80 75 moft
1863 1754 164 75 moveable
2043 1754 32 75 in
2088 1754 86 75 man.
2221 1754 102 75 They

1293 1800 78 75 both
1388 1800 88 75 unite
1501 1800 32 75 at
1557 1800 157 75 each-fide
1739 1800 40 75 of
1797 1800 56 75 the
1872 1800 108 75 globe,
2006 1800 70 75 and.
2084 1800 55 75 the
2156 1800 103 75 places
2285 1800 40 75 of

1291 1847 84 75 their
1391 1847 99 75 union
1515 1847 53 75 are
1596 1847 126 75 termed
1736 1847 123 75 angles,
1886 1847 61 75 one
1974 1847 88 75 large
2090 1847 63 75 and
2169 1847 152 75 internal,

1290 1894 104 75 which
1421 1894 27 75 is
1477 1894 80 75 next
1583 1894 58 75 the
1667 1894 87 75 nofe,
1779 1894 55 75 the
1861 1894 94 75 other
1978 1894 89 75 fmall
2079 1868 6 104 ■
2095 1894 38 75 or
2159 1894 159 75 external,

1290 1941 109 75 which
1412 1941 26 75 is
1454 1941 80 75 next
1550 1941 56 75 the
1623 1941 148 75 temples.

1335 1988 75 75 The
1427 1988 164 75 palpebrse-
1610 1988 55 75 are
1692 1988 91 75 made
1806 1988 44 75 up
1878 1988 41 75 of
1940 1988 145 75 common
2115 1988 62 75 and
2201 1988 117 75 proper

1288 2035 99 75 parts.
1435 2035 78 75 The
1537 2035 145 75 common
1699 2035 87 75 parts
1803 2035 53 75 are
1873 2035 54 75 the
1944 2035 78 75 fldn,
2048 2035 180 75 epidermis,
2254 2035 65 75 and

1289 2081 183 75 membrana
1491 2081 138 75 adipofa.
1677 2081 78 75 The
1770 2081 116 75 proper
1895 2081 92 75 .parts
2004 2081 54 75 are
2086 2081 56 75 the
2168 2081 147 75 mufcles,

1287 2128 54 75 the
1358 2128 84 75 tarfi,
1467 2128 55 75 the
1538 2128 115 75 pundta
1669 2128 38 75 or
1729 2128 156 75 foramina
1900 2128 218 75 lachrymalia,
2143 2128 171 75 thejnem-

1286 2174 97 75 brana
1400 2174 210 75 conjundtiva,
1628 2174 54 75 the
1698 2174 150 75 glandula
1860 2174 218 75 lachrymalis,
2093 2174 61 75 and
2165 2174 60 75 -the
2242 2174 72 75 par-

1286 2219 113 75 ticular
1414 2219 167 75 ligaments
1599 2219 104 75 which
1725 2219 112 75 fuftain
1854 2219 55 75 the
1926 2219 91 75 tarfi,-
2066 2219 77 75 The
2162 2219 71 75 tarfi
2251 2219 62 75 and

1286 2266 83 75 their
1384 2266 169 75 ligaments
1569 2266 53 75 are
1634 2266 33 75 in
1683 2266 85 75 fome
1785 2266 139 75 meafure
1940 2266 56 75 the
2016 2266 78 75 bafis
2111 2266 40 75 of
2166 2266 43 75 all
2225 2266 87 75 thefe

1284 2313 100 75 parts-.

1331 2359 76 75 The
1423 2359 72 75 tarfi
1512 2359 52 75 are
1581 2359 69 75 thin
1663 2359 168 75 cartilages
1847 2359 139 75 forming
2000 2359 58 75 the
2074 2359 152 75 principal
2240 2359 76 75 part

1286 2405 40 75 of
1343 2405 56 75 the
1415 2405 80 75 edge
1512 2405 40 75 of
1579 2405 79 75 each
1681 2405 167 75 palpebra;
1874 2405 63 75 and
1953 2405 78 75 they
2053 2405 54 75 are
2124 2405 136 75 broader
2276 2405 35 75 at

1285 2452 55 75 the
1356 2452 121 75 middle
1497 2452 81 75 than
1591 2452 33 75 at
1639 2452 56 75 the
1711 2452 209 75 extremities.
1967 2452 110 75 Thofe
2094 2452 42 75 of
2146 2452 55 75 the
2219 2452 90 75 fupe-

1285 2498 70 75 rior
1366 2498 49 75 pal
1420 2498 102 75 pebrje
1550 2498 53 75 are
1631 2498 176 75 fomething
1830 2498 61 75 lefs
1918 2498 77 75 than
2023 2498 74 75 half
2118 2498 39 75 an
2178 2498 74 75 inch
2275 2498 33 75 in

1285 2544 153 75 breadth;
1465 2544 59 75 but
1550 2544 32 75 in
1605 2544 55 75 the
1684 2544 98 75 lower
1798 2544 156 75 palpebras
1971 2544 79 75 they
2062 2544 57 75 are
2135 2544 56 75 not
2206 2544 102 75 above

1283 2591 55 75 the
1353 2591 84 75 fixth
1456 2591 72 75 part
1541 2591 39 75 of
1588 2591 41 75 an
1645 2591 72 75 inch
1733 2591 10 75 ;
1767 2591 62 75 and
1845 2591 84 75 their
1940 2591 197 75 extremities
2154 2591 82 75 next
2251 2591 58 75 the

1283 2637 133 75 temples
1432 2637 53 75 are
1501 2637 88 75 more
1605 2637 121 75 flender
1741 2637 76 75 than
1834 2637 89 75 thofe
1939 2637 79 75 next
2036 2637 57 75 the
2109 2637 86 75 nofe.

1328 2683 109 75 Thefe
1460 2683 166 75 cartilages
1644 2683 51 75 are
1713 2683 102 75 fuited
1836 2683 36 75 to
1888 2683 58 75 the
1964 2683 134 75 borders
2116 2683 63 75 and
2194 2683 112 75 curva-

1281 2730 72 75 ture
1369 2730 40 75 of
1420 2730 55 75 the
1492 2730 149 75 eye-lids.
1688 2730 77 75 The
1792 2730 100 75 lower
1913 2730 81 75 edge
2005 2730 5 75 ,
2021 2730 40 75 of
2082 2730 58 75 the
2165 2730 141 75 fuperior

1281 2777 150 75 cartilage
1448 2777 70 75 and-
1534 2777 99 75 upper
1659 2777 79 75 edge
1765 2777 43 75 of
1827 2777 55 75 the
1910 2777 146 75 inferior,
2079 2777 168 75 terminate
2271 2777 33 75 e-

1280 2823 121 75 qually,
1428 2823 61 75 and
1511 2823 80 75 both
1610 2823 73 75 may
1698 2823 45 75 be
1758 2823 124 75 termed
1898 2823 56 75 the
1969 2823 115 75 c/V/arji
2100 2823 105 75 edges.
2227 2823 80 75 The

1279 2870 140 75 oppofite
1434 2870 81 75 edge
1531 2870 40 75 of
1581 2870 55 75 the
1652 2870 99 75 upper
1772 2870 101 75 tarfus
1896 2870 29 75 is
1947 2870 178 75 fomething
2148 2870 156 75 femi-cir-

1280 2916 85 75 cular
1381 2916 142 75 between
1540 2916 41 75 its
1596 2916 68 75 two
1680 2916 219 75 extremities;
1925 2916 57 75 but
1999 2916 71 75 that
2094 2916 40 75 of
2148 2916 56 75 the
2220 2916 82 75 infe-

1279 2962 65 75 rior
1359 2962 101 75 tarfus
1482 2962 27 75 is
1525 2962 90 75 more
1630 2962 153 75 uniform,
1809 2962 63 75 and
1897 2962 82 75 both
2003 2962 53 75 are
2080 2962 126 75 thinner
2224 2962 80 75 than

1276 3011 58 75 the
1348 3011 112 75 ciliary
1475 3011 112 75 edges.
