2397 3387
470 145 237 75 BAG

1033 145 100 75 (5

91 214 160 75 BADIS,
277 214 214 75 afortrefsof
510 214 154 75 Livonia,
689 214 121 75 fubjeft
822 214 34 75 to
870 214 118 75 Ruflia,
1014 214 63 75 and
1089 214 37 75 fi-

139 260 111 75 tuated
274 260 43 75 20
341 260 95 75 miles,
455 260 75 75 weft
555 260 40 75 of
616 260 116 75 Revel,
757 260 33 75 in
808 260 41 75 23
849 242 21 49 0
887 260 44 75 E.
947 260 91 75 long,
1064 260 63 75 and

143 308 41 75 59
184 290 18 49 0
226 308 51 75 15'
294 308 48 75 N.
360 308 59 75 lat.

92 353 189 75 BALTUS,
307 353 31 75 in
356 353 223 75 ichthyology.
623 353 61 75 See
701 353 177 75 Cottus.

94 400 242 75 BiETYLIA,
362 400 150 75 anointed
532 400 116 75 ftones,
674 400 196 75 worfhipped
888 400 44 75 by
948 400 55 75 the
1028 400 98 75 Phoe-

141 446 132 75 nicians,
300 446 42 75 by
366 446 56 75 the
446 446 129 75 Greeks
604 446 110 75 before
739 446 54 75 the
810 446 76 75 time
910 446 40 75 of
970 446 158 75 Cecrops,

140 492 63 75 and
216 492 42 75 by
271 492 95 75 other
375 492 175 75 barbarous
567 492 139 75 nations.
739 492 100 75 They
851 492 83 75 were
947 492 184 75 commonly

144 539 39 75 of
203 539 19 75 a
238 539 94 75 black
356 539 124 75 colour,
506 539 62 75 and
596 539 204 75 confecrated
824 539 42 75 to.
883 539 86 75 fome
993 539 77 75 god,
1095 539 33 75 as

143 585 131 75 Saturn,
300 585 138 75 Jupiter,
463 585 56 75 the
538 585 79 75 Sun,
644 585 65 75 fee.

96 632 155 75 BjEZA,
277 632 18 75 a
316 632 89 75 large
421 632 68 75 city
511 632 41 75 of
563 632 172 75 Andalufia
750 632 32 75 in
801 632 110 75 Spain,
936 632 135 75 fituated
1087 632 41 75 on

144 678 54 75 the
225 678 83 75 river
325 678 250 75 Guadalquivir,
601 678 32 75 in
663 678 18 75 3
681 660 21 49 0
723 678 53 75 15'
791 678 61 75 W.
874 678 88 75 long,
980 678 62 75 and
1060 678 42 75 37
1102 660 25 49 0

145 726 54 75 40'
216 726 48 75 N.
282 726 59 75 lat.

96 772 262 75 BAFFETAS,
376 772 38 75 or
429 772 166 75 Bastas,
613 772 19 75 a
649 772 88 75 cloth
755 772 91 75 made
858 772 41 75 of
911 772 107 75 coarfe
1030 772 98 75 white

143 818 253 75 cotton-thread,
432 818 108 75 which
569 818 106 75 comes
705 818 85 75 from
817 818 57 75 the
901 818 78 75 Eaft
1005 818 122 75 Indies.

143 864 90 75 That
251 864 40 75 of
312 864 97 75 Surat
430 864 27 75 is
476 864 56 75 the
548 864 79 75 beft.

95 911 204 75 BAFFIN’/
323 911 82 75 Bay,
443 911 18 75 a
485 911 98 75 gulph
608 911 41 75 of
666 911 111 75 North
801 911 165 75 America,
993 911 136 75 running

142 957 175 75 north-eaft
342 957 87 75 from
453 957 90 75 Cape
567 957 158 75 Farewell
749 957 33 75 in
808 957 94 75 Weft
928 957 200 75 Greenland,

144 1004 83 75 from
246 1004 63 75 6o°
327 1004 49 75 N.
395 1004 58 75 lat.
471 1004 36 75 to
521 1004 76 75 8o°.

92 1051 115 75 BAG,
234 1051 31 75 in
283 1051 190 75 commerce,
497 1051 18 75 a
531 1051 81 75 term
625 1051 170 75 fignifying
812 1051 18 75 a
846 1051 119 75 certain
983 1051 148 75 quantity

144 1095 39 75 of
203 1095 85 75 fome
305 1095 174 75 particular
496 1095 220 75 commodity;
744 1095 32 75 as
795 1095 18 75 a
835 1095 61 75 bag
912 1095 40 75 of
971 1095 157 75 almonds,

143 1143 52 75 for
211 1143 149 75 inftance,
385 1143 27 75 is
429 1143 98 75 about
538 1143 91 75 three
641 1143 148 75 hundred
804 1143 141 75 weight;
971 1143 41 75 of
1031 1143 98 75 anife-

144 1188 102 75 feeds,
272 1188 84 75 from
374 1188 90 75 three
481 1188 35 75 to
528 1188 73 75 four
612 1188 158 75 hundred,
797 1188 65 75 fee.

190 1234 85 75 Bags
292 1234 53 75 are
362 1234 75 75 ufed
453 1234 32 75 in
502 1234 79 75 moft
598 1234 159 75 countries
770 1234 35 75 to
828 1234 57 75 put
902 1234 119 75 feveral
1045 1234 83 75 forts

141 1280 41 75 of
200 1280 72 75 coin
298 1280 45 75 in,
368 1280 103 75 either
497 1280 42 75 of
557 1280 90 75 gold,
679 1280 102 75 filver,
808 1280 98 75 brafs,
937 1280 38 75 or
998 1280 130 75 copper.

140 1327 157 75 Bankers,
322 1327 63 75 and
411 1327 122 75 others,
559 1327 75 75 who
651 1327 71 75 deal
740 1327 95 75 much
852 1327 33 75 in
903 1327 127 75 current
1046 1327 82 75 calh,

140 1374 83 75 label
240 1374 84 75 their
340 1374 77 75 bags
435 1374 40 75 of
494 1374 130 75 money,
649 1374 44 75 by
708 1374 91 75 tying
824 1374 19 75 a
866 1374 100 75 ticket
990 1374 37 75 or
1053 1374 75 75 note

140 1419 34 75 at
190 1419 55 75 the
269 1419 112 75 mouth
407 1419 39 75 of
466 1419 56 75 the
545 1419 74 75 bag,
644 1419 168 75 fignifying
829 1419 55 75 the
909 1419 71 75 coin
1005 1419 125 75 therein

142 1465 182 75 contained,
350 1465 55 75 the
422 1465 68 75 fum
506 1465 94 75 total,
626 1465 42 75 its
686 1465 132 75 weight,
843 1465 61 75 and
922 1465 40 75 of
982 1465 105 75 whom
1104 1465 26 75 it

140 1511 66 75 was
230 1511 158 75 received.
442 1511 90 75 Tare
556 1511 27 75 is
610 1511 138 75 allowed
772 1511 52 75 for
851 1511 56 75 the
934 1511 76 75 bag.
1069 1511 62 75 See

143 1558 110 75 Tare
269 1558 63 75 and
347 1558 128 75 Tret.

94 1604 97 75 Bag,
218 1604 115 75 among
357 1604 143 75 farriers,
533 1604 27 75 is
584 1604 106 75 when,
715 1604 32 75 in
775 1604 95 75 order
893 1604 35 75 to
952 1604 136 75 retrieve
1111 1604 20 75 a

141 1651 119 75 horfe’s
277 1651 59 75 loft
353 1651 152 75 appetite,
531 1651 78 75 they
625 1651 55 75 put
696 1651 33 75 in
754 1651 39 75 an
816 1651 101 75 ounce
940 1651 42 75 of
1000 1651 128 75 afa-foe-

140 1697 80 75 tida,
245 1697 64 75 and
325 1697 33 75 as
376 1697 93 75 much
489 1697 130 75 powder
635 1697 39 75 of
692 1697 99 75 favin,
817 1697 68 75 into
902 1697 20 75 a
938 1697 75 75 bag,
1040 1697 36 75 to
1089 1697 40 75 be

140 1742 66 75 tied
224 1742 35 75 to
276 1742 55 75 the
348 1742 60 75 bit,
433 1742 135 75 keeping
580 1742 67 75 him
664 1742 128 75 bridled
808 1742 50 75 for
875 1742 65 75 two
951 1742 111 75 hours,
1079 1742 48 75 fe-

140 1788 88 75 veral
245 1788 93 75 times
355 1788 118 75 a-day;
500 1788 33 75 as
551 1788 77 75 foon
644 1788 33 75 as
695 1788 55 75 the
767 1788 62 75 bag
845 1788 26 75 is
889 1788 95 75 taken
1001 1788 59 75 off,
1090 1788 40 75 he

143 1834 66 75 will
225 1834 58 75 fall
301 1834 34 75 to
358 1834 117 75 eating.
523 1834 78 75 The
623 1834 85 75 fame
732 1834 62 75 bag
819 1834 67 75 will
907 1834 88 75 ferve
1012 1834 19 75 a
1053 1834 77 75 long

142 1882 91 75 time.

93 1929 220 75 BAGDAT,
339 1929 19 75 a
382 1929 106 75 ftrong
511 1929 88 75 town
625 1929 41 75 of
683 1929 131 75 Turky,
839 1929 43 75 on
905 1929 57 75 the
978 1929 150 75 frontiers

140 1974 40 75 of
198 1974 117 75 Perfia,
340 1974 134 75 fituated
486 1974 41 75 on
543 1974 55 75 the
616 1974 83 75 river
715 1974 125 75 Tigris,
857 1974 33 75 in
905 1974 55 75 the
977 1974 150 75 province

139 2021 40 75 of
198 2021 219 75 Iracaarabic;
444 2021 26 75 it
482 2021 65 75 was
565 2021 153 75 formerly
731 2021 116 75 capital
864 2021 40 75 of
915 2021 56 75 the
989 2021 138 75 Saracen

139 2067 131 75 empire,
296 2067 63 75 and
374 2067 57 75 lies
450 2067 30 75 in
505 2067 63 75 43°
586 2067 43 75 E.
652 2067 88 75 long,
765 2067 64 75 and
848 2067 41 75 33
889 2049 21 49 0
929 2067 44 75 20
1000 2067 47 75 N.
1066 2067 59 75 lat.

93 2113 255 75 BAGGAGE,
374 2113 33 75 in
432 2113 141 75 military
597 2113 123 75 affairs,
745 2113 133 75 denotes
906 2113 57 75 the
988 2113 136 75 cloaths,

140 2157 98 75 tents,
266 2157 128 75 utenfils
420 2157 41 75 of
478 2157 107 75 divers
609 2157 94 75 forts,
728 2157 185 75 provifions,
944 2157 64 75 and
1033 2157 94 75 other

140 2204 183 75 neceffaries
340 2204 172 75 belonging
529 2204 34 75 to
580 2204 56 75 the
652 2204 103 75 army.

187 2250 119 75 Before
324 2250 17 75 a
357 2250 120 75 march,
504 2250 55 75 the
576 2250 150 75 waggons
744 2250 79 75 with
840 2250 55 75 the
912 2250 141 75 baggage
1070 2250 54 75 are

144 2296 187 75 marfhalled
349 2296 169 75 according
534 2296 34 75 to
585 2296 54 75 the
652 2296 78 75 rank
748 2296 105 75 which
870 2296 55 75 the
941 2296 117 75 feveral
1078 2296 48 75 re-

140 2343 136 75 giments
295 2343 75 75 bear
386 2343 31 75 in
435 2343 54 75 the
502 2343 110 75 army;
639 2343 94 75 being
750 2343 179 75 fometimes
941 2343 137 75 ordered
1091 2343 35 75 to

141 2388 113 75 follow
271 2388 55 75 the
342 2388 169 75 refpeftive
528 2388 142 75 columns
687 2388 39 75 of
745 2388 56 75 the
818 2388 103 75 army,
945 2388 181 75 fometimes

140 2434 35 75 to
191 2434 112 75 follow
325 2434 55 75 the
403 2434 156 75 artillery,
584 2434 61 75 and
670 2434 181 75 fometimes
875 2434 36 75 to
934 2434 85 75 form
1036 2434 20 75 a
1071 2434 54 75 co-

139 2480 88 75 lumn
245 2480 44 75 by
306 2480 199 75 themfelves.
553 2480 77 75 The
648 2480 156 75 general’s
822 2480 143 75 baggage
981 2480 144 75 marches

140 2527 85 75 fi/ft;
253 2527 61 75 and
331 2527 78 75 each
434 2527 133 75 waggon
589 2527 57 75 has
673 2527 18 75 a
715 2527 74 75 flag,
816 2527 137 75 ftiewing
970 2527 54 75 the
1041 2527 83 75 regi-

141 2573 87 75 ment
245 2573 35 75 to
297 2573 104 75 which
418 2573 26 75 it
461 2573 143 75 belongs.

94 2620 209 75 BAGNAG
310 2620 74 75 AR,
410 2620 54 75 the
477 2620 113 75 capital
608 2620 40 75 of
667 2620 183 75 Golconda,
877 2620 30 75 in
926 2620 54 75 the
1004 2620 121 75 Hither

139 2665 169 75 Peninfula
325 2665 40 75 of
377 2665 103 75 India,
506 2665 154 75 formerly
671 2665 56 75 the
744 2665 157 75 refidence
914 2665 39 75 of
964 2665 55 75 the
1031 2665 92 75 kings

141 2711 40 75 of
200 2711 186 75 Golconda,
412 2711 72 75 now
508 2711 119 75 fubjedt
646 2711 34 75 to
703 2711 55 75 the
775 2711 128 75 mogul;
930 2711 33 75 in
983 2711 42 75 77
1025 2693 24 49 0

142 2758 44 75 E.
204 2758 89 75 long,
319 2758 62 75 and
404 2758 39 75 16
443 2740 23 49 0
488 2758 53 75 30'
558 2758 48 75 N.
623 2758 57 75 lat.

93 2806 339 75 BAGNIALUCK,
457 2806 19 75 a
491 2806 88 75 large
602 2806 67 75 city
693 2806 40 75 of
752 2806 118 75 Bofnia
894 2806 31 75 in
950 2806 173 75 European

139 2850 130 75 Turky,
295 2850 132 75 fituated
445 2850 31 75 in
498 2850 118 75 i8°I5'
640 2850 44 75 E.
710 2850 87 75 long,
824 2850 61 75 and
914 2850 44 75 44
958 2832 18 49 0
995 2850 48 75 N.
1061 2850 59 75 lat.

93 2899 267 75 BAGNIO,'an
377 2899 115 75 Italian
510 2899 101 75 word,
636 2899 168 75 fignifying
816 2899 18 75 a
850 2899 76 75 bath
940 2899 8 75 :
980 2899 67 75 We
1069 2899 54 75 ufe

139 2942 25 75 it
178 2942 51 75 for
241 2942 17 75 a
274 2942 97 75 houfe
388 2942 77 75 with
483 2942 237 75 conveniencies
732 2942 52 75 for
801 2942 144 75 bathing,
971 2942 150 75 cupping,

139 2990 162 75 fweating,
318 2990 62 75 and
396 2990 167 75 otherwife
576 2990 153 75 cleanfing
741 2990 55 75 the
808 2990 107 75 body;
942 2990 61 75 and
1020 2990 102 75 fome-

186 3037 101 75 Vx>l.
305 3037 30 75 I.
376 3037 124 75 Numb.
519 3037 58 75 22.

961 3037 18 75 3

1158 135 36 75 :g
1258 135 18 75 )

1629 135 37 75 B
1726 135 41 75 A
1824 135 19 75 I

1226 206 92 75 times
1333 206 52 75 for
1401 206 100 75 worfe
1517 206 163 75 purpofes.
1729 206 39 75 In
1784 206 131 75 Turky,
1940 206 26 75 it
1990 206 26 75 is
2039 206 133 75 become
2196 206 19 75 a

1226 252 126 75 general
1385 252 91 75 name
1509 252 52 75 for
1594 252 55 75 the
1681 252 121 75 prifons
1826 252 107 75 where
1958 252 55 75 the
2037 252 97 75 Haves
2160 252 55 75 are

1225 298 151 75 inclofed,
1412 298 27 75 it
1475 298 96 75 being
1606 298 88 75 ufual
1727 298 33 75 in
1792 298 88 75 thefe
1912 298 120 75 prifons
2065 298 35 75 to
2131 298 86 75 have

1226 346 94 75 baths

1178 393 333 75 BAGNOLIANS,
1536 393 34 75 in
1586 393 270 75 church-hiftory,
1882 393 19 75 a
1923 393 62 75 feft
2002 393 40 75 of
2059 393 153 75 heretics,

1226 439 74 75 who
1316 439 32 75 in
1366 439 113 75 reality
1496 439 84 75 were
1593 439 202 75 Manichees,
1813 439 125 75 though
1951 439 78 75 they
2040 439 175 75 fomewhat

1226 486 156 75 difguifed
1398 486 86 75 their
1503 486 118 75 errors.
1670 486 100 75 They
1786 486 140 75 reje&ed
1942 486 56 75 the
2014 486 67 75 Old
2098 486 115 75 Tefta-

1226 533 100 75 ment,
1345 533 61 75 and
1424 533 71 75 part
1511 533 39 75 of
1563 533 54 75 the
1634 533 97 75 New,
1748 533 78 75 held
1843 533 55 75 the
1913 533 106 75 world
2030 533 35 75 to
2077 533 39 75 be
2129 533 83 75 eter-

1226 579 64 75 nal,
1317 579 61 75 and
1401 579 143 75 affirmed
1568 579 72 75 that
1665 579 80 75 God
1769 579 57 75 did
1850 579 58 75 not
1930 579 106 75 create
2060 579 55 75 the
2142 579 70 75 foul

1227 627 93 75 when
1335 627 41 75 he
1393 627 126 75 infufed
1535 627 27 75 if
1577 627 68 75 into
1661 627 56 75 the
1734 627 98 75 body.

1180 673 221 75 BAGPIPE,
1443 673 18 75 a
1488 673 126 75 mufical
1641 673 187 75 inftrument
1855 673 40 75 of
1923 673 55 75 the
2006 673 86 75 wind
2119 673 95 75 kind*

1228 720 113 75 chiefly
1357 720 78 75 ufed
1446 720 33 75 in
1496 720 272 75 country-places,
1785 720 167 75 efpecially
1967 720 31 75 in
2010 720 56 75 the
2086 720 125 75 North.

1227 765 32 75 It
1275 765 125 75 confifts
1418 765 39 75 of
1477 765 65 75 two
1559 765 152 75 principal
1728 765 109 75 parts;
1864 765 55 75 the
1936 765 64 75 firft
2026 765 18 75 a
2067 765 145 75 leathern

1227 812 74 75 bag,
1325 812 106 75 which
1448 812 101 75 blows
1574 812 42 75 up
1631 812 65 75 like
1720 812 18 75 a
1754 812 165 75 foot-ball,
1945 812 43 75 by
2011 812 107 75 means
2135 812 40 75 of
2193 812 21 75 a

1227 859 177 75 port-vent,
1429 859 37 75 or
1482 859 84 75 little
1583 859 89 75 tube,
1697 859 92 75 fitted
1813 859 36 75 to
1873 859 38 75 it,
1936 859 64 75 and
2023 859 129 75 flopped
2170 859 44 75 by

1226 905 19 75 a
1260 905 91 75 valve
1364 905 8 75 :
1399 905 56 75 the
1467 905 94 75 other
1573 905 71 75 part
1657 905 123 75 confifts
1794 905 40 75 of
1845 905 90 75 three
1948 905 87 75 pipes
2048 905 37 75 or
2096 905 114 75 flutes;

1226 953 55 75 the
1298 953 64 75 full
1379 953 102 75 called
1498 953 54 75 the
1571 953 101 75 great
1690 953 88 75 pipe,
1803 953 38 75 or
1867 953 118 75 drone;
2011 953 55 75 the
2082 953 129 75 fecond,

1227 999 56 75 the
1299 999 87 75 little
1403 999 78 75 one;
1508 999 105 75 which
1638 999 68 75 pafs
1730 999 55 75 the
1811 999 86 75 wind
1918 999 58 75 out
1999 999 78 75 only
2099 999 33 75 at
2156 999 57 75 the

1227 1046 149 75 bottom;
1402 1046 56 75 the
1486 1046 89 75 third
1600 1046 58 75 has
1686 1046 19 75 a
1733 1046 87 75 reed,
1849 1046 63 75 and
1939 1046 26 75 is
1983 1046 116 75 played
2115 1046 41 75 on
2170 1046 43 75 by

1227 1092 204 75 compreffing
1458 1092 56 75 the
1537 1092 61 75 bag
1620 1092 102 75 under
1750 1092 56 75 the
1830 1092 80 75 arm,
1935 1092 93 75 when
2051 1092 73 75 full,
2150 1092 63 75 and

1227 1139 136 75 opening
1379 1139 38 75 or
1432 1139 143 75 flopping
1592 1139 55 75 the
1663 1139 104 75 holes,
1793 1139 106 75 which
1925 1139 52 75 are
2002 1139 103 75 eight,
2132 1139 80 75 with

1227 1185 54 75 the
1297 1185 127 75 fingers.
1473 1185 77 75 The
1566 1185 84 75 little
1666 1185 72 75 pipe
1754 1185 27 75 is
1798 1185 175 75 ordinarily
1989 1185 19 75 a
2022 1185 72 75 foot
2110 1185 76 75 long
2198 1185 12 75 ;

1227 1231 70 75 that
1315 1231 114 75 played
1446 1231 54 75 on,
1531 1231 37 75 13
1588 1231 129 75 inches;
1745 1231 62 75 and
1824 1231 54 75 the
1900 1231 177 75 port-vent,
2103 1231 60 75 fix.

1180 1279 181 75 BAGRE,
1386 1279 32 75 in
1435 1279 223 75 ichthyology,
1684 1279 56 75 the
1757 1279 106 75 trivial
1888 1279 90 75 name
2002 1279 41 75 of
2062 1279 18 75 a
2095 1279 118 75 fpecies

1228 1325 38 75 of
1285 1325 125 75 filurus.
1461 1325 61 75 See
1541 1325 180 75 Silurus.

1180 1372 284 75 BAGUETTE,
1490 1372 33 75 in
1548 1372 221 75 architedture,
1801 1372 18 75 a
1842 1372 91 75 fmall
1957 1372 104 75 round
2086 1372 126 75 mould-

1228 1417 65 75 ing,
1318 1417 60 75 lefs
1395 1417 77 75 than
1490 1417 39 75 an
1553 1417 146 75 aftragal,
1725 1417 63 75 and
1809 1417 35 75 fo
1861 1417 103 75 called
1980 1417 84 75 from
2089 1417 55 75 the
2161 1417 51 75 re-

1228 1465 176 75 femblance
1420 1465 26 75 it
1463 1465 90 75 bears
1570 1465 34 75 to
1622 1465 18 75 a
1657 1465 81 75 ring.

1180 1511 223 75 BAHAMA,
1428 1511 37 75 or
1482 1511 166 75 Lucaya
1662 1511 176 75 Islands,
1856 1511 18 75 a
1891 1511 134 75 number
2042 1511 40 75 of
2093 1511 117 75 iflands

1225 1556 89 75 lying
1326 1556 31 75 in
1374 1556 56 75 the
1446 1556 146 75 Atlantic
1608 1556 123 75 Ocean,
1758 1556 142 75 between
1919 1556 40 75 21
1959 1538 26 49 0
2004 1556 60 75 and
2080 1556 62 75 27°
2161 1556 48 75 N.

1226 1603 58 75 lat.
1310 1603 62 75 and
1389 1603 145 75 between
1554 1603 40 75 73
1594 1585 20 49 0
1631 1603 63 75 and
1712 1603 61 75 8x°
1787 1603 61 75 W.
1865 1603 89 75 long.

1273 1650 108 75 Thefe
1398 1650 126 75 iflands,
1549 1650 147 75 whereof
1715 1650 115 75 twelve
1847 1650 54 75 are
1915 1650 41 75 of
1968 1650 18 75 a
1999 1650 212 75 confiderable
2228 1650 12 75 .

1227 1696 123 75 extent,
1381 1696 74 75 take
1478 1696 84 75 their
1590 1696 92 75 name
1710 1696 84 75 from
1822 1696 155 75 Bahama,
2010 1696 62 75 one
2096 1696 41 75 of
2156 1696 55 75 th$

1226 1742 113 75 largeft
1356 1742 40 75 of
1415 1742 100 75 them,
1540 1742 90 75 lying
1642 1742 145 75 between
1806 1742 60 75 78°
1884 1742 64 75 and
1964 1742 67 75 81°
2046 1742 60 75 W.
2118 1742 90 75 long,

1228 1788 60 75 and
1306 1788 144 75 between
1464 1788 70 75 26®
1553 1788 63 75 and
1634 1788 65 75 27®
1718 1788 48 75 N.
1783 1788 59 75 lat,

1179 1836 181 75 BAHAR,
1385 1836 38 75 or
1450 1836 147 75 Barre,
1631 1836 32 75 in
1690 1836 190 75 commerce,
1908 1836 137 75 weights
2073 1836 77 75 ufed
2177 1836 33 75 in

1227 1882 119 75 feveral
1363 1882 106 75 places
1484 1882 33 75 in
1535 1882 56 75 the
1608 1882 75 75 Eaft
1702 1882 120 75 Indies.

1273 1929 112 75 There
1402 1929 52 75 are
1471 1929 66 75 two
1554 1929 39 75 of
1612 1929 88 75 thefe
1717 1929 148 75 weights,
1891 1929 60 75 one
1967 1929 57 75 the
2049 1929 89 75 great
2155 1929 56 75 ba-

1225 1975 69 75 har,
1319 1975 77 75 with
1415 1975 104 75 which
1538 1975 76 75 they
1631 1975 104 75 weigh
1747 1975 131 75 pepper,
1903 1975 120 75 cloves,
2048 1975 162 75 nutmegs,

1225 2021 121 75 ginger,
1383 2021 63 75 fee,
1488 2021 63 75 and
1586 2021 142 75 contains
1762 2021 60 75 five
1858 2021 148 75 hundred
2039 2021 62 75 and
2137 2021 75 75 fifty

1224 2068 124 75 pounds
1365 2068 40 75 of
1417 2068 168 75 Portugal,
1604 2068 36 75 or
1651 2068 98 75 about
1765 2068 59 75 five
1836 2068 148 75 huudred
1995 2068 62 75 and
2073 2068 138 75 twenty-

1224 2114 73 75 four
1316 2114 124 75 pounds
1464 2114 73 75 nine
1560 2114 116 75 Ounces
1700 2114 204 75 avoirdupois
1928 2114 132 75 weight.
2109 2114 101 75 With

1224 2161 55 75 the
1307 2161 85 75 little
1420 2161 111 75 bahar,
1556 2161 78 75 they
1661 2161 105 75 weigh
1792 2161 201 75 quickfilver,
2026 2161 182 75 vermilion,

1222 2207 105 75 ivory,
1353 2207 70 75 filk,
1449 2207 65 75 fee.
1563 2207 32 75 It
1612 2207 144 75 contains
1779 2207 99 75 about
1894 2207 74 75 four
1983 2207 145 75 hundred
2146 2207 64 75 and

1223 2254 211 75 thirty-feven
1447 2254 123 75 pounds
1587 2254 72 75 nine
1676 2254 117 75 ounces
1810 2254 201 75 avoirdupois
2028 2254 131 75 weight.

1176 2301 281 75 BACHAREN,
1483 2301 38 75 an
1538 2301 98 75 ifland
1651 2301 32 75 in
1701 2301 54 75 the
1772 2301 126 75 Perfian
1914 2301 81 75 gulf,
2024 2301 32 75 in
2076 2301 66 75 yo°
2160 2301 45 75 E.

1222 2346 90 75 long,
1330 2346 63 75 and
1409 2346 68 75 26°
1496 2346 48 75 N.
1558 2346 60 75 lat.

1175 2394 165 75 BAHIR,
1366 2394 18 75 a
1411 2394 142 75 Hebrew
1582 2394 82 75 term
1689 2394 169 75 fignifying
1885 2394 123 75 famous
2026 2394 37 75 or
2078 2394 129 75 illuftrii

1224 2440 57 75 ous
1296 2440 11 75 ;
1333 2440 58 75 but
1418 2440 207 75 particularly
1640 2440 76 75 ufed
1744 2440 51 75 for
1812 2440 19 75 a
1858 2440 85 75 book
1960 2440 40 75 of
2021 2440 55 75 the
2104 2440 101 75 Jews,

1222 2485 137 75 treating
1374 2485 42 75 of
1427 2485 55 75 the
1498 2485 159 75 profound
1674 2485 160 75 myfteries
1850 2485 40 75 of
1907 2485 56 75 the
1980 2485 144 75 cabbala,
2149 2485 56 75 be-

1222 2531 53 75 ing
1292 2531 54 75 the
1363 2531 79 75 moft
1459 2531 124 75 ancient
1600 2531 40 75 of
1651 2531 55 75 the
1719 2531 172 75 rabbinical
1908 2531 119 75 works.

1170 2579 180 75 BAHUS,
1377 2579 18 75 a
1411 2579 67 75 city
1490 2579 39 75 of
1541 2579 149 75 Sweden,
1712 2579 118 75 capital
1848 2579 40 75 of
1899 2579 18 75 a
1933 2579 148 75 province
2098 2579 40 75 of
2148 2579 57 75 the

1222 2624 81 75 fame
1328 2624 102 75 name,
1456 2624 62 75 and
1543 2624 134 75 fituated
1704 2624 98 75 about
1832 2624 43 75 20
1901 2624 92 75 miles
2016 2624 189 75 north-weft

1222 2671 32 75 ot
1271 2671 244 75 Gottenburgh,
1540 2671 32 75 in
1590 2671 58 75 ii°
1673 2671 43 75 E.
1735 2671 89 75 long,
1843 2671 63 75 and
1925 2671 65 75 y8°
2011 2671 43 75 2Q
2054 2653 10 49 /
2081 2671 47 75 N.
2142 2671 59 75 lat.

1168 2718 138 75 BAJA,
1332 2718 17 75 a
1365 2718 87 75 town
1468 2718 40 75 of
1519 2718 99 75 Italy,
1643 2718 31 75 in
1687 2718 55 75 the
1758 2718 153 75 kingdom
1929 2718 39 75 of
1979 2718 136 75 Naples,
2140 2718 64 75 and

1219 2765 149 75 province
1385 2765 38 75 of
1434 2765 144 75 Lavoro,
1603 2765 134 75 fituated
1751 2765 34 75 in
1810 2765 62 75 14®
1892 2765 54 75 40'
1963 2765 45 75 E.
2025 2765 90 75 long,
2140 2765 63 75 and

1221 2812 63 75 41°
1305 2812 20 75 6
1325 2794 12 49 /
1354 2812 46 75 N.
1418 2812 58 75 lat.

1171 2859 238 75 BAJADOR,
1435 2859 18 75 a
1465 2859 76 75 cape
1558 2859 39 75 on
1612 2859 55 75 the
1683 2859 74 75 weft
1772 2859 85 75 coaft
1874 2859 40 75 of
1931 2859 127 75 Africa,
2082 2859 33 75 in
2137 2859 63 75 15°

1220 2904 59 75 W.
1296 2904 88 75 long,
1411 2904 62 75 and
1491 2904 65 75 27°
1574 2904 48 75 N.
1640 2904 59 75 lat.

1169 2951 128 75 BAIL,
1323 2951 32 75 in
1373 2951 95 75 Scots
1486 2951 60 75 law
1561 2951 9 75 :
1597 2951 111 75 When
1727 2951 18 75 a
1761 2951 141 75 prifoner
1918 2951 26 75 is
1961 2951 45 75 fet
2023 2951 33 75 at
2083 2951 120 75 liberty

1217 3000 85 75 upon
1318 3000 84 75 fome
1418 3000 142 75 perfon’s
1577 3000 168 75 becoming
1760 3000 108 75 furety
1885 3000 51 75 for
1947 3000 50 75 his
2010 3000 193 75 appearance

1669 3050 21 75 6
1714 3050 32 75 0

2172 3050 35 75 to
