<?xml version="1.0" encoding="UTF-8"?>
<alto xmlns="http://www.loc.gov/standards/alto/v3/alto.xsd"><Description><MeasurementUnit>pixel</MeasurementUnit><sourceImageInformation><fileName>./data/pdfs/c_188936619/i_144133901/188082693.23.pdf</fileName></sourceImageInformation><OCRProcessing ID="IdOcr"><ocrProcessingStep><processingDateTime>Fri Jul 12 10:37:09 2019
</processingDateTime><processingSoftware><softwareCreator>CONTRIBUTORS</softwareCreator><softwareName>pdfalto</softwareName><softwareVersion>0.1</softwareVersion></processingSoftware></ocrProcessingStep></OCRProcessing></Description><Styles><TextStyle ID="font0" FONTFAMILY="times" FONTSIZE="10.000" FONTTYPE="serif" FONTWIDTH="proportional" FONTCOLOR="#WWWWWW" FONTSTYLE=""/><TextStyle ID="font1" FONTFAMILY="invisibleocr" FONTSIZE="10.000" FONTTYPE="sans-serif" FONTWIDTH="proportional" FONTCOLOR="#WWWWWW" FONTSTYLE=""/></Styles><Layout><Page ID="Page271" PHYSICAL_IMG_NR="271" WIDTH="2428" HEIGHT="3377"><PrintSpace><TextLine WIDTH="181" HEIGHT="75" ID="p271_t1" HPOS="229" VPOS="105"><String ID="p271_w1" CONTENT="Part" HPOS="229" VPOS="105" WIDTH="101" HEIGHT="75" STYLEREFS="font0"/><SP WIDTH="17" VPOS="105" HPOS="330"/><String ID="p271_w2" CONTENT="III." HPOS="347" VPOS="105" WIDTH="63" HEIGHT="75" STYLEREFS="font0"/></TextLine><TextLine WIDTH="360" HEIGHT="75" ID="p271_t2" HPOS="799" VPOS="105"><String ID="p271_w3" CONTENT="ANA" HPOS="799" VPOS="105" WIDTH="360" HEIGHT="75" STYLEREFS="font0"/></TextLine><TextLine WIDTH="1034" HEIGHT="75" ID="p271_t3" HPOS="225" VPOS="182"><String ID="p271_w4" CONTENT="pofteriores;" HPOS="225" VPOS="182" WIDTH="208" HEIGHT="75" STYLEREFS="font0"/><SP WIDTH="38" VPOS="182" HPOS="433"/><String ID="p271_w5" CONTENT="and" HPOS="471" VPOS="182" WIDTH="63" HEIGHT="75" STYLEREFS="font0"/><SP WIDTH="24" VPOS="182" HPOS="534"/><String ID="p271_w6" CONTENT="then" HPOS="558" VPOS="182" WIDTH="76" HEIGHT="75" STYLEREFS="font0"/><SP WIDTH="25" VPOS="182" HPOS="634"/><String ID="p271_w7" CONTENT="the" HPOS="659" VPOS="182" WIDTH="54" HEIGHT="75" STYLEREFS="font0"/><SP WIDTH="24" VPOS="182" HPOS="713"/><String ID="p271_w8" CONTENT="intercoftales" HPOS="737" VPOS="182" WIDTH="215" HEIGHT="75" STYLEREFS="font0"/><SP WIDTH="27" VPOS="182" HPOS="952"/><String ID="p271_w9" CONTENT="from" HPOS="979" VPOS="182" WIDTH="84" HEIGHT="75" STYLEREFS="font0"/><SP WIDTH="32" VPOS="182" HPOS="1063"/><String ID="p271_w10" CONTENT="its" HPOS="1095" VPOS="182" WIDTH="41" HEIGHT="75" STYLEREFS="font0"/><SP WIDTH="23" VPOS="182" HPOS="1136"/><String ID="p271_w11" CONTENT="pofte-" HPOS="1159" VPOS="182" WIDTH="100" HEIGHT="75" STYLEREFS="font0"/></TextLine><TextLine WIDTH="1032" HEIGHT="75" ID="p271_t4" HPOS="226" VPOS="228"><String ID="p271_w12" CONTENT="rior" HPOS="226" VPOS="228" WIDTH="66" HEIGHT="75" STYLEREFS="font0"/><SP WIDTH="12" VPOS="228" HPOS="292"/><String ID="p271_w13" CONTENT="part," HPOS="304" VPOS="228" WIDTH="84" HEIGHT="75" STYLEREFS="font0"/><SP WIDTH="25" VPOS="228" HPOS="388"/><String ID="p271_w14" CONTENT="which" HPOS="413" VPOS="228" WIDTH="105" HEIGHT="75" STYLEREFS="font0"/><SP WIDTH="17" VPOS="228" HPOS="518"/><String ID="p271_w15" CONTENT="in" HPOS="535" VPOS="228" WIDTH="32" HEIGHT="75" STYLEREFS="font0"/><SP WIDTH="18" VPOS="228" HPOS="567"/><String ID="p271_w16" CONTENT="fome" HPOS="585" VPOS="228" WIDTH="84" HEIGHT="75" STYLEREFS="font0"/><SP WIDTH="18" VPOS="228" HPOS="669"/><String ID="p271_w17" CONTENT="fubjedls" HPOS="687" VPOS="228" WIDTH="135" HEIGHT="75" STYLEREFS="font0"/><SP WIDTH="17" VPOS="228" HPOS="822"/><String ID="p271_w18" CONTENT="come" HPOS="839" VPOS="228" WIDTH="90" HEIGHT="75" STYLEREFS="font0"/><SP WIDTH="18" VPOS="228" HPOS="929"/><String ID="p271_w19" CONTENT="all" HPOS="947" VPOS="228" WIDTH="42" HEIGHT="75" STYLEREFS="font0"/><SP WIDTH="16" VPOS="228" HPOS="989"/><String ID="p271_w20" CONTENT="from" HPOS="1005" VPOS="228" WIDTH="83" HEIGHT="75" STYLEREFS="font0"/><SP WIDTH="16" VPOS="228" HPOS="1088"/><String ID="p271_w21" CONTENT="this" HPOS="1104" VPOS="228" WIDTH="63" HEIGHT="75" STYLEREFS="font0"/><SP WIDTH="18" VPOS="228" HPOS="1167"/><String ID="p271_w22" CONTENT="por-" HPOS="1185" VPOS="228" WIDTH="73" HEIGHT="75" STYLEREFS="font0"/></TextLine><TextLine WIDTH="1033" HEIGHT="75" ID="p271_t5" HPOS="224" VPOS="275"><String ID="p271_w23" CONTENT="tion" HPOS="224" VPOS="275" WIDTH="69" HEIGHT="75" STYLEREFS="font0"/><SP WIDTH="28" VPOS="275" HPOS="293"/><String ID="p271_w24" CONTENT="of" HPOS="321" VPOS="275" WIDTH="41" HEIGHT="75" STYLEREFS="font0"/><SP WIDTH="21" VPOS="275" HPOS="362"/><String ID="p271_w25" CONTENT="the" HPOS="383" VPOS="275" WIDTH="56" HEIGHT="75" STYLEREFS="font0"/><SP WIDTH="27" VPOS="275" HPOS="439"/><String ID="p271_w26" CONTENT="aorta," HPOS="466" VPOS="275" WIDTH="102" HEIGHT="75" STYLEREFS="font0"/><SP WIDTH="24" VPOS="275" HPOS="568"/><String ID="p271_w27" CONTENT="in" HPOS="592" VPOS="275" WIDTH="33" HEIGHT="75" STYLEREFS="font0"/><SP WIDTH="26" VPOS="275" HPOS="625"/><String ID="p271_w28" CONTENT="others" HPOS="651" VPOS="275" WIDTH="109" HEIGHT="75" STYLEREFS="font0"/><SP WIDTH="32" VPOS="275" HPOS="760"/><String ID="p271_w29" CONTENT="only" HPOS="792" VPOS="275" WIDTH="78" HEIGHT="75" STYLEREFS="font0"/><SP WIDTH="26" VPOS="275" HPOS="870"/><String ID="p271_w30" CONTENT="the" HPOS="896" VPOS="275" WIDTH="55" HEIGHT="75" STYLEREFS="font0"/><SP WIDTH="28" VPOS="275" HPOS="951"/><String ID="p271_w31" CONTENT="lowefl:" HPOS="979" VPOS="275" WIDTH="108" HEIGHT="75" STYLEREFS="font0"/><SP WIDTH="28" VPOS="275" HPOS="1087"/><String ID="p271_w32" CONTENT="eight" HPOS="1115" VPOS="275" WIDTH="88" HEIGHT="75" STYLEREFS="font0"/><SP WIDTH="17" VPOS="275" HPOS="1203"/><String ID="p271_w33" CONTENT="or" HPOS="1220" VPOS="275" WIDTH="37" HEIGHT="75" STYLEREFS="font0"/></TextLine><TextLine WIDTH="85" HEIGHT="75" ID="p271_t6" HPOS="225" VPOS="321"><String ID="p271_w34" CONTENT="nine." HPOS="225" VPOS="321" WIDTH="85" HEIGHT="75" STYLEREFS="font0"/></TextLine><TextLine WIDTH="984" HEIGHT="75" ID="p271_t7" HPOS="270" VPOS="367"><String ID="p271_w35" CONTENT="The" HPOS="270" VPOS="367" WIDTH="77" HEIGHT="75" STYLEREFS="font0"/><SP WIDTH="15" VPOS="367" HPOS="347"/><String ID="p271_w36" CONTENT="inferior" HPOS="362" VPOS="367" WIDTH="132" HEIGHT="75" STYLEREFS="font0"/><SP WIDTH="16" VPOS="367" HPOS="494"/><String ID="p271_w37" CONTENT="portion" HPOS="510" VPOS="367" WIDTH="127" HEIGHT="75" STYLEREFS="font0"/><SP WIDTH="12" VPOS="367" HPOS="637"/><String ID="p271_w38" CONTENT="of" HPOS="649" VPOS="367" WIDTH="41" HEIGHT="75" STYLEREFS="font0"/><SP WIDTH="12" VPOS="367" HPOS="690"/><String ID="p271_w39" CONTENT="the" HPOS="702" VPOS="367" WIDTH="55" HEIGHT="75" STYLEREFS="font0"/><SP WIDTH="16" VPOS="367" HPOS="757"/><String ID="p271_w40" CONTENT="defcending" HPOS="773" VPOS="367" WIDTH="192" HEIGHT="75" STYLEREFS="font0"/><SP WIDTH="12" VPOS="367" HPOS="965"/><String ID="p271_w41" CONTENT="aorta," HPOS="977" VPOS="367" WIDTH="101" HEIGHT="75" STYLEREFS="font0"/><SP WIDTH="26" VPOS="367" HPOS="1078"/><String ID="p271_w42" CONTENT="as" HPOS="1104" VPOS="367" WIDTH="33" HEIGHT="75" STYLEREFS="font0"/><SP WIDTH="12" VPOS="367" HPOS="1137"/><String ID="p271_w43" CONTENT="it" HPOS="1149" VPOS="367" WIDTH="25" HEIGHT="75" STYLEREFS="font0"/><SP WIDTH="12" VPOS="367" HPOS="1174"/><String ID="p271_w44" CONTENT="paf-" HPOS="1186" VPOS="367" WIDTH="68" HEIGHT="75" STYLEREFS="font0"/></TextLine><TextLine WIDTH="1030" HEIGHT="75" ID="p271_t8" HPOS="224" VPOS="413"><String ID="p271_w45" CONTENT="fes" HPOS="224" VPOS="413" WIDTH="46" HEIGHT="75" STYLEREFS="font0"/><SP WIDTH="17" VPOS="413" HPOS="270"/><String ID="p271_w46" CONTENT="through" HPOS="287" VPOS="413" WIDTH="140" HEIGHT="75" STYLEREFS="font0"/><SP WIDTH="15" VPOS="413" HPOS="427"/><String ID="p271_w47" CONTENT="the" HPOS="442" VPOS="413" WIDTH="56" HEIGHT="75" STYLEREFS="font0"/><SP WIDTH="17" VPOS="413" HPOS="498"/><String ID="p271_w48" CONTENT="diaphragm," HPOS="515" VPOS="413" WIDTH="200" HEIGHT="75" STYLEREFS="font0"/><SP WIDTH="25" VPOS="413" HPOS="715"/><String ID="p271_w49" CONTENT="gives" HPOS="740" VPOS="413" WIDTH="87" HEIGHT="75" STYLEREFS="font0"/><SP WIDTH="17" VPOS="413" HPOS="827"/><String ID="p271_w50" CONTENT="off" HPOS="844" VPOS="413" WIDTH="51" HEIGHT="75" STYLEREFS="font0"/><SP WIDTH="11" VPOS="413" HPOS="895"/><String ID="p271_w51" CONTENT="the" HPOS="906" VPOS="413" WIDTH="55" HEIGHT="75" STYLEREFS="font0"/><SP WIDTH="16" VPOS="413" HPOS="961"/><String ID="p271_w52" CONTENT="diaphragmatica;" HPOS="977" VPOS="413" WIDTH="277" HEIGHT="75" STYLEREFS="font0"/></TextLine><TextLine WIDTH="1032" HEIGHT="75" ID="p271_t9" HPOS="224" VPOS="458"><String ID="p271_w53" CONTENT="inferiores," HPOS="224" VPOS="458" WIDTH="179" HEIGHT="75" STYLEREFS="font0"/><SP WIDTH="25" VPOS="458" HPOS="403"/><String ID="p271_w54" CONTENT="or" HPOS="428" VPOS="458" WIDTH="38" HEIGHT="75" STYLEREFS="font0"/><SP WIDTH="27" VPOS="458" HPOS="466"/><String ID="p271_w55" CONTENT="phrenicte;" HPOS="493" VPOS="458" WIDTH="179" HEIGHT="75" STYLEREFS="font0"/><SP WIDTH="28" VPOS="458" HPOS="672"/><String ID="p271_w56" CONTENT="afterwards" HPOS="700" VPOS="458" WIDTH="187" HEIGHT="75" STYLEREFS="font0"/><SP WIDTH="28" VPOS="458" HPOS="887"/><String ID="p271_w57" CONTENT="it" HPOS="915" VPOS="458" WIDTH="25" HEIGHT="75" STYLEREFS="font0"/><SP WIDTH="28" VPOS="458" HPOS="940"/><String ID="p271_w58" CONTENT="fends" HPOS="968" VPOS="458" WIDTH="90" HEIGHT="75" STYLEREFS="font0"/><SP WIDTH="17" VPOS="458" HPOS="1058"/><String ID="p271_w59" CONTENT="off" HPOS="1075" VPOS="458" WIDTH="52" HEIGHT="75" STYLEREFS="font0"/><SP WIDTH="10" VPOS="458" HPOS="1127"/><String ID="p271_w60" CONTENT="feveral" HPOS="1137" VPOS="458" WIDTH="119" HEIGHT="75" STYLEREFS="font0"/></TextLine><TextLine WIDTH="866" HEIGHT="75" ID="p271_t10" HPOS="222" VPOS="504"><String ID="p271_w61" CONTENT="branches," HPOS="222" VPOS="504" WIDTH="167" HEIGHT="75" STYLEREFS="font0"/><SP WIDTH="25" VPOS="504" HPOS="389"/><String ID="p271_w62" CONTENT="anteriorly," HPOS="414" VPOS="504" WIDTH="186" HEIGHT="75" STYLEREFS="font0"/><SP WIDTH="27" VPOS="504" HPOS="600"/><String ID="p271_w63" CONTENT="polleriorly," HPOS="627" VPOS="504" WIDTH="198" HEIGHT="75" STYLEREFS="font0"/><SP WIDTH="26" VPOS="504" HPOS="825"/><String ID="p271_w64" CONTENT="and" HPOS="851" VPOS="504" WIDTH="61" HEIGHT="75" STYLEREFS="font0"/><SP WIDTH="16" VPOS="504" HPOS="912"/><String ID="p271_w65" CONTENT="laterally." HPOS="928" VPOS="504" WIDTH="160" HEIGHT="75" STYLEREFS="font0"/></TextLine><TextLine WIDTH="985" HEIGHT="75" ID="p271_t11" HPOS="268" VPOS="551"><String ID="p271_w66" CONTENT="The" HPOS="268" VPOS="551" WIDTH="76" HEIGHT="75" STYLEREFS="font0"/><SP WIDTH="23" VPOS="551" HPOS="344"/><String ID="p271_w67" CONTENT="anterior" HPOS="367" VPOS="551" WIDTH="138" HEIGHT="75" STYLEREFS="font0"/><SP WIDTH="16" VPOS="551" HPOS="505"/><String ID="p271_w68" CONTENT="branches" HPOS="521" VPOS="551" WIDTH="154" HEIGHT="75" STYLEREFS="font0"/><SP WIDTH="19" VPOS="551" HPOS="675"/><String ID="p271_w69" CONTENT="are" HPOS="694" VPOS="551" WIDTH="52" HEIGHT="75" STYLEREFS="font0"/><SP WIDTH="17" VPOS="551" HPOS="746"/><String ID="p271_w70" CONTENT="the" HPOS="763" VPOS="551" WIDTH="54" HEIGHT="75" STYLEREFS="font0"/><SP WIDTH="17" VPOS="551" HPOS="817"/><String ID="p271_w71" CONTENT="aeliaca," HPOS="834" VPOS="551" WIDTH="136" HEIGHT="75" STYLEREFS="font0"/><SP WIDTH="25" VPOS="551" HPOS="970"/><String ID="p271_w72" CONTENT="which" HPOS="995" VPOS="551" WIDTH="106" HEIGHT="75" STYLEREFS="font0"/><SP WIDTH="17" VPOS="551" HPOS="1101"/><String ID="p271_w73" CONTENT="fupplies" HPOS="1118" VPOS="551" WIDTH="135" HEIGHT="75" STYLEREFS="font0"/></TextLine><TextLine WIDTH="1029" HEIGHT="75" ID="p271_t12" HPOS="222" VPOS="597"><String ID="p271_w74" CONTENT="the" HPOS="222" VPOS="597" WIDTH="56" HEIGHT="75" STYLEREFS="font0"/><SP WIDTH="22" VPOS="597" HPOS="278"/><String ID="p271_w75" CONTENT="ffomach," HPOS="300" VPOS="597" WIDTH="153" HEIGHT="75" STYLEREFS="font0"/><SP WIDTH="24" VPOS="597" HPOS="453"/><String ID="p271_w76" CONTENT="liver," HPOS="477" VPOS="597" WIDTH="93" HEIGHT="75" STYLEREFS="font0"/><SP WIDTH="25" VPOS="597" HPOS="570"/><String ID="p271_w77" CONTENT="fpleen," HPOS="595" VPOS="597" WIDTH="117" HEIGHT="75" STYLEREFS="font0"/><SP WIDTH="25" VPOS="597" HPOS="712"/><String ID="p271_w78" CONTENT="pancreas," HPOS="737" VPOS="597" WIDTH="164" HEIGHT="75" STYLEREFS="font0"/><SP WIDTH="25" VPOS="597" HPOS="901"/><String ID="p271_w79" CONTENT="(be." HPOS="926" VPOS="597" WIDTH="64" HEIGHT="75" STYLEREFS="font0"/><SP WIDTH="28" VPOS="597" HPOS="990"/><String ID="p271_w80" CONTENT="the" HPOS="1018" VPOS="597" WIDTH="54" HEIGHT="75" STYLEREFS="font0"/><SP WIDTH="27" VPOS="597" HPOS="1072"/><String ID="p271_w81" CONTENT="mefente-" HPOS="1099" VPOS="597" WIDTH="152" HEIGHT="75" STYLEREFS="font0"/></TextLine><TextLine WIDTH="1030" HEIGHT="75" ID="p271_t13" HPOS="222" VPOS="643"><String ID="p271_w82" CONTENT="rica" HPOS="222" VPOS="643" WIDTH="65" HEIGHT="75" STYLEREFS="font0"/><SP WIDTH="15" VPOS="643" HPOS="287"/><String ID="p271_w83" CONTENT="fuperior," HPOS="302" VPOS="643" WIDTH="152" HEIGHT="75" STYLEREFS="font0"/><SP WIDTH="25" VPOS="643" HPOS="454"/><String ID="p271_w84" CONTENT="which" HPOS="479" VPOS="643" WIDTH="106" HEIGHT="75" STYLEREFS="font0"/><SP WIDTH="24" VPOS="643" HPOS="585"/><String ID="p271_w85" CONTENT="goes" HPOS="609" VPOS="643" WIDTH="75" HEIGHT="75" STYLEREFS="font0"/><SP WIDTH="29" VPOS="643" HPOS="684"/><String ID="p271_w86" CONTENT="chiefly" HPOS="713" VPOS="643" WIDTH="116" HEIGHT="75" STYLEREFS="font0"/><SP WIDTH="27" VPOS="643" HPOS="829"/><String ID="p271_w87" CONTENT="to" HPOS="856" VPOS="643" WIDTH="35" HEIGHT="75" STYLEREFS="font0"/><SP WIDTH="29" VPOS="643" HPOS="891"/><String ID="p271_w88" CONTENT="the" HPOS="920" VPOS="643" WIDTH="56" HEIGHT="75" STYLEREFS="font0"/><SP WIDTH="27" VPOS="643" HPOS="976"/><String ID="p271_w89" CONTENT="mefentery," HPOS="1003" VPOS="643" WIDTH="189" HEIGHT="75" STYLEREFS="font0"/><SP WIDTH="26" VPOS="643" HPOS="1192"/><String ID="p271_w90" CONTENT="to" HPOS="1218" VPOS="643" WIDTH="34" HEIGHT="75" STYLEREFS="font0"/></TextLine><TextLine WIDTH="1029" HEIGHT="75" ID="p271_t14" HPOS="222" VPOS="689"><String ID="p271_w91" CONTENT="the" HPOS="222" VPOS="689" WIDTH="55" HEIGHT="75" STYLEREFS="font0"/><SP WIDTH="17" VPOS="689" HPOS="277"/><String ID="p271_w92" CONTENT="fmall" HPOS="294" VPOS="689" WIDTH="89" HEIGHT="75" STYLEREFS="font0"/><SP WIDTH="17" VPOS="689" HPOS="383"/><String ID="p271_w93" CONTENT="inteftines," HPOS="400" VPOS="689" WIDTH="173" HEIGHT="75" STYLEREFS="font0"/><SP WIDTH="26" VPOS="689" HPOS="573"/><String ID="p271_w94" CONTENT="and" HPOS="599" VPOS="689" WIDTH="60" HEIGHT="75" STYLEREFS="font0"/><SP WIDTH="27" VPOS="689" HPOS="659"/><String ID="p271_w95" CONTENT="that" HPOS="686" VPOS="689" WIDTH="69" HEIGHT="75" STYLEREFS="font0"/><SP WIDTH="16" VPOS="689" HPOS="755"/><String ID="p271_w96" CONTENT="part" HPOS="771" VPOS="689" WIDTH="71" HEIGHT="75" STYLEREFS="font0"/><SP WIDTH="17" VPOS="689" HPOS="842"/><String ID="p271_w97" CONTENT="of" HPOS="859" VPOS="689" WIDTH="40" HEIGHT="75" STYLEREFS="font0"/><SP WIDTH="17" VPOS="689" HPOS="899"/><String ID="p271_w98" CONTENT="the" HPOS="916" VPOS="689" WIDTH="56" HEIGHT="75" STYLEREFS="font0"/><SP WIDTH="16" VPOS="689" HPOS="972"/><String ID="p271_w99" CONTENT="great" HPOS="988" VPOS="689" WIDTH="90" HEIGHT="75" STYLEREFS="font0"/><SP WIDTH="14" VPOS="689" HPOS="1078"/><String ID="p271_w100" CONTENT="i‘n" HPOS="1092" VPOS="689" WIDTH="34" HEIGHT="75" STYLEREFS="font0"/><SP WIDTH="2" VPOS="689" HPOS="1126"/><String ID="p271_w101" CONTENT="tel" HPOS="1128" VPOS="689" WIDTH="40" HEIGHT="75" STYLEREFS="font0"/><SP WIDTH="4" VPOS="689" HPOS="1168"/><String ID="p271_w102" CONTENT="tines" HPOS="1172" VPOS="689" WIDTH="79" HEIGHT="75" STYLEREFS="font0"/></TextLine><TextLine WIDTH="1029" HEIGHT="75" ID="p271_t15" HPOS="222" VPOS="735"><String ID="p271_w103" CONTENT="which" HPOS="222" VPOS="735" WIDTH="106" HEIGHT="75" STYLEREFS="font0"/><SP WIDTH="17" VPOS="735" HPOS="328"/><String ID="p271_w104" CONTENT="lies" HPOS="345" VPOS="735" WIDTH="59" HEIGHT="75" STYLEREFS="font0"/><SP WIDTH="18" VPOS="735" HPOS="404"/><String ID="p271_w105" CONTENT="on" HPOS="422" VPOS="735" WIDTH="40" HEIGHT="75" STYLEREFS="font0"/><SP WIDTH="15" VPOS="735" HPOS="462"/><String ID="p271_w106" CONTENT="the" HPOS="477" VPOS="735" WIDTH="57" HEIGHT="75" STYLEREFS="font0"/><SP WIDTH="25" VPOS="735" HPOS="534"/><String ID="p271_w107" CONTENT="right" HPOS="559" VPOS="735" WIDTH="86" HEIGHT="75" STYLEREFS="font0"/><SP WIDTH="27" VPOS="735" HPOS="645"/><String ID="p271_w108" CONTENT="fide" HPOS="672" VPOS="735" WIDTH="64" HEIGHT="75" STYLEREFS="font0"/><SP WIDTH="27" VPOS="735" HPOS="736"/><String ID="p271_w109" CONTENT="of" HPOS="763" VPOS="735" WIDTH="40" HEIGHT="75" STYLEREFS="font0"/><SP WIDTH="24" VPOS="735" HPOS="803"/><String ID="p271_w110" CONTENT="the" HPOS="827" VPOS="735" WIDTH="55" HEIGHT="75" STYLEREFS="font0"/><SP WIDTH="26" VPOS="735" HPOS="882"/><String ID="p271_w111" CONTENT="abdomen" HPOS="908" VPOS="735" WIDTH="155" HEIGHT="75" STYLEREFS="font0"/><SP WIDTH="14" VPOS="735" HPOS="1063"/><String ID="p271_w112" CONTENT=";" HPOS="1077" VPOS="735" WIDTH="10" HEIGHT="75" STYLEREFS="font0"/><SP WIDTH="27" VPOS="735" HPOS="1087"/><String ID="p271_w113" CONTENT="the" HPOS="1114" VPOS="735" WIDTH="54" HEIGHT="75" STYLEREFS="font0"/><SP WIDTH="18" VPOS="735" HPOS="1168"/><String ID="p271_w114" CONTENT="me-" HPOS="1186" VPOS="735" WIDTH="65" HEIGHT="75" STYLEREFS="font0"/></TextLine><TextLine WIDTH="1026" HEIGHT="75" ID="p271_t16" HPOS="225" VPOS="781"><String ID="p271_w115" CONTENT="fenterica" HPOS="225" VPOS="781" WIDTH="154" HEIGHT="75" STYLEREFS="font0"/><SP WIDTH="16" VPOS="781" HPOS="379"/><String ID="p271_w116" CONTENT="inferior," HPOS="395" VPOS="781" WIDTH="146" HEIGHT="75" STYLEREFS="font0"/><SP WIDTH="26" VPOS="781" HPOS="541"/><String ID="p271_w117" CONTENT="which" HPOS="567" VPOS="781" WIDTH="104" HEIGHT="75" STYLEREFS="font0"/><SP WIDTH="33" VPOS="781" HPOS="671"/><String ID="p271_w118" CONTENT="goes" HPOS="704" VPOS="781" WIDTH="75" HEIGHT="75" STYLEREFS="font0"/><SP WIDTH="18" VPOS="781" HPOS="779"/><String ID="p271_w119" CONTENT="to" HPOS="797" VPOS="781" WIDTH="36" HEIGHT="75" STYLEREFS="font0"/><SP WIDTH="17" VPOS="781" HPOS="833"/><String ID="p271_w120" CONTENT="the" HPOS="850" VPOS="781" WIDTH="55" HEIGHT="75" STYLEREFS="font0"/><SP WIDTH="16" VPOS="781" HPOS="905"/><String ID="p271_w121" CONTENT="great" HPOS="921" VPOS="781" WIDTH="91" HEIGHT="75" STYLEREFS="font0"/><SP WIDTH="22" VPOS="781" HPOS="1012"/><String ID="p271_w122" CONTENT="inteftines" HPOS="1034" VPOS="781" WIDTH="159" HEIGHT="75" STYLEREFS="font0"/><SP WIDTH="16" VPOS="781" HPOS="1193"/><String ID="p271_w123" CONTENT="on" HPOS="1209" VPOS="781" WIDTH="42" HEIGHT="75" STYLEREFS="font0"/></TextLine><TextLine WIDTH="1029" HEIGHT="75" ID="p271_t17" HPOS="220" VPOS="829"><String ID="p271_w124" CONTENT="the" HPOS="220" VPOS="829" WIDTH="55" HEIGHT="75" STYLEREFS="font0"/><SP WIDTH="12" VPOS="829" HPOS="275"/><String ID="p271_w125" CONTENT="Jeft" HPOS="287" VPOS="829" WIDTH="65" HEIGHT="75" STYLEREFS="font0"/><SP WIDTH="15" VPOS="829" HPOS="352"/><String ID="p271_w126" CONTENT="fide," HPOS="367" VPOS="829" WIDTH="77" HEIGHT="75" STYLEREFS="font0"/><SP WIDTH="25" VPOS="829" HPOS="444"/><String ID="p271_w127" CONTENT="and" HPOS="469" VPOS="829" WIDTH="61" HEIGHT="75" STYLEREFS="font0"/><SP WIDTH="16" VPOS="829" HPOS="530"/><String ID="p271_w128" CONTENT="produces" HPOS="546" VPOS="829" WIDTH="156" HEIGHT="75" STYLEREFS="font0"/><SP WIDTH="29" VPOS="829" HPOS="702"/><String ID="p271_w129" CONTENT="the" HPOS="731" VPOS="829" WIDTH="54" HEIGHT="75" STYLEREFS="font0"/><SP WIDTH="23" VPOS="829" HPOS="785"/><String ID="p271_w130" CONTENT="hasmorrhoidalis" HPOS="808" VPOS="829" WIDTH="272" HEIGHT="75" STYLEREFS="font0"/><SP WIDTH="24" VPOS="829" HPOS="1080"/><String ID="p271_w131" CONTENT="interna;" HPOS="1104" VPOS="829" WIDTH="145" HEIGHT="75" STYLEREFS="font0"/></TextLine><TextLine WIDTH="888" HEIGHT="75" ID="p271_t18" HPOS="220" VPOS="873"><String ID="p271_w132" CONTENT="and" HPOS="220" VPOS="873" WIDTH="62" HEIGHT="75" STYLEREFS="font0"/><SP WIDTH="16" VPOS="873" HPOS="282"/><String ID="p271_w133" CONTENT="laftly," HPOS="298" VPOS="873" WIDTH="104" HEIGHT="75" STYLEREFS="font0"/><SP WIDTH="25" VPOS="873" HPOS="402"/><String ID="p271_w134" CONTENT="the" HPOS="427" VPOS="873" WIDTH="55" HEIGHT="75" STYLEREFS="font0"/><SP WIDTH="17" VPOS="873" HPOS="482"/><String ID="p271_w135" CONTENT="right" HPOS="499" VPOS="873" WIDTH="86" HEIGHT="75" STYLEREFS="font0"/><SP WIDTH="17" VPOS="873" HPOS="585"/><String ID="p271_w136" CONTENT="and" HPOS="602" VPOS="873" WIDTH="62" HEIGHT="75" STYLEREFS="font0"/><SP WIDTH="15" VPOS="873" HPOS="664"/><String ID="p271_w137" CONTENT="left" HPOS="679" VPOS="873" WIDTH="61" HEIGHT="75" STYLEREFS="font0"/><SP WIDTH="24" VPOS="873" HPOS="740"/><String ID="p271_w138" CONTENT="arteriae" HPOS="764" VPOS="873" WIDTH="121" HEIGHT="75" STYLEREFS="font0"/><SP WIDTH="16" VPOS="873" HPOS="885"/><String ID="p271_w139" CONTENT="fpermaticae." HPOS="901" VPOS="873" WIDTH="207" HEIGHT="75" STYLEREFS="font0"/></TextLine><TextLine WIDTH="992" HEIGHT="75" ID="p271_t19" HPOS="265" VPOS="919"><String ID="p271_w140" CONTENT="The" HPOS="265" VPOS="919" WIDTH="77" HEIGHT="75" STYLEREFS="font0"/><SP WIDTH="17" VPOS="919" HPOS="342"/><String ID="p271_w141" CONTENT="pofterior" HPOS="359" VPOS="919" WIDTH="152" HEIGHT="75" STYLEREFS="font0"/><SP WIDTH="17" VPOS="919" HPOS="511"/><String ID="p271_w142" CONTENT="branches" HPOS="528" VPOS="919" WIDTH="155" HEIGHT="75" STYLEREFS="font0"/><SP WIDTH="27" VPOS="919" HPOS="683"/><String ID="p271_w143" CONTENT="are" HPOS="710" VPOS="919" WIDTH="53" HEIGHT="75" STYLEREFS="font0"/><SP WIDTH="27" VPOS="919" HPOS="763"/><String ID="p271_w144" CONTENT="the" HPOS="790" VPOS="919" WIDTH="56" HEIGHT="75" STYLEREFS="font0"/><SP WIDTH="24" VPOS="919" HPOS="846"/><String ID="p271_w145" CONTENT="arteriae" HPOS="870" VPOS="919" WIDTH="122" HEIGHT="75" STYLEREFS="font0"/><SP WIDTH="28" VPOS="919" HPOS="992"/><String ID="p271_w146" CONTENT="lumbares," HPOS="1020" VPOS="919" WIDTH="172" HEIGHT="75" STYLEREFS="font0"/><SP WIDTH="25" VPOS="919" HPOS="1192"/><String ID="p271_w147" CONTENT="of" HPOS="1217" VPOS="919" WIDTH="40" HEIGHT="75" STYLEREFS="font0"/></TextLine><TextLine WIDTH="1036" HEIGHT="75" ID="p271_t20" HPOS="214" VPOS="965"><String ID="p271_w148" CONTENT=".which" HPOS="214" VPOS="965" WIDTH="113" HEIGHT="75" STYLEREFS="font0"/><SP WIDTH="16" VPOS="965" HPOS="327"/><String ID="p271_w149" CONTENT="there" HPOS="343" VPOS="965" WIDTH="91" HEIGHT="75" STYLEREFS="font0"/><SP WIDTH="17" VPOS="965" HPOS="434"/><String ID="p271_w150" CONTENT="are" HPOS="451" VPOS="965" WIDTH="54" HEIGHT="75" STYLEREFS="font0"/><SP WIDTH="27" VPOS="965" HPOS="505"/><String ID="p271_w151" CONTENT="feveral" HPOS="532" VPOS="965" WIDTH="119" HEIGHT="75" STYLEREFS="font0"/><SP WIDTH="16" VPOS="965" HPOS="651"/><String ID="p271_w152" CONTENT="pairs," HPOS="667" VPOS="965" WIDTH="97" HEIGHT="75" STYLEREFS="font0"/><SP WIDTH="25" VPOS="965" HPOS="764"/><String ID="p271_w153" CONTENT="and" HPOS="789" VPOS="965" WIDTH="60" HEIGHT="75" STYLEREFS="font0"/><SP WIDTH="17" VPOS="965" HPOS="849"/><String ID="p271_w154" CONTENT="the" HPOS="866" VPOS="965" WIDTH="56" HEIGHT="75" STYLEREFS="font0"/><SP WIDTH="33" VPOS="965" HPOS="922"/><String ID="p271_w155" CONTENT="faerse," HPOS="955" VPOS="965" WIDTH="106" HEIGHT="75" STYLEREFS="font0"/><SP WIDTH="26" VPOS="965" HPOS="1061"/><String ID="p271_w156" CONTENT="which" HPOS="1087" VPOS="965" WIDTH="104" HEIGHT="75" STYLEREFS="font0"/><SP WIDTH="16" VPOS="965" HPOS="1191"/><String ID="p271_w157" CONTENT="do" HPOS="1207" VPOS="965" WIDTH="43" HEIGHT="75" STYLEREFS="font0"/></TextLine><TextLine WIDTH="824" HEIGHT="75" ID="p271_t21" HPOS="220" VPOS="1011"><String ID="p271_w158" CONTENT="not" HPOS="220" VPOS="1011" WIDTH="57" HEIGHT="75" STYLEREFS="font0"/><SP WIDTH="18" VPOS="1011" HPOS="277"/><String ID="p271_w159" CONTENT="always" HPOS="295" VPOS="1011" WIDTH="117" HEIGHT="75" STYLEREFS="font0"/><SP WIDTH="18" VPOS="1011" HPOS="412"/><String ID="p271_w160" CONTENT="come" HPOS="430" VPOS="1011" WIDTH="88" HEIGHT="75" STYLEREFS="font0"/><SP WIDTH="17" VPOS="1011" HPOS="518"/><String ID="p271_w161" CONTENT="from" HPOS="535" VPOS="1011" WIDTH="84" HEIGHT="75" STYLEREFS="font0"/><SP WIDTH="16" VPOS="1011" HPOS="619"/><String ID="p271_w162" CONTENT="the" HPOS="635" VPOS="1011" WIDTH="55" HEIGHT="75" STYLEREFS="font0"/><SP WIDTH="16" VPOS="1011" HPOS="690"/><String ID="p271_w163" CONTENT="trunk" HPOS="706" VPOS="1011" WIDTH="96" HEIGHT="75" STYLEREFS="font0"/><SP WIDTH="16" VPOS="1011" HPOS="802"/><String ID="p271_w164" CONTENT="of" HPOS="818" VPOS="1011" WIDTH="41" HEIGHT="75" STYLEREFS="font0"/><SP WIDTH="10" VPOS="1011" HPOS="859"/><String ID="p271_w165" CONTENT="the" HPOS="869" VPOS="1011" WIDTH="56" HEIGHT="75" STYLEREFS="font0"/><SP WIDTH="17" VPOS="1011" HPOS="925"/><String ID="p271_w166" CONTENT="aorta." HPOS="942" VPOS="1011" WIDTH="102" HEIGHT="75" STYLEREFS="font0"/></TextLine><TextLine WIDTH="1032" HEIGHT="75" ID="p271_t22" HPOS="215" VPOS="1057"><String ID="p271_w167" CONTENT="•" HPOS="215" VPOS="1057" WIDTH="6" HEIGHT="75" STYLEREFS="font0"/><SP WIDTH="45" VPOS="1057" HPOS="221"/><String ID="p271_w168" CONTENT="The" HPOS="266" VPOS="1057" WIDTH="77" HEIGHT="75" STYLEREFS="font0"/><SP WIDTH="14" VPOS="1057" HPOS="343"/><String ID="p271_w169" CONTENT="lateral" HPOS="357" VPOS="1057" WIDTH="112" HEIGHT="75" STYLEREFS="font0"/><SP WIDTH="28" VPOS="1057" HPOS="469"/><String ID="p271_w170" CONTENT="branches" HPOS="497" VPOS="1057" WIDTH="154" HEIGHT="75" STYLEREFS="font0"/><SP WIDTH="28" VPOS="1057" HPOS="651"/><String ID="p271_w171" CONTENT="are" HPOS="679" VPOS="1057" WIDTH="52" HEIGHT="75" STYLEREFS="font0"/><SP WIDTH="28" VPOS="1057" HPOS="731"/><String ID="p271_w172" CONTENT="the" HPOS="759" VPOS="1057" WIDTH="55" HEIGHT="75" STYLEREFS="font0"/><SP WIDTH="17" VPOS="1057" HPOS="814"/><String ID="p271_w173" CONTENT="c'" HPOS="831" VPOS="1057" WIDTH="25" HEIGHT="75" STYLEREFS="font0"/><String ID="p271_w174" CONTENT="apfulares" HPOS="856" VPOS="1057" WIDTH="150" HEIGHT="75" STYLEREFS="font0"/><SP WIDTH="17" VPOS="1057" HPOS="1006"/><String ID="p271_w175" CONTENT="and" HPOS="1023" VPOS="1057" WIDTH="62" HEIGHT="75" STYLEREFS="font0"/><SP WIDTH="16" VPOS="1057" HPOS="1085"/><String ID="p271_w176" CONTENT="adipofe," HPOS="1101" VPOS="1057" WIDTH="146" HEIGHT="75" STYLEREFS="font0"/></TextLine><TextLine WIDTH="1030" HEIGHT="75" ID="p271_t23" HPOS="220" VPOS="1104"><String ID="p271_w177" CONTENT="the" HPOS="220" VPOS="1104" WIDTH="55" HEIGHT="75" STYLEREFS="font0"/><SP WIDTH="16" VPOS="1104" HPOS="275"/><String ID="p271_w178" CONTENT="origin" HPOS="291" VPOS="1104" WIDTH="103" HEIGHT="75" STYLEREFS="font0"/><SP WIDTH="24" VPOS="1104" HPOS="394"/><String ID="p271_w179" CONTENT="of" HPOS="418" VPOS="1104" WIDTH="40" HEIGHT="75" STYLEREFS="font0"/><SP WIDTH="11" VPOS="1104" HPOS="458"/><String ID="p271_w180" CONTENT="which" HPOS="469" VPOS="1104" WIDTH="105" HEIGHT="75" STYLEREFS="font0"/><SP WIDTH="16" VPOS="1104" HPOS="574"/><String ID="p271_w181" CONTENT="often" HPOS="590" VPOS="1104" WIDTH="92" HEIGHT="75" STYLEREFS="font0"/><SP WIDTH="22" VPOS="1104" HPOS="682"/><String ID="p271_w182" CONTENT="varies;" HPOS="704" VPOS="1104" WIDTH="122" HEIGHT="75" STYLEREFS="font0"/><SP WIDTH="26" VPOS="1104" HPOS="826"/><String ID="p271_w183" CONTENT="the" HPOS="852" VPOS="1104" WIDTH="56" HEIGHT="75" STYLEREFS="font0"/><SP WIDTH="28" VPOS="1104" HPOS="908"/><String ID="p271_w184" CONTENT="renales," HPOS="936" VPOS="1104" WIDTH="134" HEIGHT="75" STYLEREFS="font0"/><SP WIDTH="26" VPOS="1104" HPOS="1070"/><String ID="p271_w185" CONTENT="formerly" HPOS="1096" VPOS="1104" WIDTH="154" HEIGHT="75" STYLEREFS="font0"/></TextLine><TextLine WIDTH="1029" HEIGHT="75" ID="p271_t24" HPOS="220" VPOS="1150"><String ID="p271_w186" CONTENT="termed" HPOS="220" VPOS="1150" WIDTH="121" HEIGHT="75" STYLEREFS="font0"/><SP WIDTH="18" VPOS="1150" HPOS="341"/><String ID="p271_w187" CONTENT="emulgents;" HPOS="359" VPOS="1150" WIDTH="198" HEIGHT="75" STYLEREFS="font0"/><SP WIDTH="28" VPOS="1150" HPOS="557"/><String ID="p271_w188" CONTENT="and" HPOS="585" VPOS="1150" WIDTH="63" HEIGHT="75" STYLEREFS="font0"/><SP WIDTH="26" VPOS="1150" HPOS="648"/><String ID="p271_w189" CONTENT="the" HPOS="674" VPOS="1150" WIDTH="56" HEIGHT="75" STYLEREFS="font0"/><SP WIDTH="15" VPOS="1150" HPOS="730"/><String ID="p271_w190" CONTENT="iiiacae," HPOS="745" VPOS="1150" WIDTH="112" HEIGHT="75" STYLEREFS="font0"/><SP WIDTH="25" VPOS="1150" HPOS="857"/><String ID="p271_w191" CONTENT="which" HPOS="882" VPOS="1150" WIDTH="105" HEIGHT="75" STYLEREFS="font0"/><SP WIDTH="23" VPOS="1150" HPOS="987"/><String ID="p271_w192" CONTENT="terminate" HPOS="1010" VPOS="1150" WIDTH="168" HEIGHT="75" STYLEREFS="font0"/><SP WIDTH="15" VPOS="1150" HPOS="1178"/><String ID="p271_w193" CONTENT="the" HPOS="1193" VPOS="1150" WIDTH="56" HEIGHT="75" STYLEREFS="font0"/></TextLine><TextLine WIDTH="778" HEIGHT="75" ID="p271_t25" HPOS="219" VPOS="1196"><String ID="p271_w194" CONTENT="aorta" HPOS="219" VPOS="1196" WIDTH="89" HEIGHT="75" STYLEREFS="font0"/><SP WIDTH="16" VPOS="1196" HPOS="308"/><String ID="p271_w195" CONTENT="by" HPOS="324" VPOS="1196" WIDTH="43" HEIGHT="75" STYLEREFS="font0"/><SP WIDTH="16" VPOS="1196" HPOS="367"/><String ID="p271_w196" CONTENT="the" HPOS="383" VPOS="1196" WIDTH="54" HEIGHT="75" STYLEREFS="font0"/><SP WIDTH="12" VPOS="1196" HPOS="437"/><String ID="p271_w197" CONTENT="bifurcation" HPOS="449" VPOS="1196" WIDTH="191" HEIGHT="75" STYLEREFS="font0"/><SP WIDTH="16" VPOS="1196" HPOS="640"/><String ID="p271_w198" CONTENT="already" HPOS="656" VPOS="1196" WIDTH="130" HEIGHT="75" STYLEREFS="font0"/><SP WIDTH="16" VPOS="1196" HPOS="786"/><String ID="p271_w199" CONTENT="mentioned." HPOS="802" VPOS="1196" WIDTH="195" HEIGHT="75" STYLEREFS="font0"/></TextLine><TextLine WIDTH="1034" HEIGHT="75" ID="p271_t26" HPOS="213" VPOS="1242"><String ID="p271_w200" CONTENT="•" HPOS="213" VPOS="1242" WIDTH="6" HEIGHT="75" STYLEREFS="font0"/><SP WIDTH="45" VPOS="1242" HPOS="219"/><String ID="p271_w201" CONTENT="The" HPOS="264" VPOS="1242" WIDTH="78" HEIGHT="75" STYLEREFS="font0"/><SP WIDTH="17" VPOS="1242" HPOS="342"/><String ID="p271_w202" CONTENT="iliac" HPOS="359" VPOS="1242" WIDTH="73" HEIGHT="75" STYLEREFS="font0"/><SP WIDTH="10" VPOS="1242" HPOS="432"/><String ID="p271_w203" CONTENT="artery" HPOS="442" VPOS="1242" WIDTH="108" HEIGHT="75" STYLEREFS="font0"/><SP WIDTH="17" VPOS="1242" HPOS="550"/><String ID="p271_w204" CONTENT="on" HPOS="567" VPOS="1242" WIDTH="41" HEIGHT="75" STYLEREFS="font0"/><SP WIDTH="18" VPOS="1242" HPOS="608"/><String ID="p271_w205" CONTENT="each’" HPOS="626" VPOS="1242" WIDTH="81" HEIGHT="75" STYLEREFS="font0"/><SP WIDTH="12" VPOS="1242" HPOS="707"/><String ID="p271_w206" CONTENT="fide" HPOS="719" VPOS="1242" WIDTH="63" HEIGHT="75" STYLEREFS="font0"/><SP WIDTH="13" VPOS="1242" HPOS="782"/><String ID="p271_w207" CONTENT="is" HPOS="795" VPOS="1242" WIDTH="27" HEIGHT="75" STYLEREFS="font0"/><SP WIDTH="13" VPOS="1242" HPOS="822"/><String ID="p271_w208" CONTENT="commonly" HPOS="835" VPOS="1242" WIDTH="182" HEIGHT="75" STYLEREFS="font0"/><SP WIDTH="15" VPOS="1242" HPOS="1017"/><String ID="p271_w209" CONTENT="divided" HPOS="1032" VPOS="1242" WIDTH="130" HEIGHT="75" STYLEREFS="font0"/><SP WIDTH="16" VPOS="1242" HPOS="1162"/><String ID="p271_w210" CONTENT="into" HPOS="1178" VPOS="1242" WIDTH="69" HEIGHT="75" STYLEREFS="font0"/></TextLine><TextLine WIDTH="909" HEIGHT="75" ID="p271_t27" HPOS="220" VPOS="1288"><String ID="p271_w211" CONTENT="the" HPOS="220" VPOS="1288" WIDTH="54" HEIGHT="75" STYLEREFS="font0"/><SP WIDTH="17" VPOS="1288" HPOS="274"/><String ID="p271_w212" CONTENT="external" HPOS="291" VPOS="1288" WIDTH="145" HEIGHT="75" STYLEREFS="font0"/><SP WIDTH="16" VPOS="1288" HPOS="436"/><String ID="p271_w213" CONTENT="or" HPOS="452" VPOS="1288" WIDTH="37" HEIGHT="75" STYLEREFS="font0"/><SP WIDTH="16" VPOS="1288" HPOS="489"/><String ID="p271_w214" CONTENT="anterior," HPOS="505" VPOS="1288" WIDTH="151" HEIGHT="75" STYLEREFS="font0"/><SP WIDTH="25" VPOS="1288" HPOS="656"/><String ID="p271_w215" CONTENT="and" HPOS="681" VPOS="1288" WIDTH="62" HEIGHT="75" STYLEREFS="font0"/><SP WIDTH="16" VPOS="1288" HPOS="743"/><String ID="p271_w216" CONTENT="internal" HPOS="759" VPOS="1288" WIDTH="134" HEIGHT="75" STYLEREFS="font0"/><SP WIDTH="18" VPOS="1288" HPOS="893"/><String ID="p271_w217" CONTENT="or" HPOS="911" VPOS="1288" WIDTH="36" HEIGHT="75" STYLEREFS="font0"/><SP WIDTH="17" VPOS="1288" HPOS="947"/><String ID="p271_w218" CONTENT="pofterior." HPOS="964" VPOS="1288" WIDTH="165" HEIGHT="75" STYLEREFS="font0"/></TextLine><TextLine WIDTH="980" HEIGHT="75" ID="p271_t28" HPOS="266" VPOS="1334"><String ID="p271_w219" CONTENT="The" HPOS="266" VPOS="1334" WIDTH="76" HEIGHT="75" STYLEREFS="font0"/><SP WIDTH="17" VPOS="1334" HPOS="342"/><String ID="p271_w220" CONTENT="internal" HPOS="359" VPOS="1334" WIDTH="134" HEIGHT="75" STYLEREFS="font0"/><SP WIDTH="28" VPOS="1334" HPOS="493"/><String ID="p271_w221" CONTENT="iliaca" HPOS="521" VPOS="1334" WIDTH="91" HEIGHT="75" STYLEREFS="font0"/><SP WIDTH="27" VPOS="1334" HPOS="612"/><String ID="p271_w222" CONTENT="is" HPOS="639" VPOS="1334" WIDTH="26" HEIGHT="75" STYLEREFS="font0"/><SP WIDTH="24" VPOS="1334" HPOS="665"/><String ID="p271_w223" CONTENT="likewife" HPOS="689" VPOS="1334" WIDTH="138" HEIGHT="75" STYLEREFS="font0"/><SP WIDTH="18" VPOS="1334" HPOS="827"/><String ID="p271_w224" CONTENT="named" HPOS="845" VPOS="1334" WIDTH="112" HEIGHT="75" STYLEREFS="font0"/><SP WIDTH="17" VPOS="1334" HPOS="957"/><String ID="p271_w225" CONTENT="arteria" HPOS="974" VPOS="1334" WIDTH="116" HEIGHT="75" STYLEREFS="font0"/><SP WIDTH="15" VPOS="1334" HPOS="1090"/><String ID="p271_w226" CONTENT="hypoga-" HPOS="1105" VPOS="1334" WIDTH="141" HEIGHT="75" STYLEREFS="font0"/></TextLine><TextLine WIDTH="1028" HEIGHT="75" ID="p271_t29" HPOS="219" VPOS="1379"><String ID="p271_w227" CONTENT="ftrica" HPOS="219" VPOS="1379" WIDTH="91" HEIGHT="75" STYLEREFS="font0"/><SP WIDTH="12" VPOS="1379" HPOS="310"/><String ID="p271_w228" CONTENT=";" HPOS="322" VPOS="1379" WIDTH="10" HEIGHT="75" STYLEREFS="font0"/><SP WIDTH="27" VPOS="1379" HPOS="332"/><String ID="p271_w229" CONTENT="and" HPOS="359" VPOS="1379" WIDTH="62" HEIGHT="75" STYLEREFS="font0"/><SP WIDTH="16" VPOS="1379" HPOS="421"/><String ID="p271_w230" CONTENT="its" HPOS="437" VPOS="1379" WIDTH="41" HEIGHT="75" STYLEREFS="font0"/><SP WIDTH="17" VPOS="1379" HPOS="478"/><String ID="p271_w231" CONTENT="ramifications" HPOS="495" VPOS="1379" WIDTH="224" HEIGHT="75" STYLEREFS="font0"/><SP WIDTH="13" VPOS="1379" HPOS="719"/><String ID="p271_w232" CONTENT="are" HPOS="732" VPOS="1379" WIDTH="52" HEIGHT="75" STYLEREFS="font0"/><SP WIDTH="15" VPOS="1379" HPOS="784"/><String ID="p271_w233" CONTENT="dillributed" HPOS="799" VPOS="1379" WIDTH="190" HEIGHT="75" STYLEREFS="font0"/><SP WIDTH="16" VPOS="1379" HPOS="989"/><String ID="p271_w234" CONTENT="to" HPOS="1005" VPOS="1379" WIDTH="34" HEIGHT="75" STYLEREFS="font0"/><SP WIDTH="17" VPOS="1379" HPOS="1039"/><String ID="p271_w235" CONTENT="the" HPOS="1056" VPOS="1379" WIDTH="55" HEIGHT="75" STYLEREFS="font0"/><SP WIDTH="17" VPOS="1379" HPOS="1111"/><String ID="p271_w236" CONTENT="vifeera" HPOS="1128" VPOS="1379" WIDTH="119" HEIGHT="75" STYLEREFS="font0"/></TextLine><TextLine WIDTH="1053" HEIGHT="104" ID="p271_t30" HPOS="193" VPOS="1399"><String ID="p271_w237" CONTENT="■" HPOS="193" VPOS="1399" WIDTH="5" HEIGHT="104" STYLEREFS="font1"/><SP WIDTH="19" VPOS="1399" HPOS="198"/><String ID="p271_w238" CONTENT="contained" HPOS="217" VPOS="1425" WIDTH="170" HEIGHT="75" STYLEREFS="font0"/><SP WIDTH="16" VPOS="1425" HPOS="387"/><String ID="p271_w239" CONTENT="in" HPOS="403" VPOS="1425" WIDTH="31" HEIGHT="75" STYLEREFS="font0"/><SP WIDTH="26" VPOS="1425" HPOS="434"/><String ID="p271_w240" CONTENT="the" HPOS="460" VPOS="1425" WIDTH="54" HEIGHT="75" STYLEREFS="font0"/><SP WIDTH="27" VPOS="1425" HPOS="514"/><String ID="p271_w241" CONTENT="pelvis," HPOS="541" VPOS="1425" WIDTH="111" HEIGHT="75" STYLEREFS="font0"/><SP WIDTH="26" VPOS="1425" HPOS="652"/><String ID="p271_w242" CONTENT="and" HPOS="678" VPOS="1425" WIDTH="62" HEIGHT="75" STYLEREFS="font0"/><SP WIDTH="24" VPOS="1425" HPOS="740"/><String ID="p271_w243" CONTENT="to" HPOS="764" VPOS="1425" WIDTH="34" HEIGHT="75" STYLEREFS="font0"/><SP WIDTH="23" VPOS="1425" HPOS="798"/><String ID="p271_w244" CONTENT="the" HPOS="821" VPOS="1425" WIDTH="55" HEIGHT="75" STYLEREFS="font0"/><SP WIDTH="23" VPOS="1425" HPOS="876"/><String ID="p271_w245" CONTENT="neighbouring" HPOS="899" VPOS="1425" WIDTH="230" HEIGHT="75" STYLEREFS="font0"/><SP WIDTH="16" VPOS="1425" HPOS="1129"/><String ID="p271_w246" CONTENT="parts," HPOS="1145" VPOS="1425" WIDTH="101" HEIGHT="75" STYLEREFS="font0"/></TextLine><TextLine WIDTH="489" HEIGHT="75" ID="p271_t31" HPOS="218" VPOS="1471"><String ID="p271_w247" CONTENT="both" HPOS="218" VPOS="1471" WIDTH="79" HEIGHT="75" STYLEREFS="font0"/><SP WIDTH="16" VPOS="1471" HPOS="297"/><String ID="p271_w248" CONTENT="internal" HPOS="313" VPOS="1471" WIDTH="137" HEIGHT="75" STYLEREFS="font0"/><SP WIDTH="16" VPOS="1471" HPOS="450"/><String ID="p271_w249" CONTENT="and" HPOS="466" VPOS="1471" WIDTH="61" HEIGHT="75" STYLEREFS="font0"/><SP WIDTH="24" VPOS="1471" HPOS="527"/><String ID="p271_w250" CONTENT="external." HPOS="551" VPOS="1471" WIDTH="156" HEIGHT="75" STYLEREFS="font0"/></TextLine><TextLine WIDTH="986" HEIGHT="75" ID="p271_t32" HPOS="264" VPOS="1518"><String ID="p271_w251" CONTENT="The" HPOS="264" VPOS="1518" WIDTH="76" HEIGHT="75" STYLEREFS="font0"/><SP WIDTH="15" VPOS="1518" HPOS="340"/><String ID="p271_w252" CONTENT="iliaca" HPOS="355" VPOS="1518" WIDTH="92" HEIGHT="75" STYLEREFS="font0"/><SP WIDTH="16" VPOS="1518" HPOS="447"/><String ID="p271_w253" CONTENT="externa," HPOS="463" VPOS="1518" WIDTH="145" HEIGHT="75" STYLEREFS="font0"/><SP WIDTH="25" VPOS="1518" HPOS="608"/><String ID="p271_w254" CONTENT="which" HPOS="633" VPOS="1518" WIDTH="104" HEIGHT="75" STYLEREFS="font0"/><SP WIDTH="29" VPOS="1518" HPOS="737"/><String ID="p271_w255" CONTENT="is" HPOS="766" VPOS="1518" WIDTH="27" HEIGHT="75" STYLEREFS="font0"/><SP WIDTH="25" VPOS="1518" HPOS="793"/><String ID="p271_w256" CONTENT="the" HPOS="818" VPOS="1518" WIDTH="54" HEIGHT="75" STYLEREFS="font0"/><SP WIDTH="18" VPOS="1518" HPOS="872"/><String ID="p271_w257" CONTENT="true" HPOS="890" VPOS="1518" WIDTH="69" HEIGHT="75" STYLEREFS="font0"/><SP WIDTH="17" VPOS="1518" HPOS="959"/><String ID="p271_w258" CONTENT="continuation" HPOS="976" VPOS="1518" WIDTH="217" HEIGHT="75" STYLEREFS="font0"/><SP WIDTH="18" VPOS="1518" HPOS="1193"/><String ID="p271_w259" CONTENT="of" HPOS="1211" VPOS="1518" WIDTH="39" HEIGHT="75" STYLEREFS="font0"/></TextLine><TextLine WIDTH="1032" HEIGHT="75" ID="p271_t33" HPOS="219" VPOS="1564"><String ID="p271_w260" CONTENT="the" HPOS="219" VPOS="1564" WIDTH="53" HEIGHT="75" STYLEREFS="font0"/><SP WIDTH="16" VPOS="1564" HPOS="272"/><String ID="p271_w261" CONTENT="iliac" HPOS="288" VPOS="1564" WIDTH="73" HEIGHT="75" STYLEREFS="font0"/><SP WIDTH="16" VPOS="1564" HPOS="361"/><String ID="p271_w262" CONTENT="trunk," HPOS="377" VPOS="1564" WIDTH="109" HEIGHT="75" STYLEREFS="font0"/><SP WIDTH="25" VPOS="1564" HPOS="486"/><String ID="p271_w263" CONTENT="goes" HPOS="511" VPOS="1564" WIDTH="74" HEIGHT="75" STYLEREFS="font0"/><SP WIDTH="24" VPOS="1564" HPOS="585"/><String ID="p271_w264" CONTENT="on" HPOS="609" VPOS="1564" WIDTH="41" HEIGHT="75" STYLEREFS="font0"/><SP WIDTH="28" VPOS="1564" HPOS="650"/><String ID="p271_w265" CONTENT="to" HPOS="678" VPOS="1564" WIDTH="35" HEIGHT="75" STYLEREFS="font0"/><SP WIDTH="29" VPOS="1564" HPOS="713"/><String ID="p271_w266" CONTENT="the" HPOS="742" VPOS="1564" WIDTH="55" HEIGHT="75" STYLEREFS="font0"/><SP WIDTH="17" VPOS="1564" HPOS="797"/><String ID="p271_w267" CONTENT="inguen," HPOS="814" VPOS="1564" WIDTH="127" HEIGHT="75" STYLEREFS="font0"/><SP WIDTH="26" VPOS="1564" HPOS="941"/><String ID="p271_w268" CONTENT="and" HPOS="967" VPOS="1564" WIDTH="61" HEIGHT="75" STYLEREFS="font0"/><SP WIDTH="16" VPOS="1564" HPOS="1028"/><String ID="p271_w269" CONTENT="then" HPOS="1044" VPOS="1564" WIDTH="75" HEIGHT="75" STYLEREFS="font0"/><SP WIDTH="18" VPOS="1564" HPOS="1119"/><String ID="p271_w270" CONTENT="out" HPOS="1137" VPOS="1564" WIDTH="56" HEIGHT="75" STYLEREFS="font0"/><SP WIDTH="17" VPOS="1564" HPOS="1193"/><String ID="p271_w271" CONTENT="of" HPOS="1210" VPOS="1564" WIDTH="41" HEIGHT="75" STYLEREFS="font0"/></TextLine><TextLine WIDTH="1029" HEIGHT="75" ID="p271_t34" HPOS="217" VPOS="1608"><String ID="p271_w272" CONTENT="the" HPOS="217" VPOS="1608" WIDTH="55" HEIGHT="75" STYLEREFS="font0"/><SP WIDTH="13" VPOS="1608" HPOS="272"/><String ID="p271_w273" CONTENT="abdomen," HPOS="285" VPOS="1608" WIDTH="167" HEIGHT="75" STYLEREFS="font0"/><SP WIDTH="18" VPOS="1608" HPOS="452"/><String ID="p271_w274" CONTENT="under" HPOS="470" VPOS="1608" WIDTH="100" HEIGHT="75" STYLEREFS="font0"/><SP WIDTH="15" VPOS="1608" HPOS="570"/><String ID="p271_w275" CONTENT="the" HPOS="585" VPOS="1608" WIDTH="55" HEIGHT="75" STYLEREFS="font0"/><SP WIDTH="12" VPOS="1608" HPOS="640"/><String ID="p271_w276" CONTENT="ligamentum" HPOS="652" VPOS="1608" WIDTH="204" HEIGHT="75" STYLEREFS="font0"/><SP WIDTH="14" VPOS="1608" HPOS="856"/><String ID="p271_w277" CONTENT="Fallopii;" HPOS="870" VPOS="1608" WIDTH="154" HEIGHT="75" STYLEREFS="font0"/><SP WIDTH="26" VPOS="1608" HPOS="1024"/><String ID="p271_w278" CONTENT="having" HPOS="1050" VPOS="1608" WIDTH="117" HEIGHT="75" STYLEREFS="font0"/><SP WIDTH="15" VPOS="1608" HPOS="1167"/><String ID="p271_w279" CONTENT="firft" HPOS="1182" VPOS="1608" WIDTH="64" HEIGHT="75" STYLEREFS="font0"/></TextLine><TextLine WIDTH="1029" HEIGHT="75" ID="p271_t35" HPOS="216" VPOS="1655"><String ID="p271_w280" CONTENT="detached" HPOS="216" VPOS="1655" WIDTH="158" HEIGHT="75" STYLEREFS="font0"/><SP WIDTH="27" VPOS="1655" HPOS="374"/><String ID="p271_w281" CONTENT="the" HPOS="401" VPOS="1655" WIDTH="54" HEIGHT="75" STYLEREFS="font0"/><SP WIDTH="17" VPOS="1655" HPOS="455"/><String ID="p271_w282" CONTENT="epigaftrica," HPOS="472" VPOS="1655" WIDTH="194" HEIGHT="75" STYLEREFS="font0"/><SP WIDTH="26" VPOS="1655" HPOS="666"/><String ID="p271_w283" CONTENT="which" HPOS="692" VPOS="1655" WIDTH="103" HEIGHT="75" STYLEREFS="font0"/><SP WIDTH="18" VPOS="1655" HPOS="795"/><String ID="p271_w284" CONTENT="goes" HPOS="813" VPOS="1655" WIDTH="75" HEIGHT="75" STYLEREFS="font0"/><SP WIDTH="25" VPOS="1655" HPOS="888"/><String ID="p271_w285" CONTENT="to" HPOS="913" VPOS="1655" WIDTH="35" HEIGHT="75" STYLEREFS="font0"/><SP WIDTH="16" VPOS="1655" HPOS="948"/><String ID="p271_w286" CONTENT="the" HPOS="964" VPOS="1655" WIDTH="56" HEIGHT="75" STYLEREFS="font0"/><SP WIDTH="22" VPOS="1655" HPOS="1020"/><String ID="p271_w287" CONTENT="mufeuli" HPOS="1042" VPOS="1655" WIDTH="131" HEIGHT="75" STYLEREFS="font0"/><SP WIDTH="17" VPOS="1655" HPOS="1173"/><String ID="p271_w288" CONTENT="ab-" HPOS="1190" VPOS="1655" WIDTH="55" HEIGHT="75" STYLEREFS="font0"/></TextLine><TextLine WIDTH="1028" HEIGHT="75" ID="p271_t36" HPOS="216" VPOS="1701"><String ID="p271_w289" CONTENT="dominis" HPOS="216" VPOS="1701" WIDTH="136" HEIGHT="75" STYLEREFS="font0"/><SP WIDTH="24" VPOS="1701" HPOS="352"/><String ID="p271_w290" CONTENT="redti." HPOS="376" VPOS="1701" WIDTH="89" HEIGHT="75" STYLEREFS="font0"/><SP WIDTH="50" VPOS="1701" HPOS="465"/><String ID="p271_w291" CONTENT="Having" HPOS="515" VPOS="1701" WIDTH="130" HEIGHT="75" STYLEREFS="font0"/><SP WIDTH="26" VPOS="1701" HPOS="645"/><String ID="p271_w292" CONTENT="quitted" HPOS="671" VPOS="1701" WIDTH="127" HEIGHT="75" STYLEREFS="font0"/><SP WIDTH="27" VPOS="1701" HPOS="798"/><String ID="p271_w293" CONTENT="the" HPOS="825" VPOS="1701" WIDTH="56" HEIGHT="75" STYLEREFS="font0"/><SP WIDTH="24" VPOS="1701" HPOS="881"/><String ID="p271_w294" CONTENT="abdomen," HPOS="905" VPOS="1701" WIDTH="168" HEIGHT="75" STYLEREFS="font0"/><SP WIDTH="30" VPOS="1701" HPOS="1073"/><String ID="p271_w295" CONTENT="it" HPOS="1103" VPOS="1701" WIDTH="26" HEIGHT="75" STYLEREFS="font0"/><SP WIDTH="28" VPOS="1701" HPOS="1129"/><String ID="p271_w296" CONTENT="com-" HPOS="1157" VPOS="1701" WIDTH="87" HEIGHT="75" STYLEREFS="font0"/></TextLine><TextLine WIDTH="1027" HEIGHT="75" ID="p271_t37" HPOS="216" VPOS="1748"><String ID="p271_w297" CONTENT="mences" HPOS="216" VPOS="1748" WIDTH="124" HEIGHT="75" STYLEREFS="font0"/><SP WIDTH="17" VPOS="1748" HPOS="340"/><String ID="p271_w298" CONTENT="arteria" HPOS="357" VPOS="1748" WIDTH="116" HEIGHT="75" STYLEREFS="font0"/><SP WIDTH="15" VPOS="1748" HPOS="473"/><String ID="p271_w299" CONTENT="cruralis," HPOS="488" VPOS="1748" WIDTH="143" HEIGHT="75" STYLEREFS="font0"/><SP WIDTH="25" VPOS="1748" HPOS="631"/><String ID="p271_w300" CONTENT="which" HPOS="656" VPOS="1748" WIDTH="105" HEIGHT="75" STYLEREFS="font0"/><SP WIDTH="13" VPOS="1748" HPOS="761"/><String ID="p271_w301" CONTENT="runs" HPOS="774" VPOS="1748" WIDTH="73" HEIGHT="75" STYLEREFS="font0"/><SP WIDTH="17" VPOS="1748" HPOS="847"/><String ID="p271_w302" CONTENT="dowm" HPOS="864" VPOS="1748" WIDTH="93" HEIGHT="75" STYLEREFS="font0"/><SP WIDTH="14" VPOS="1748" HPOS="957"/><String ID="p271_w303" CONTENT="upon" HPOS="971" VPOS="1748" WIDTH="84" HEIGHT="75" STYLEREFS="font0"/><SP WIDTH="17" VPOS="1748" HPOS="1055"/><String ID="p271_w304" CONTENT="the" HPOS="1072" VPOS="1748" WIDTH="54" HEIGHT="75" STYLEREFS="font0"/><SP WIDTH="13" VPOS="1748" HPOS="1126"/><String ID="p271_w305" CONTENT="thigh," HPOS="1139" VPOS="1748" WIDTH="104" HEIGHT="75" STYLEREFS="font0"/></TextLine><TextLine WIDTH="1027" HEIGHT="75" ID="p271_t38" HPOS="217" VPOS="1793"><String ID="p271_w306" CONTENT="and" HPOS="217" VPOS="1793" WIDTH="62" HEIGHT="75" STYLEREFS="font0"/><SP WIDTH="16" VPOS="1793" HPOS="279"/><String ID="p271_w307" CONTENT="is" HPOS="295" VPOS="1793" WIDTH="26" HEIGHT="75" STYLEREFS="font0"/><SP WIDTH="17" VPOS="1793" HPOS="321"/><String ID="p271_w308" CONTENT="diftributed" HPOS="338" VPOS="1793" WIDTH="186" HEIGHT="75" STYLEREFS="font0"/><SP WIDTH="17" VPOS="1793" HPOS="524"/><String ID="p271_w309" CONTENT="by" HPOS="541" VPOS="1793" WIDTH="42" HEIGHT="75" STYLEREFS="font0"/><SP WIDTH="17" VPOS="1793" HPOS="583"/><String ID="p271_w310" CONTENT="rqany" HPOS="600" VPOS="1793" WIDTH="95" HEIGHT="75" STYLEREFS="font0"/><SP WIDTH="23" VPOS="1793" HPOS="695"/><String ID="p271_w311" CONTENT="branches" HPOS="718" VPOS="1793" WIDTH="152" HEIGHT="75" STYLEREFS="font0"/><SP WIDTH="18" VPOS="1793" HPOS="870"/><String ID="p271_w312" CONTENT="and" HPOS="888" VPOS="1793" WIDTH="62" HEIGHT="75" STYLEREFS="font0"/><SP WIDTH="17" VPOS="1793" HPOS="950"/><String ID="p271_w313" CONTENT="ramifications" HPOS="967" VPOS="1793" WIDTH="224" HEIGHT="75" STYLEREFS="font0"/><SP WIDTH="18" VPOS="1793" HPOS="1191"/><String ID="p271_w314" CONTENT="to" HPOS="1209" VPOS="1793" WIDTH="35" HEIGHT="75" STYLEREFS="font0"/></TextLine><TextLine WIDTH="431" HEIGHT="75" ID="p271_t39" HPOS="215" VPOS="1840"><String ID="p271_w315" CONTENT="all" HPOS="215" VPOS="1840" WIDTH="43" HEIGHT="75" STYLEREFS="font0"/><SP WIDTH="18" VPOS="1840" HPOS="258"/><String ID="p271_w316" CONTENT="the" HPOS="276" VPOS="1840" WIDTH="53" HEIGHT="75" STYLEREFS="font0"/><SP WIDTH="16" VPOS="1840" HPOS="329"/><String ID="p271_w317" CONTENT="lower" HPOS="345" VPOS="1840" WIDTH="99" HEIGHT="75" STYLEREFS="font0"/><SP WIDTH="17" VPOS="1840" HPOS="444"/><String ID="p271_w318" CONTENT="extremity." HPOS="461" VPOS="1840" WIDTH="185" HEIGHT="75" STYLEREFS="font0"/></TextLine><TextLine WIDTH="1033" HEIGHT="75" ID="p271_t40" HPOS="208" VPOS="1886"><String ID="p271_w319" CONTENT="•" HPOS="208" VPOS="1886" WIDTH="6" HEIGHT="75" STYLEREFS="font0"/><SP WIDTH="47" VPOS="1886" HPOS="214"/><String ID="p271_w320" CONTENT="We" HPOS="261" VPOS="1886" WIDTH="66" HEIGHT="75" STYLEREFS="font0"/><SP WIDTH="17" VPOS="1886" HPOS="327"/><String ID="p271_w321" CONTENT="fhall" HPOS="344" VPOS="1886" WIDTH="75" HEIGHT="75" STYLEREFS="font0"/><SP WIDTH="16" VPOS="1886" HPOS="419"/><String ID="p271_w322" CONTENT="now" HPOS="435" VPOS="1886" WIDTH="74" HEIGHT="75" STYLEREFS="font0"/><SP WIDTH="17" VPOS="1886" HPOS="509"/><String ID="p271_w323" CONTENT="go" HPOS="526" VPOS="1886" WIDTH="41" HEIGHT="75" STYLEREFS="font0"/><SP WIDTH="16" VPOS="1886" HPOS="567"/><String ID="p271_w324" CONTENT="on" HPOS="583" VPOS="1886" WIDTH="40" HEIGHT="75" STYLEREFS="font0"/><SP WIDTH="17" VPOS="1886" HPOS="623"/><String ID="p271_w325" CONTENT="to" HPOS="640" VPOS="1886" WIDTH="35" HEIGHT="75" STYLEREFS="font0"/><SP WIDTH="16" VPOS="1886" HPOS="675"/><String ID="p271_w326" CONTENT="examine" HPOS="691" VPOS="1886" WIDTH="146" HEIGHT="75" STYLEREFS="font0"/><SP WIDTH="13" VPOS="1886" HPOS="837"/><String ID="p271_w327" CONTENT="particularly" HPOS="850" VPOS="1886" WIDTH="205" HEIGHT="75" STYLEREFS="font0"/><SP WIDTH="12" VPOS="1886" HPOS="1055"/><String ID="p271_w328" CONTENT="all" HPOS="1067" VPOS="1886" WIDTH="41" HEIGHT="75" STYLEREFS="font0"/><SP WIDTH="14" VPOS="1886" HPOS="1108"/><String ID="p271_w329" CONTENT="the" HPOS="1122" VPOS="1886" WIDTH="55" HEIGHT="75" STYLEREFS="font0"/><SP WIDTH="12" VPOS="1886" HPOS="1177"/><String ID="p271_w330" CONTENT="ca-" HPOS="1189" VPOS="1886" WIDTH="52" HEIGHT="75" STYLEREFS="font0"/></TextLine><TextLine WIDTH="1027" HEIGHT="75" ID="p271_t41" HPOS="213" VPOS="1932"><String ID="p271_w331" CONTENT="pital" HPOS="213" VPOS="1932" WIDTH="79" HEIGHT="75" STYLEREFS="font0"/><SP WIDTH="17" VPOS="1932" HPOS="292"/><String ID="p271_w332" CONTENT="or" HPOS="309" VPOS="1932" WIDTH="36" HEIGHT="75" STYLEREFS="font0"/><SP WIDTH="17" VPOS="1932" HPOS="345"/><String ID="p271_w333" CONTENT="original" HPOS="362" VPOS="1932" WIDTH="132" HEIGHT="75" STYLEREFS="font0"/><SP WIDTH="17" VPOS="1932" HPOS="494"/><String ID="p271_w334" CONTENT="branches" HPOS="511" VPOS="1932" WIDTH="153" HEIGHT="75" STYLEREFS="font0"/><SP WIDTH="17" VPOS="1932" HPOS="664"/><String ID="p271_w335" CONTENT="of" HPOS="681" VPOS="1932" WIDTH="39" HEIGHT="75" STYLEREFS="font0"/><SP WIDTH="12" VPOS="1932" HPOS="720"/><String ID="p271_w336" CONTENT="the" HPOS="732" VPOS="1932" WIDTH="55" HEIGHT="75" STYLEREFS="font0"/><SP WIDTH="16" VPOS="1932" HPOS="787"/><String ID="p271_w337" CONTENT="aorta," HPOS="803" VPOS="1932" WIDTH="100" HEIGHT="75" STYLEREFS="font0"/><SP WIDTH="25" VPOS="1932" HPOS="903"/><String ID="p271_w338" CONTENT="from" HPOS="928" VPOS="1932" WIDTH="85" HEIGHT="75" STYLEREFS="font0"/><SP WIDTH="13" VPOS="1932" HPOS="1013"/><String ID="p271_w339" CONTENT="their" HPOS="1026" VPOS="1932" WIDTH="83" HEIGHT="75" STYLEREFS="font0"/><SP WIDTH="16" VPOS="1932" HPOS="1109"/><String ID="p271_w340" CONTENT="origin," HPOS="1125" VPOS="1932" WIDTH="115" HEIGHT="75" STYLEREFS="font0"/></TextLine><TextLine WIDTH="1027" HEIGHT="75" ID="p271_t42" HPOS="213" VPOS="1979"><String ID="p271_w341" CONTENT="to" HPOS="213" VPOS="1979" WIDTH="35" HEIGHT="75" STYLEREFS="font0"/><SP WIDTH="17" VPOS="1979" HPOS="248"/><String ID="p271_w342" CONTENT="the" HPOS="265" VPOS="1979" WIDTH="54" HEIGHT="75" STYLEREFS="font0"/><SP WIDTH="16" VPOS="1979" HPOS="319"/><String ID="p271_w343" CONTENT="entry" HPOS="335" VPOS="1979" WIDTH="93" HEIGHT="75" STYLEREFS="font0"/><SP WIDTH="16" VPOS="1979" HPOS="428"/><String ID="p271_w344" CONTENT="of" HPOS="444" VPOS="1979" WIDTH="41" HEIGHT="75" STYLEREFS="font0"/><SP WIDTH="11" VPOS="1979" HPOS="485"/><String ID="p271_w345" CONTENT="them" HPOS="496" VPOS="1979" WIDTH="88" HEIGHT="75" STYLEREFS="font0"/><SP WIDTH="26" VPOS="1979" HPOS="584"/><String ID="p271_w346" CONTENT="and" HPOS="610" VPOS="1979" WIDTH="63" HEIGHT="75" STYLEREFS="font0"/><SP WIDTH="26" VPOS="1979" HPOS="673"/><String ID="p271_w347" CONTENT="of" HPOS="699" VPOS="1979" WIDTH="40" HEIGHT="75" STYLEREFS="font0"/><SP WIDTH="19" VPOS="1979" HPOS="739"/><String ID="p271_w348" CONTENT="their" HPOS="758" VPOS="1979" WIDTH="83" HEIGHT="75" STYLEREFS="font0"/><SP WIDTH="26" VPOS="1979" HPOS="841"/><String ID="p271_w349" CONTENT="ramifications" HPOS="867" VPOS="1979" WIDTH="223" HEIGHT="75" STYLEREFS="font0"/><SP WIDTH="23" VPOS="1979" HPOS="1090"/><String ID="p271_w350" CONTENT="into" HPOS="1113" VPOS="1979" WIDTH="67" HEIGHT="75" STYLEREFS="font0"/><SP WIDTH="18" VPOS="1979" HPOS="1180"/><String ID="p271_w351" CONTENT="all" HPOS="1198" VPOS="1979" WIDTH="42" HEIGHT="75" STYLEREFS="font0"/></TextLine><TextLine WIDTH="325" HEIGHT="75" ID="p271_t43" HPOS="212" VPOS="2023"><String ID="p271_w352" CONTENT="parts" HPOS="212" VPOS="2023" WIDTH="87" HEIGHT="75" STYLEREFS="font0"/><SP WIDTH="17" VPOS="2023" HPOS="299"/><String ID="p271_w353" CONTENT="of" HPOS="316" VPOS="2023" WIDTH="40" HEIGHT="75" STYLEREFS="font0"/><SP WIDTH="10" VPOS="2023" HPOS="356"/><String ID="p271_w354" CONTENT="the" HPOS="366" VPOS="2023" WIDTH="56" HEIGHT="75" STYLEREFS="font0"/><SP WIDTH="16" VPOS="2023" HPOS="422"/><String ID="p271_w355" CONTENT="body." HPOS="438" VPOS="2023" WIDTH="99" HEIGHT="75" STYLEREFS="font0"/></TextLine><TextLine WIDTH="1031" HEIGHT="75" ID="p271_t44" HPOS="210" VPOS="2071"><String ID="p271_w356" CONTENT="r" HPOS="210" VPOS="2071" WIDTH="7" HEIGHT="75" STYLEREFS="font0"/><SP WIDTH="42" VPOS="2071" HPOS="217"/><String ID="p271_w357" CONTENT="The" HPOS="259" VPOS="2071" WIDTH="76" HEIGHT="75" STYLEREFS="font0"/><SP WIDTH="17" VPOS="2071" HPOS="335"/><String ID="p271_w358" CONTENT="Cardiac" HPOS="352" VPOS="2071" WIDTH="180" HEIGHT="75" STYLEREFS="font0"/><SP WIDTH="18" VPOS="2071" HPOS="532"/><String ID="p271_w359" CONTENT="or" HPOS="550" VPOS="2071" WIDTH="38" HEIGHT="75" STYLEREFS="font0"/><SP WIDTH="16" VPOS="2071" HPOS="588"/><String ID="p271_w360" CONTENT="coronary" HPOS="604" VPOS="2071" WIDTH="156" HEIGHT="75" STYLEREFS="font0"/><SP WIDTH="15" VPOS="2071" HPOS="760"/><String ID="p271_w361" CONTENT="arteries" HPOS="775" VPOS="2071" WIDTH="131" HEIGHT="75" STYLEREFS="font0"/><SP WIDTH="28" VPOS="2071" HPOS="906"/><String ID="p271_w362" CONTENT="of" HPOS="934" VPOS="2071" WIDTH="39" HEIGHT="75" STYLEREFS="font0"/><SP WIDTH="12" VPOS="2071" HPOS="973"/><String ID="p271_w363" CONTENT="the" HPOS="985" VPOS="2071" WIDTH="55" HEIGHT="75" STYLEREFS="font0"/><SP WIDTH="16" VPOS="2071" HPOS="1040"/><String ID="p271_w364" CONTENT="heart" HPOS="1056" VPOS="2071" WIDTH="91" HEIGHT="75" STYLEREFS="font0"/><SP WIDTH="16" VPOS="2071" HPOS="1147"/><String ID="p271_w365" CONTENT="arife" HPOS="1163" VPOS="2071" WIDTH="78" HEIGHT="75" STYLEREFS="font0"/></TextLine><TextLine WIDTH="1026" HEIGHT="75" ID="p271_t45" HPOS="212" VPOS="2115"><String ID="p271_w366" CONTENT="from" HPOS="212" VPOS="2115" WIDTH="85" HEIGHT="75" STYLEREFS="font0"/><SP WIDTH="28" VPOS="2115" HPOS="297"/><String ID="p271_w367" CONTENT="the" HPOS="325" VPOS="2115" WIDTH="55" HEIGHT="75" STYLEREFS="font0"/><SP WIDTH="26" VPOS="2115" HPOS="380"/><String ID="p271_w368" CONTENT="aorta" HPOS="406" VPOS="2115" WIDTH="90" HEIGHT="75" STYLEREFS="font0"/><SP WIDTH="26" VPOS="2115" HPOS="496"/><String ID="p271_w369" CONTENT="immediately" HPOS="522" VPOS="2115" WIDTH="214" HEIGHT="75" STYLEREFS="font0"/><SP WIDTH="28" VPOS="2115" HPOS="736"/><String ID="p271_w370" CONTENT="on" HPOS="764" VPOS="2115" WIDTH="41" HEIGHT="75" STYLEREFS="font0"/><SP WIDTH="28" VPOS="2115" HPOS="805"/><String ID="p271_w371" CONTENT="its" HPOS="833" VPOS="2115" WIDTH="40" HEIGHT="75" STYLEREFS="font0"/><SP WIDTH="28" VPOS="2115" HPOS="873"/><String ID="p271_w372" CONTENT="leaving" HPOS="901" VPOS="2115" WIDTH="124" HEIGHT="75" STYLEREFS="font0"/><SP WIDTH="26" VPOS="2115" HPOS="1025"/><String ID="p271_w373" CONTENT="the" HPOS="1051" VPOS="2115" WIDTH="56" HEIGHT="75" STYLEREFS="font0"/><SP WIDTH="27" VPOS="2115" HPOS="1107"/><String ID="p271_w374" CONTENT="heart." HPOS="1134" VPOS="2115" WIDTH="104" HEIGHT="75" STYLEREFS="font0"/></TextLine><TextLine WIDTH="1027" HEIGHT="75" ID="p271_t46" HPOS="211" VPOS="2161"><String ID="p271_w375" CONTENT="They" HPOS="211" VPOS="2161" WIDTH="98" HEIGHT="75" STYLEREFS="font0"/><SP WIDTH="17" VPOS="2161" HPOS="309"/><String ID="p271_w376" CONTENT="are" HPOS="326" VPOS="2161" WIDTH="52" HEIGHT="75" STYLEREFS="font0"/><SP WIDTH="17" VPOS="2161" HPOS="378"/><String ID="p271_w377" CONTENT="two" HPOS="395" VPOS="2161" WIDTH="66" HEIGHT="75" STYLEREFS="font0"/><SP WIDTH="16" VPOS="2161" HPOS="461"/><String ID="p271_w378" CONTENT="in" HPOS="477" VPOS="2161" WIDTH="32" HEIGHT="75" STYLEREFS="font0"/><SP WIDTH="22" VPOS="2161" HPOS="509"/><String ID="p271_w379" CONTENT="number," HPOS="531" VPOS="2161" WIDTH="146" HEIGHT="75" STYLEREFS="font0"/><SP WIDTH="25" VPOS="2161" HPOS="677"/><String ID="p271_w380" CONTENT="and" HPOS="702" VPOS="2161" WIDTH="63" HEIGHT="75" STYLEREFS="font0"/><SP WIDTH="20" VPOS="2161" HPOS="765"/><String ID="p271_w381" CONTENT="go" HPOS="785" VPOS="2161" WIDTH="41" HEIGHT="75" STYLEREFS="font0"/><SP WIDTH="16" VPOS="2161" HPOS="826"/><String ID="p271_w382" CONTENT="out" HPOS="842" VPOS="2161" WIDTH="56" HEIGHT="75" STYLEREFS="font0"/><SP WIDTH="17" VPOS="2161" HPOS="898"/><String ID="p271_w383" CONTENT="near" HPOS="915" VPOS="2161" WIDTH="74" HEIGHT="75" STYLEREFS="font0"/><SP WIDTH="16" VPOS="2161" HPOS="989"/><String ID="p271_w384" CONTENT="the" HPOS="1005" VPOS="2161" WIDTH="55" HEIGHT="75" STYLEREFS="font0"/><SP WIDTH="17" VPOS="2161" HPOS="1060"/><String ID="p271_w385" CONTENT="two" HPOS="1077" VPOS="2161" WIDTH="65" HEIGHT="75" STYLEREFS="font0"/><SP WIDTH="16" VPOS="2161" HPOS="1142"/><String ID="p271_w386" CONTENT="fides" HPOS="1158" VPOS="2161" WIDTH="80" HEIGHT="75" STYLEREFS="font0"/></TextLine><TextLine WIDTH="1026" HEIGHT="75" ID="p271_t47" HPOS="210" VPOS="2207"><String ID="p271_w387" CONTENT="of" HPOS="210" VPOS="2207" WIDTH="40" HEIGHT="75" STYLEREFS="font0"/><SP WIDTH="11" VPOS="2207" HPOS="250"/><String ID="p271_w388" CONTENT="the" HPOS="261" VPOS="2207" WIDTH="55" HEIGHT="75" STYLEREFS="font0"/><SP WIDTH="27" VPOS="2207" HPOS="316"/><String ID="p271_w389" CONTENT="pulmonary" HPOS="343" VPOS="2207" WIDTH="188" HEIGHT="75" STYLEREFS="font0"/><SP WIDTH="16" VPOS="2207" HPOS="531"/><String ID="p271_w390" CONTENT="artery," HPOS="547" VPOS="2207" WIDTH="119" HEIGHT="75" STYLEREFS="font0"/><SP WIDTH="24" VPOS="2207" HPOS="666"/><String ID="p271_w391" CONTENT="which" HPOS="690" VPOS="2207" WIDTH="108" HEIGHT="75" STYLEREFS="font0"/><SP WIDTH="15" VPOS="2207" HPOS="798"/><String ID="p271_w392" CONTENT="having" HPOS="813" VPOS="2207" WIDTH="115" HEIGHT="75" STYLEREFS="font0"/><SP WIDTH="16" VPOS="2207" HPOS="928"/><String ID="p271_w393" CONTENT="firft" HPOS="944" VPOS="2207" WIDTH="63" HEIGHT="75" STYLEREFS="font0"/><SP WIDTH="16" VPOS="2207" HPOS="1007"/><String ID="p271_w394" CONTENT="furrounded," HPOS="1023" VPOS="2207" WIDTH="213" HEIGHT="75" STYLEREFS="font0"/></TextLine><TextLine WIDTH="1026" HEIGHT="75" ID="p271_t48" HPOS="209" VPOS="2255"><String ID="p271_w395" CONTENT="they" HPOS="209" VPOS="2255" WIDTH="78" HEIGHT="75" STYLEREFS="font0"/><SP WIDTH="16" VPOS="2255" HPOS="287"/><String ID="p271_w396" CONTENT="afterwards" HPOS="303" VPOS="2255" WIDTH="186" HEIGHT="75" STYLEREFS="font0"/><SP WIDTH="17" VPOS="2255" HPOS="489"/><String ID="p271_w397" CONTENT="run" HPOS="506" VPOS="2255" WIDTH="59" HEIGHT="75" STYLEREFS="font0"/><SP WIDTH="28" VPOS="2255" HPOS="565"/><String ID="p271_w398" CONTENT="upon" HPOS="593" VPOS="2255" WIDTH="85" HEIGHT="75" STYLEREFS="font0"/><SP WIDTH="23" VPOS="2255" HPOS="678"/><String ID="p271_w399" CONTENT="the" HPOS="701" VPOS="2255" WIDTH="55" HEIGHT="75" STYLEREFS="font0"/><SP WIDTH="19" VPOS="2255" HPOS="756"/><String ID="p271_w400" CONTENT="bafis" HPOS="775" VPOS="2255" WIDTH="78" HEIGHT="75" STYLEREFS="font0"/><SP WIDTH="18" VPOS="2255" HPOS="853"/><String ID="p271_w401" CONTENT="of" HPOS="871" VPOS="2255" WIDTH="39" HEIGHT="75" STYLEREFS="font0"/><SP WIDTH="12" VPOS="2255" HPOS="910"/><String ID="p271_w402" CONTENT="the" HPOS="922" VPOS="2255" WIDTH="55" HEIGHT="75" STYLEREFS="font0"/><SP WIDTH="18" VPOS="2255" HPOS="977"/><String ID="p271_w403" CONTENT="heart" HPOS="995" VPOS="2255" WIDTH="90" HEIGHT="75" STYLEREFS="font0"/><SP WIDTH="17" VPOS="2255" HPOS="1085"/><String ID="p271_w404" CONTENT="in" HPOS="1102" VPOS="2255" WIDTH="31" HEIGHT="75" STYLEREFS="font0"/><SP WIDTH="17" VPOS="2255" HPOS="1133"/><String ID="p271_w405" CONTENT="form" HPOS="1150" VPOS="2255" WIDTH="85" HEIGHT="75" STYLEREFS="font0"/></TextLine><TextLine WIDTH="1026" HEIGHT="75" ID="p271_t49" HPOS="209" VPOS="2300"><String ID="p271_w406" CONTENT="of" HPOS="209" VPOS="2300" WIDTH="40" HEIGHT="75" STYLEREFS="font0"/><SP WIDTH="18" VPOS="2300" HPOS="249"/><String ID="p271_w407" CONTENT="a" HPOS="267" VPOS="2300" WIDTH="17" HEIGHT="75" STYLEREFS="font0"/><SP WIDTH="27" VPOS="2300" HPOS="284"/><String ID="p271_w408" CONTENT="kind" HPOS="311" VPOS="2300" WIDTH="78" HEIGHT="75" STYLEREFS="font0"/><SP WIDTH="15" VPOS="2300" HPOS="389"/><String ID="p271_w409" CONTENT="of" HPOS="404" VPOS="2300" WIDTH="40" HEIGHT="75" STYLEREFS="font0"/><SP WIDTH="19" VPOS="2300" HPOS="444"/><String ID="p271_w410" CONTENT="crown," HPOS="463" VPOS="2300" WIDTH="120" HEIGHT="75" STYLEREFS="font0"/><SP WIDTH="25" VPOS="2300" HPOS="583"/><String ID="p271_w411" CONTENT="or" HPOS="608" VPOS="2300" WIDTH="37" HEIGHT="75" STYLEREFS="font0"/><SP WIDTH="27" VPOS="2300" HPOS="645"/><String ID="p271_w412" CONTENT="garland," HPOS="672" VPOS="2300" WIDTH="144" HEIGHT="75" STYLEREFS="font0"/><SP WIDTH="26" VPOS="2300" HPOS="816"/><String ID="p271_w413" CONTENT="from" HPOS="842" VPOS="2300" WIDTH="84" HEIGHT="75" STYLEREFS="font0"/><SP WIDTH="17" VPOS="2300" HPOS="926"/><String ID="p271_w414" CONTENT="whence" HPOS="943" VPOS="2300" WIDTH="129" HEIGHT="75" STYLEREFS="font0"/><SP WIDTH="17" VPOS="2300" HPOS="1072"/><String ID="p271_w415" CONTENT="they" HPOS="1089" VPOS="2300" WIDTH="77" HEIGHT="75" STYLEREFS="font0"/><SP WIDTH="16" VPOS="2300" HPOS="1166"/><String ID="p271_w416" CONTENT="are" HPOS="1182" VPOS="2300" WIDTH="53" HEIGHT="75" STYLEREFS="font0"/></TextLine><TextLine WIDTH="1026" HEIGHT="75" ID="p271_t50" HPOS="207" VPOS="2347"><String ID="p271_w417" CONTENT="called" HPOS="207" VPOS="2347" WIDTH="103" HEIGHT="75" STYLEREFS="font0"/><SP WIDTH="16" VPOS="2347" HPOS="310"/><String ID="p271_w418" CONTENT="coronariae;" HPOS="326" VPOS="2347" WIDTH="193" HEIGHT="75" STYLEREFS="font0"/><SP WIDTH="23" VPOS="2347" HPOS="519"/><String ID="p271_w419" CONTENT="and" HPOS="542" VPOS="2347" WIDTH="64" HEIGHT="75" STYLEREFS="font0"/><SP WIDTH="27" VPOS="2347" HPOS="606"/><String ID="p271_w420" CONTENT="then" HPOS="633" VPOS="2347" WIDTH="75" HEIGHT="75" STYLEREFS="font0"/><SP WIDTH="28" VPOS="2347" HPOS="708"/><String ID="p271_w421" CONTENT="purfue" HPOS="736" VPOS="2347" WIDTH="112" HEIGHT="75" STYLEREFS="font0"/><SP WIDTH="23" VPOS="2347" HPOS="848"/><String ID="p271_w422" CONTENT="the" HPOS="871" VPOS="2347" WIDTH="54" HEIGHT="75" STYLEREFS="font0"/><SP WIDTH="15" VPOS="2347" HPOS="925"/><String ID="p271_w423" CONTENT="fuperficial" HPOS="940" VPOS="2347" WIDTH="174" HEIGHT="75" STYLEREFS="font0"/><SP WIDTH="18" VPOS="2347" HPOS="1114"/><String ID="p271_w424" CONTENT="traces" HPOS="1132" VPOS="2347" WIDTH="101" HEIGHT="75" STYLEREFS="font0"/></TextLine><TextLine WIDTH="1027" HEIGHT="75" ID="p271_t51" HPOS="208" VPOS="2393"><String ID="p271_w425" CONTENT="of" HPOS="208" VPOS="2393" WIDTH="40" HEIGHT="75" STYLEREFS="font0"/><SP WIDTH="18" VPOS="2393" HPOS="248"/><String ID="p271_w426" CONTENT="the" HPOS="266" VPOS="2393" WIDTH="54" HEIGHT="75" STYLEREFS="font0"/><SP WIDTH="17" VPOS="2393" HPOS="320"/><String ID="p271_w427" CONTENT="union" HPOS="337" VPOS="2393" WIDTH="95" HEIGHT="75" STYLEREFS="font0"/><SP WIDTH="12" VPOS="2393" HPOS="432"/><String ID="p271_w428" CONTENT="of" HPOS="444" VPOS="2393" WIDTH="39" HEIGHT="75" STYLEREFS="font0"/><SP WIDTH="19" VPOS="2393" HPOS="483"/><String ID="p271_w429" CONTENT="the" HPOS="502" VPOS="2393" WIDTH="56" HEIGHT="75" STYLEREFS="font0"/><SP WIDTH="16" VPOS="2393" HPOS="558"/><String ID="p271_w430" CONTENT="two" HPOS="574" VPOS="2393" WIDTH="66" HEIGHT="75" STYLEREFS="font0"/><SP WIDTH="16" VPOS="2393" HPOS="640"/><String ID="p271_w431" CONTENT="ventricles," HPOS="656" VPOS="2393" WIDTH="181" HEIGHT="75" STYLEREFS="font0"/><SP WIDTH="24" VPOS="2393" HPOS="837"/><String ID="p271_w432" CONTENT="from" HPOS="861" VPOS="2393" WIDTH="83" HEIGHT="75" STYLEREFS="font0"/><SP WIDTH="18" VPOS="2393" HPOS="944"/><String ID="p271_w433" CONTENT="the" HPOS="962" VPOS="2393" WIDTH="54" HEIGHT="75" STYLEREFS="font0"/><SP WIDTH="17" VPOS="2393" HPOS="1016"/><String ID="p271_w434" CONTENT="bafis" HPOS="1033" VPOS="2393" WIDTH="80" HEIGHT="75" STYLEREFS="font0"/><SP WIDTH="19" VPOS="2393" HPOS="1113"/><String ID="p271_w435" CONTENT="of" HPOS="1132" VPOS="2393" WIDTH="40" HEIGHT="75" STYLEREFS="font0"/><SP WIDTH="8" VPOS="2393" HPOS="1172"/><String ID="p271_w436" CONTENT="the" HPOS="1180" VPOS="2393" WIDTH="55" HEIGHT="75" STYLEREFS="font0"/></TextLine><TextLine WIDTH="1027" HEIGHT="75" ID="p271_t52" HPOS="207" VPOS="2439"><String ID="p271_w437" CONTENT="heart" HPOS="207" VPOS="2439" WIDTH="92" HEIGHT="75" STYLEREFS="font0"/><SP WIDTH="16" VPOS="2439" HPOS="299"/><String ID="p271_w438" CONTENT="to" HPOS="315" VPOS="2439" WIDTH="35" HEIGHT="75" STYLEREFS="font0"/><SP WIDTH="16" VPOS="2439" HPOS="350"/><String ID="p271_w439" CONTENT="the" HPOS="366" VPOS="2439" WIDTH="55" HEIGHT="75" STYLEREFS="font0"/><SP WIDTH="13" VPOS="2439" HPOS="421"/><String ID="p271_w440" CONTENT="apex," HPOS="434" VPOS="2439" WIDTH="94" HEIGHT="75" STYLEREFS="font0"/><SP WIDTH="26" VPOS="2439" HPOS="528"/><String ID="p271_w441" CONTENT="and" HPOS="554" VPOS="2439" WIDTH="62" HEIGHT="75" STYLEREFS="font0"/><SP WIDTH="11" VPOS="2439" HPOS="616"/><String ID="p271_w442" CONTENT="are" HPOS="627" VPOS="2439" WIDTH="52" HEIGHT="75" STYLEREFS="font0"/><SP WIDTH="16" VPOS="2439" HPOS="679"/><String ID="p271_w443" CONTENT="afterwards" HPOS="695" VPOS="2439" WIDTH="187" HEIGHT="75" STYLEREFS="font0"/><SP WIDTH="11" VPOS="2439" HPOS="882"/><String ID="p271_w444" CONTENT="loft" HPOS="893" VPOS="2439" WIDTH="60" HEIGHT="75" STYLEREFS="font0"/><SP WIDTH="11" VPOS="2439" HPOS="953"/><String ID="p271_w445" CONTENT="in" HPOS="964" VPOS="2439" WIDTH="31" HEIGHT="75" STYLEREFS="font0"/><SP WIDTH="13" VPOS="2439" HPOS="995"/><String ID="p271_w446" CONTENT="the" HPOS="1008" VPOS="2439" WIDTH="55" HEIGHT="75" STYLEREFS="font0"/><SP WIDTH="11" VPOS="2439" HPOS="1063"/><String ID="p271_w447" CONTENT="fubftance" HPOS="1074" VPOS="2439" WIDTH="160" HEIGHT="75" STYLEREFS="font0"/></TextLine><TextLine WIDTH="222" HEIGHT="75" ID="p271_t53" HPOS="208" VPOS="2485"><String ID="p271_w448" CONTENT="of" HPOS="208" VPOS="2485" WIDTH="39" HEIGHT="75" STYLEREFS="font0"/><SP WIDTH="9" VPOS="2485" HPOS="247"/><String ID="p271_w449" CONTENT="the" HPOS="256" VPOS="2485" WIDTH="55" HEIGHT="75" STYLEREFS="font0"/><SP WIDTH="15" VPOS="2485" HPOS="311"/><String ID="p271_w450" CONTENT="heart." HPOS="326" VPOS="2485" WIDTH="104" HEIGHT="75" STYLEREFS="font0"/></TextLine><TextLine WIDTH="982" HEIGHT="75" ID="p271_t54" HPOS="254" VPOS="2533"><String ID="p271_w451" CONTENT="The" HPOS="254" VPOS="2533" WIDTH="76" HEIGHT="75" STYLEREFS="font0"/><SP WIDTH="17" VPOS="2533" HPOS="330"/><String ID="p271_w452" CONTENT="Carotid" HPOS="347" VPOS="2533" WIDTH="185" HEIGHT="75" STYLEREFS="font0"/><SP WIDTH="13" VPOS="2533" HPOS="532"/><String ID="p271_w453" CONTENT="arteries" HPOS="545" VPOS="2533" WIDTH="129" HEIGHT="75" STYLEREFS="font0"/><SP WIDTH="13" VPOS="2533" HPOS="674"/><String ID="p271_w454" CONTENT="are" HPOS="687" VPOS="2533" WIDTH="53" HEIGHT="75" STYLEREFS="font0"/><SP WIDTH="15" VPOS="2533" HPOS="740"/><String ID="p271_w455" CONTENT="two" HPOS="755" VPOS="2533" WIDTH="67" HEIGHT="75" STYLEREFS="font0"/><SP WIDTH="15" VPOS="2533" HPOS="822"/><String ID="p271_w456" CONTENT="in" HPOS="837" VPOS="2533" WIDTH="33" HEIGHT="75" STYLEREFS="font0"/><SP WIDTH="16" VPOS="2533" HPOS="870"/><String ID="p271_w457" CONTENT="number," HPOS="886" VPOS="2533" WIDTH="145" HEIGHT="75" STYLEREFS="font0"/><SP WIDTH="25" VPOS="2533" HPOS="1031"/><String ID="p271_w458" CONTENT="one" HPOS="1056" VPOS="2533" WIDTH="59" HEIGHT="75" STYLEREFS="font0"/><SP WIDTH="17" VPOS="2533" HPOS="1115"/><String ID="p271_w459" CONTENT="called" HPOS="1132" VPOS="2533" WIDTH="104" HEIGHT="75" STYLEREFS="font0"/></TextLine><TextLine WIDTH="1026" HEIGHT="75" ID="p271_t55" HPOS="208" VPOS="2578"><String ID="p271_w460" CONTENT="the" HPOS="208" VPOS="2578" WIDTH="53" HEIGHT="75" STYLEREFS="font0"/><SP WIDTH="17" VPOS="2578" HPOS="261"/><String ID="p271_w461" CONTENT="right" HPOS="278" VPOS="2578" WIDTH="86" HEIGHT="75" STYLEREFS="font0"/><SP WIDTH="25" VPOS="2578" HPOS="364"/><String ID="p271_w462" CONTENT="carotid," HPOS="389" VPOS="2578" WIDTH="135" HEIGHT="75" STYLEREFS="font0"/><SP WIDTH="26" VPOS="2578" HPOS="524"/><String ID="p271_w463" CONTENT="the" HPOS="550" VPOS="2578" WIDTH="55" HEIGHT="75" STYLEREFS="font0"/><SP WIDTH="24" VPOS="2578" HPOS="605"/><String ID="p271_w464" CONTENT="other" HPOS="629" VPOS="2578" WIDTH="94" HEIGHT="75" STYLEREFS="font0"/><SP WIDTH="23" VPOS="2578" HPOS="723"/><String ID="p271_w465" CONTENT="the" HPOS="746" VPOS="2578" WIDTH="55" HEIGHT="75" STYLEREFS="font0"/><SP WIDTH="27" VPOS="2578" HPOS="801"/><String ID="p271_w466" CONTENT="left." HPOS="828" VPOS="2578" WIDTH="72" HEIGHT="75" STYLEREFS="font0"/><SP WIDTH="49" VPOS="2578" HPOS="900"/><String ID="p271_w467" CONTENT="They" HPOS="949" VPOS="2578" WIDTH="99" HEIGHT="75" STYLEREFS="font0"/><SP WIDTH="17" VPOS="2578" HPOS="1048"/><String ID="p271_w468" CONTENT="arife" HPOS="1065" VPOS="2578" WIDTH="76" HEIGHT="75" STYLEREFS="font0"/><SP WIDTH="18" VPOS="2578" HPOS="1141"/><String ID="p271_w469" CONTENT="near" HPOS="1159" VPOS="2578" WIDTH="75" HEIGHT="75" STYLEREFS="font0"/></TextLine><TextLine WIDTH="1025" HEIGHT="75" ID="p271_t56" HPOS="207" VPOS="2623"><String ID="p271_w470" CONTENT="each" HPOS="207" VPOS="2623" WIDTH="75" HEIGHT="75" STYLEREFS="font0"/><SP WIDTH="18" VPOS="2623" HPOS="282"/><String ID="p271_w471" CONTENT="other," HPOS="300" VPOS="2623" WIDTH="109" HEIGHT="75" STYLEREFS="font0"/><SP WIDTH="23" VPOS="2623" HPOS="409"/><String ID="p271_w472" CONTENT="from" HPOS="432" VPOS="2623" WIDTH="82" HEIGHT="75" STYLEREFS="font0"/><SP WIDTH="18" VPOS="2623" HPOS="514"/><String ID="p271_w473" CONTENT="the" HPOS="532" VPOS="2623" WIDTH="54" HEIGHT="75" STYLEREFS="font0"/><SP WIDTH="12" VPOS="2623" HPOS="586"/><String ID="p271_w474" CONTENT="curvature" HPOS="598" VPOS="2623" WIDTH="166" HEIGHT="75" STYLEREFS="font0"/><SP WIDTH="17" VPOS="2623" HPOS="764"/><String ID="p271_w475" CONTENT="of" HPOS="781" VPOS="2623" WIDTH="40" HEIGHT="75" STYLEREFS="font0"/><SP WIDTH="11" VPOS="2623" HPOS="821"/><String ID="p271_w476" CONTENT="the" HPOS="832" VPOS="2623" WIDTH="55" HEIGHT="75" STYLEREFS="font0"/><SP WIDTH="17" VPOS="2623" HPOS="887"/><String ID="p271_w477" CONTENT="aorta," HPOS="904" VPOS="2623" WIDTH="101" HEIGHT="75" STYLEREFS="font0"/><SP WIDTH="25" VPOS="2623" HPOS="1005"/><String ID="p271_w478" CONTENT="the" HPOS="1030" VPOS="2623" WIDTH="55" HEIGHT="75" STYLEREFS="font0"/><SP WIDTH="16" VPOS="2623" HPOS="1085"/><String ID="p271_w479" CONTENT="left" HPOS="1101" VPOS="2623" WIDTH="59" HEIGHT="75" STYLEREFS="font0"/><SP WIDTH="13" VPOS="2623" HPOS="1160"/><String ID="p271_w480" CONTENT="im-" HPOS="1173" VPOS="2623" WIDTH="59" HEIGHT="75" STYLEREFS="font0"/></TextLine><TextLine WIDTH="1034" HEIGHT="75" ID="p271_t57" HPOS="205" VPOS="2669"><String ID="p271_w481" CONTENT="mediately," HPOS="205" VPOS="2669" WIDTH="183" HEIGHT="75" STYLEREFS="font0"/><SP WIDTH="26" VPOS="2669" HPOS="388"/><String ID="p271_w482" CONTENT="the" HPOS="414" VPOS="2669" WIDTH="54" HEIGHT="75" STYLEREFS="font0"/><SP WIDTH="26" VPOS="2669" HPOS="468"/><String ID="p271_w483" CONTENT="right" HPOS="494" VPOS="2669" WIDTH="86" HEIGHT="75" STYLEREFS="font0"/><SP WIDTH="26" VPOS="2669" HPOS="580"/><String ID="p271_w484" CONTENT="moft" HPOS="606" VPOS="2669" WIDTH="79" HEIGHT="75" STYLEREFS="font0"/><SP WIDTH="27" VPOS="2669" HPOS="685"/><String ID="p271_w485" CONTENT="commonly" HPOS="712" VPOS="2669" WIDTH="180" HEIGHT="75" STYLEREFS="font0"/><SP WIDTH="23" VPOS="2669" HPOS="892"/><String ID="p271_w486" CONTENT="from" HPOS="915" VPOS="2669" WIDTH="84" HEIGHT="75" STYLEREFS="font0"/><SP WIDTH="16" VPOS="2669" HPOS="999"/><String ID="p271_w487" CONTENT="the" HPOS="1015" VPOS="2669" WIDTH="55" HEIGHT="75" STYLEREFS="font0"/><SP WIDTH="16" VPOS="2669" HPOS="1070"/><String ID="p271_w488" CONTENT="trunk" HPOS="1086" VPOS="2669" WIDTH="96" HEIGHT="75" STYLEREFS="font0"/><SP WIDTH="17" VPOS="2669" HPOS="1182"/><String ID="p271_w489" CONTENT="of" HPOS="1199" VPOS="2669" WIDTH="40" HEIGHT="75" STYLEREFS="font0"/></TextLine><TextLine WIDTH="547" HEIGHT="75" ID="p271_t58" HPOS="206" VPOS="2714"><String ID="p271_w490" CONTENT="the" HPOS="206" VPOS="2714" WIDTH="54" HEIGHT="75" STYLEREFS="font0"/><SP WIDTH="15" VPOS="2714" HPOS="260"/><String ID="p271_w491" CONTENT="fubclavia" HPOS="275" VPOS="2714" WIDTH="158" HEIGHT="75" STYLEREFS="font0"/><SP WIDTH="15" VPOS="2714" HPOS="433"/><String ID="p271_w492" CONTENT="on" HPOS="448" VPOS="2714" WIDTH="43" HEIGHT="75" STYLEREFS="font0"/><SP WIDTH="16" VPOS="2714" HPOS="491"/><String ID="p271_w493" CONTENT="the" HPOS="507" VPOS="2714" WIDTH="54" HEIGHT="75" STYLEREFS="font0"/><SP WIDTH="17" VPOS="2714" HPOS="561"/><String ID="p271_w494" CONTENT="fame" HPOS="578" VPOS="2714" WIDTH="83" HEIGHT="75" STYLEREFS="font0"/><SP WIDTH="18" VPOS="2714" HPOS="661"/><String ID="p271_w495" CONTENT="fide." HPOS="679" VPOS="2714" WIDTH="74" HEIGHT="75" STYLEREFS="font0"/></TextLine><TextLine WIDTH="978" HEIGHT="75" ID="p271_t59" HPOS="252" VPOS="2760"><String ID="p271_w496" CONTENT="They" HPOS="252" VPOS="2760" WIDTH="98" HEIGHT="75" STYLEREFS="font0"/><SP WIDTH="16" VPOS="2760" HPOS="350"/><String ID="p271_w497" CONTENT="run" HPOS="366" VPOS="2760" WIDTH="58" HEIGHT="75" STYLEREFS="font0"/><SP WIDTH="16" VPOS="2760" HPOS="424"/><String ID="p271_w498" CONTENT="upon" HPOS="440" VPOS="2760" WIDTH="86" HEIGHT="75" STYLEREFS="font0"/><SP WIDTH="25" VPOS="2760" HPOS="526"/><String ID="p271_w499" CONTENT="each" HPOS="551" VPOS="2760" WIDTH="76" HEIGHT="75" STYLEREFS="font0"/><SP WIDTH="25" VPOS="2760" HPOS="627"/><String ID="p271_w500" CONTENT="fide" HPOS="652" VPOS="2760" WIDTH="63" HEIGHT="75" STYLEREFS="font0"/><SP WIDTH="24" VPOS="2760" HPOS="715"/><String ID="p271_w501" CONTENT="of" HPOS="739" VPOS="2760" WIDTH="41" HEIGHT="75" STYLEREFS="font0"/><SP WIDTH="18" VPOS="2760" HPOS="780"/><String ID="p271_w502" CONTENT="the" HPOS="798" VPOS="2760" WIDTH="55" HEIGHT="75" STYLEREFS="font0"/><SP WIDTH="25" VPOS="2760" HPOS="853"/><String ID="p271_w503" CONTENT="trachea" HPOS="878" VPOS="2760" WIDTH="129" HEIGHT="75" STYLEREFS="font0"/><SP WIDTH="16" VPOS="2760" HPOS="1007"/><String ID="p271_w504" CONTENT="arteria," HPOS="1023" VPOS="2760" WIDTH="127" HEIGHT="75" STYLEREFS="font0"/><SP WIDTH="25" VPOS="2760" HPOS="1150"/><String ID="p271_w505" CONTENT="be-" HPOS="1175" VPOS="2760" WIDTH="55" HEIGHT="75" STYLEREFS="font0"/></TextLine><TextLine WIDTH="1025" HEIGHT="75" ID="p271_t60" HPOS="205" VPOS="2805"><String ID="p271_w506" CONTENT="tween" HPOS="205" VPOS="2805" WIDTH="103" HEIGHT="75" STYLEREFS="font0"/><SP WIDTH="15" VPOS="2805" HPOS="308"/><String ID="p271_w507" CONTENT="it" HPOS="323" VPOS="2805" WIDTH="26" HEIGHT="75" STYLEREFS="font0"/><SP WIDTH="18" VPOS="2805" HPOS="349"/><String ID="p271_w508" CONTENT="and" HPOS="367" VPOS="2805" WIDTH="60" HEIGHT="75" STYLEREFS="font0"/><SP WIDTH="14" VPOS="2805" HPOS="427"/><String ID="p271_w509" CONTENT="the" HPOS="441" VPOS="2805" WIDTH="54" HEIGHT="75" STYLEREFS="font0"/><SP WIDTH="16" VPOS="2805" HPOS="495"/><String ID="p271_w510" CONTENT="internal" HPOS="511" VPOS="2805" WIDTH="135" HEIGHT="75" STYLEREFS="font0"/><SP WIDTH="17" VPOS="2805" HPOS="646"/><String ID="p271_w511" CONTENT="jugular" HPOS="663" VPOS="2805" WIDTH="129" HEIGHT="75" STYLEREFS="font0"/><SP WIDTH="19" VPOS="2805" HPOS="792"/><String ID="p271_w512" CONTENT="vein," HPOS="811" VPOS="2805" WIDTH="81" HEIGHT="75" STYLEREFS="font0"/><SP WIDTH="27" VPOS="2805" HPOS="892"/><String ID="p271_w513" CONTENT="as" HPOS="919" VPOS="2805" WIDTH="32" HEIGHT="75" STYLEREFS="font0"/><SP WIDTH="17" VPOS="2805" HPOS="951"/><String ID="p271_w514" CONTENT="high" HPOS="968" VPOS="2805" WIDTH="77" HEIGHT="75" STYLEREFS="font0"/><SP WIDTH="18" VPOS="2805" HPOS="1045"/><String ID="p271_w515" CONTENT="as" HPOS="1063" VPOS="2805" WIDTH="33" HEIGHT="75" STYLEREFS="font0"/><SP WIDTH="17" VPOS="2805" HPOS="1096"/><String ID="p271_w516" CONTENT="the" HPOS="1113" VPOS="2805" WIDTH="54" HEIGHT="75" STYLEREFS="font0"/><SP WIDTH="17" VPOS="2805" HPOS="1167"/><String ID="p271_w517" CONTENT="la-" HPOS="1184" VPOS="2805" WIDTH="46" HEIGHT="75" STYLEREFS="font0"/></TextLine><TextLine WIDTH="1027" HEIGHT="75" ID="p271_t61" HPOS="204" VPOS="2851"><String ID="p271_w518" CONTENT="rynx," HPOS="204" VPOS="2851" WIDTH="98" HEIGHT="75" STYLEREFS="font0"/><SP WIDTH="24" VPOS="2851" HPOS="302"/><String ID="p271_w519" CONTENT="without" HPOS="326" VPOS="2851" WIDTH="136" HEIGHT="75" STYLEREFS="font0"/><SP WIDTH="18" VPOS="2851" HPOS="462"/><String ID="p271_w520" CONTENT="any" HPOS="480" VPOS="2851" WIDTH="61" HEIGHT="75" STYLEREFS="font0"/><SP WIDTH="11" VPOS="2851" HPOS="541"/><String ID="p271_w521" CONTENT="ramification." HPOS="552" VPOS="2851" WIDTH="220" HEIGHT="75" STYLEREFS="font0"/><SP WIDTH="50" VPOS="2851" HPOS="772"/><String ID="p271_w522" CONTENT="Each" HPOS="822" VPOS="2851" WIDTH="90" HEIGHT="75" STYLEREFS="font0"/><SP WIDTH="17" VPOS="2851" HPOS="912"/><String ID="p271_w523" CONTENT="of" HPOS="929" VPOS="2851" WIDTH="40" HEIGHT="75" STYLEREFS="font0"/><SP WIDTH="11" VPOS="2851" HPOS="969"/><String ID="p271_w524" CONTENT="fnefe" HPOS="980" VPOS="2851" WIDTH="86" HEIGHT="75" STYLEREFS="font0"/><SP WIDTH="13" VPOS="2851" HPOS="1066"/><String ID="p271_w525" CONTENT="trunks" HPOS="1079" VPOS="2851" WIDTH="111" HEIGHT="75" STYLEREFS="font0"/><SP WIDTH="14" VPOS="2851" HPOS="1190"/><String ID="p271_w526" CONTENT="is" HPOS="1204" VPOS="2851" WIDTH="27" HEIGHT="75" STYLEREFS="font0"/></TextLine><TextLine WIDTH="814" HEIGHT="75" ID="p271_t62" HPOS="204" VPOS="2898"><String ID="p271_w527" CONTENT="afterwards" HPOS="204" VPOS="2898" WIDTH="186" HEIGHT="75" STYLEREFS="font0"/><SP WIDTH="17" VPOS="2898" HPOS="390"/><String ID="p271_w528" CONTENT="ramified" HPOS="407" VPOS="2898" WIDTH="140" HEIGHT="75" STYLEREFS="font0"/><SP WIDTH="24" VPOS="2898" HPOS="547"/><String ID="p271_w529" CONTENT="in" HPOS="571" VPOS="2898" WIDTH="31" HEIGHT="75" STYLEREFS="font0"/><SP WIDTH="21" VPOS="2898" HPOS="602"/><String ID="p271_w530" CONTENT="the" HPOS="623" VPOS="2898" WIDTH="55" HEIGHT="75" STYLEREFS="font0"/><SP WIDTH="16" VPOS="2898" HPOS="678"/><String ID="p271_w531" CONTENT="following" HPOS="694" VPOS="2898" WIDTH="167" HEIGHT="75" STYLEREFS="font0"/><SP WIDTH="16" VPOS="2898" HPOS="861"/><String ID="p271_w532" CONTENT="manner." HPOS="877" VPOS="2898" WIDTH="141" HEIGHT="75" STYLEREFS="font0"/></TextLine><TextLine WIDTH="980" HEIGHT="75" ID="p271_t63" HPOS="249" VPOS="2945"><String ID="p271_w533" CONTENT="The" HPOS="249" VPOS="2945" WIDTH="76" HEIGHT="75" STYLEREFS="font0"/><SP WIDTH="18" VPOS="2945" HPOS="325"/><String ID="p271_w534" CONTENT="trunk" HPOS="343" VPOS="2945" WIDTH="95" HEIGHT="75" STYLEREFS="font0"/><SP WIDTH="25" VPOS="2945" HPOS="438"/><String ID="p271_w535" CONTENT="having" HPOS="463" VPOS="2945" WIDTH="119" HEIGHT="75" STYLEREFS="font0"/><SP WIDTH="25" VPOS="2945" HPOS="582"/><String ID="p271_w536" CONTENT="reached" HPOS="607" VPOS="2945" WIDTH="138" HEIGHT="75" STYLEREFS="font0"/><SP WIDTH="26" VPOS="2945" HPOS="745"/><String ID="p271_w537" CONTENT="as" HPOS="771" VPOS="2945" WIDTH="31" HEIGHT="75" STYLEREFS="font0"/><SP WIDTH="26" VPOS="2945" HPOS="802"/><String ID="p271_w538" CONTENT="high" HPOS="828" VPOS="2945" WIDTH="75" HEIGHT="75" STYLEREFS="font0"/><SP WIDTH="25" VPOS="2945" HPOS="903"/><String ID="p271_w539" CONTENT="as" HPOS="928" VPOS="2945" WIDTH="34" HEIGHT="75" STYLEREFS="font0"/><SP WIDTH="16" VPOS="2945" HPOS="962"/><String ID="p271_w540" CONTENT="the" HPOS="978" VPOS="2945" WIDTH="55" HEIGHT="75" STYLEREFS="font0"/><SP WIDTH="17" VPOS="2945" HPOS="1033"/><String ID="p271_w541" CONTENT="larynx," HPOS="1050" VPOS="2945" WIDTH="127" HEIGHT="75" STYLEREFS="font0"/><SP WIDTH="25" VPOS="2945" HPOS="1177"/><String ID="p271_w542" CONTENT="is" HPOS="1202" VPOS="2945" WIDTH="27" HEIGHT="75" STYLEREFS="font0"/></TextLine><TextLine WIDTH="525" HEIGHT="75" ID="p271_t64" HPOS="1277" VPOS="109"><String ID="p271_w543" CONTENT="T" HPOS="1277" VPOS="109" WIDTH="38" HEIGHT="75" STYLEREFS="font0"/><SP WIDTH="118" VPOS="109" HPOS="1315"/><String ID="p271_w544" CONTENT="O" HPOS="1433" VPOS="109" WIDTH="39" HEIGHT="75" STYLEREFS="font0"/><SP WIDTH="118" VPOS="109" HPOS="1472"/><String ID="p271_w545" CONTENT="M" HPOS="1590" VPOS="109" WIDTH="48" HEIGHT="75" STYLEREFS="font0"/><SP WIDTH="115" VPOS="109" HPOS="1638"/><String ID="p271_w546" CONTENT="Y." HPOS="1753" VPOS="109" WIDTH="49" HEIGHT="75" STYLEREFS="font0"/></TextLine><TextLine WIDTH="81" HEIGHT="75" ID="p271_t65" HPOS="2258" VPOS="109"><String ID="p271_w547" CONTENT="227" HPOS="2258" VPOS="109" WIDTH="81" HEIGHT="75" STYLEREFS="font0"/></TextLine><TextLine WIDTH="1031" HEIGHT="75" ID="p271_t66" HPOS="1310" VPOS="180"><String ID="p271_w548" CONTENT="divided" HPOS="1310" VPOS="180" WIDTH="129" HEIGHT="75" STYLEREFS="font0"/><SP WIDTH="11" VPOS="180" HPOS="1439"/><String ID="p271_w549" CONTENT="into" HPOS="1450" VPOS="180" WIDTH="69" HEIGHT="75" STYLEREFS="font0"/><SP WIDTH="13" VPOS="180" HPOS="1519"/><String ID="p271_w550" CONTENT="two" HPOS="1532" VPOS="180" WIDTH="65" HEIGHT="75" STYLEREFS="font0"/><SP WIDTH="12" VPOS="180" HPOS="1597"/><String ID="p271_w551" CONTENT="large" HPOS="1609" VPOS="180" WIDTH="87" HEIGHT="75" STYLEREFS="font0"/><SP WIDTH="13" VPOS="180" HPOS="1696"/><String ID="p271_w552" CONTENT="branches" HPOS="1709" VPOS="180" WIDTH="154" HEIGHT="75" STYLEREFS="font0"/><SP WIDTH="13" VPOS="180" HPOS="1863"/><String ID="p271_w553" CONTENT="or" HPOS="1876" VPOS="180" WIDTH="36" HEIGHT="75" STYLEREFS="font0"/><SP WIDTH="13" VPOS="180" HPOS="1912"/><String ID="p271_w554" CONTENT="particular" HPOS="1925" VPOS="180" WIDTH="173" HEIGHT="75" STYLEREFS="font0"/><SP WIDTH="13" VPOS="180" HPOS="2098"/><String ID="p271_w555" CONTENT="carotids," HPOS="2111" VPOS="180" WIDTH="151" HEIGHT="75" STYLEREFS="font0"/><SP WIDTH="18" VPOS="180" HPOS="2262"/><String ID="p271_w556" CONTENT="one" HPOS="2280" VPOS="180" WIDTH="61" HEIGHT="75" STYLEREFS="font0"/></TextLine><TextLine WIDTH="1030" HEIGHT="75" ID="p271_t67" HPOS="1309" VPOS="225"><String ID="p271_w557" CONTENT="named" HPOS="1309" VPOS="225" WIDTH="113" HEIGHT="75" STYLEREFS="font0"/><SP WIDTH="16" VPOS="225" HPOS="1422"/><String ID="p271_w558" CONTENT="external," HPOS="1438" VPOS="225" WIDTH="160" HEIGHT="75" STYLEREFS="font0"/><SP WIDTH="19" VPOS="225" HPOS="1598"/><String ID="p271_w559" CONTENT="the" HPOS="1617" VPOS="225" WIDTH="55" HEIGHT="75" STYLEREFS="font0"/><SP WIDTH="11" VPOS="225" HPOS="1672"/><String ID="p271_w560" CONTENT="other" HPOS="1683" VPOS="225" WIDTH="93" HEIGHT="75" STYLEREFS="font0"/><SP WIDTH="17" VPOS="225" HPOS="1776"/><String ID="p271_w561" CONTENT="internal," HPOS="1793" VPOS="225" WIDTH="157" HEIGHT="75" STYLEREFS="font0"/><SP WIDTH="19" VPOS="225" HPOS="1950"/><String ID="p271_w562" CONTENT="becaufe" HPOS="1969" VPOS="225" WIDTH="130" HEIGHT="75" STYLEREFS="font0"/><SP WIDTH="13" VPOS="225" HPOS="2099"/><String ID="p271_w563" CONTENT="the" HPOS="2112" VPOS="225" WIDTH="55" HEIGHT="75" STYLEREFS="font0"/><SP WIDTH="16" VPOS="225" HPOS="2167"/><String ID="p271_w564" CONTENT="firft" HPOS="2183" VPOS="225" WIDTH="63" HEIGHT="75" STYLEREFS="font0"/><SP WIDTH="17" VPOS="225" HPOS="2246"/><String ID="p271_w565" CONTENT="goes" HPOS="2263" VPOS="225" WIDTH="76" HEIGHT="75" STYLEREFS="font0"/></TextLine><TextLine WIDTH="1033" HEIGHT="75" ID="p271_t68" HPOS="1308" VPOS="272"><String ID="p271_w566" CONTENT="chiefly" HPOS="1308" VPOS="272" WIDTH="115" HEIGHT="75" STYLEREFS="font0"/><SP WIDTH="27" VPOS="272" HPOS="1423"/><String ID="p271_w567" CONTENT="to" HPOS="1450" VPOS="272" WIDTH="35" HEIGHT="75" STYLEREFS="font0"/><SP WIDTH="28" VPOS="272" HPOS="1485"/><String ID="p271_w568" CONTENT="the" HPOS="1513" VPOS="272" WIDTH="55" HEIGHT="75" STYLEREFS="font0"/><SP WIDTH="27" VPOS="272" HPOS="1568"/><String ID="p271_w569" CONTENT="external" HPOS="1595" VPOS="272" WIDTH="146" HEIGHT="75" STYLEREFS="font0"/><SP WIDTH="27" VPOS="272" HPOS="1741"/><String ID="p271_w570" CONTENT="parts" HPOS="1768" VPOS="272" WIDTH="86" HEIGHT="75" STYLEREFS="font0"/><SP WIDTH="29" VPOS="272" HPOS="1854"/><String ID="p271_w571" CONTENT="of" HPOS="1883" VPOS="272" WIDTH="40" HEIGHT="75" STYLEREFS="font0"/><SP WIDTH="21" VPOS="272" HPOS="1923"/><String ID="p271_w572" CONTENT="the" HPOS="1944" VPOS="272" WIDTH="55" HEIGHT="75" STYLEREFS="font0"/><SP WIDTH="24" VPOS="272" HPOS="1999"/><String ID="p271_w573" CONTENT="head," HPOS="2023" VPOS="272" WIDTH="94" HEIGHT="75" STYLEREFS="font0"/><SP WIDTH="27" VPOS="272" HPOS="2117"/><String ID="p271_w574" CONTENT="the" HPOS="2144" VPOS="272" WIDTH="54" HEIGHT="75" STYLEREFS="font0"/><SP WIDTH="27" VPOS="272" HPOS="2198"/><String ID="p271_w575" CONTENT="fecond" HPOS="2225" VPOS="272" WIDTH="116" HEIGHT="75" STYLEREFS="font0"/></TextLine><TextLine WIDTH="936" HEIGHT="75" ID="p271_t69" HPOS="1307" VPOS="318"><String ID="p271_w576" CONTENT="enters" HPOS="1307" VPOS="318" WIDTH="105" HEIGHT="75" STYLEREFS="font0"/><SP WIDTH="30" VPOS="318" HPOS="1412"/><String ID="p271_w577" CONTENT="the" HPOS="1442" VPOS="318" WIDTH="56" HEIGHT="75" STYLEREFS="font0"/><SP WIDTH="17" VPOS="318" HPOS="1498"/><String ID="p271_w578" CONTENT="cranium," HPOS="1515" VPOS="318" WIDTH="154" HEIGHT="75" STYLEREFS="font0"/><SP WIDTH="25" VPOS="318" HPOS="1669"/><String ID="p271_w579" CONTENT="and" HPOS="1694" VPOS="318" WIDTH="63" HEIGHT="75" STYLEREFS="font0"/><SP WIDTH="16" VPOS="318" HPOS="1757"/><String ID="p271_w580" CONTENT="is" HPOS="1773" VPOS="318" WIDTH="26" HEIGHT="75" STYLEREFS="font0"/><SP WIDTH="17" VPOS="318" HPOS="1799"/><String ID="p271_w581" CONTENT="diftributed" HPOS="1816" VPOS="318" WIDTH="186" HEIGHT="75" STYLEREFS="font0"/><SP WIDTH="18" VPOS="318" HPOS="2002"/><String ID="p271_w582" CONTENT="to" HPOS="2020" VPOS="318" WIDTH="34" HEIGHT="75" STYLEREFS="font0"/><SP WIDTH="16" VPOS="318" HPOS="2054"/><String ID="p271_w583" CONTENT="the" HPOS="2070" VPOS="318" WIDTH="55" HEIGHT="75" STYLEREFS="font0"/><SP WIDTH="16" VPOS="318" HPOS="2125"/><String ID="p271_w584" CONTENT="brain." HPOS="2141" VPOS="318" WIDTH="102" HEIGHT="75" STYLEREFS="font0"/></TextLine><TextLine WIDTH="987" HEIGHT="75" ID="p271_t70" HPOS="1352" VPOS="364"><String ID="p271_w585" CONTENT="The" HPOS="1352" VPOS="364" WIDTH="76" HEIGHT="75" STYLEREFS="font0"/><SP WIDTH="16" VPOS="364" HPOS="1428"/><String ID="p271_w586" CONTENT="external" HPOS="1444" VPOS="364" WIDTH="145" HEIGHT="75" STYLEREFS="font0"/><SP WIDTH="21" VPOS="364" HPOS="1589"/><String ID="p271_w587" CONTENT="carotid" HPOS="1610" VPOS="364" WIDTH="124" HEIGHT="75" STYLEREFS="font0"/><SP WIDTH="23" VPOS="364" HPOS="1734"/><String ID="p271_w588" CONTENT="is" HPOS="1757" VPOS="364" WIDTH="26" HEIGHT="75" STYLEREFS="font0"/><SP WIDTH="26" VPOS="364" HPOS="1783"/><String ID="p271_w589" CONTENT="anterior," HPOS="1809" VPOS="364" WIDTH="151" HEIGHT="75" STYLEREFS="font0"/><SP WIDTH="25" VPOS="364" HPOS="1960"/><String ID="p271_w590" CONTENT="the" HPOS="1985" VPOS="364" WIDTH="56" HEIGHT="75" STYLEREFS="font0"/><SP WIDTH="15" VPOS="364" HPOS="2041"/><String ID="p271_w591" CONTENT="internal" HPOS="2056" VPOS="364" WIDTH="135" HEIGHT="75" STYLEREFS="font0"/><SP WIDTH="17" VPOS="364" HPOS="2191"/><String ID="p271_w592" CONTENT="pofteri-" HPOS="2208" VPOS="364" WIDTH="131" HEIGHT="75" STYLEREFS="font0"/></TextLine><TextLine WIDTH="1033" HEIGHT="75" ID="p271_t71" HPOS="1306" VPOS="410"><String ID="p271_w593" CONTENT="or" HPOS="1306" VPOS="410" WIDTH="37" HEIGHT="75" STYLEREFS="font0"/><SP WIDTH="12" VPOS="410" HPOS="1343"/><String ID="p271_w594" CONTENT=";" HPOS="1355" VPOS="410" WIDTH="10" HEIGHT="75" STYLEREFS="font0"/><SP WIDTH="27" VPOS="410" HPOS="1365"/><String ID="p271_w595" CONTENT="and" HPOS="1392" VPOS="410" WIDTH="62" HEIGHT="75" STYLEREFS="font0"/><SP WIDTH="17" VPOS="410" HPOS="1454"/><String ID="p271_w596" CONTENT="the" HPOS="1471" VPOS="410" WIDTH="54" HEIGHT="75" STYLEREFS="font0"/><SP WIDTH="16" VPOS="410" HPOS="1525"/><String ID="p271_w597" CONTENT="external" HPOS="1541" VPOS="410" WIDTH="147" HEIGHT="75" STYLEREFS="font0"/><SP WIDTH="17" VPOS="410" HPOS="1688"/><String ID="p271_w598" CONTENT="is" HPOS="1705" VPOS="410" WIDTH="27" HEIGHT="75" STYLEREFS="font0"/><SP WIDTH="25" VPOS="410" HPOS="1732"/><String ID="p271_w599" CONTENT="even" HPOS="1757" VPOS="410" WIDTH="78" HEIGHT="75" STYLEREFS="font0"/><SP WIDTH="25" VPOS="410" HPOS="1835"/><String ID="p271_w600" CONTENT="fituated" HPOS="1860" VPOS="410" WIDTH="132" HEIGHT="75" STYLEREFS="font0"/><SP WIDTH="16" VPOS="410" HPOS="1992"/><String ID="p271_w601" CONTENT="more" HPOS="2008" VPOS="410" WIDTH="89" HEIGHT="75" STYLEREFS="font0"/><SP WIDTH="20" VPOS="410" HPOS="2097"/><String ID="p271_w602" CONTENT="inward," HPOS="2117" VPOS="410" WIDTH="133" HEIGHT="75" STYLEREFS="font0"/><SP WIDTH="26" VPOS="410" HPOS="2250"/><String ID="p271_w603" CONTENT="and" HPOS="2276" VPOS="410" WIDTH="63" HEIGHT="75" STYLEREFS="font0"/></TextLine><TextLine WIDTH="617" HEIGHT="75" ID="p271_t72" HPOS="1305" VPOS="456"><String ID="p271_w604" CONTENT="nearer" HPOS="1305" VPOS="456" WIDTH="110" HEIGHT="75" STYLEREFS="font0"/><SP WIDTH="15" VPOS="456" HPOS="1415"/><String ID="p271_w605" CONTENT="the" HPOS="1430" VPOS="456" WIDTH="56" HEIGHT="75" STYLEREFS="font0"/><SP WIDTH="15" VPOS="456" HPOS="1486"/><String ID="p271_w606" CONTENT="larynx," HPOS="1501" VPOS="456" WIDTH="129" HEIGHT="75" STYLEREFS="font0"/><SP WIDTH="24" VPOS="456" HPOS="1630"/><String ID="p271_w607" CONTENT="than" HPOS="1654" VPOS="456" WIDTH="77" HEIGHT="75" STYLEREFS="font0"/><SP WIDTH="13" VPOS="456" HPOS="1731"/><String ID="p271_w608" CONTENT="the" HPOS="1744" VPOS="456" WIDTH="55" HEIGHT="75" STYLEREFS="font0"/><SP WIDTH="17" VPOS="456" HPOS="1799"/><String ID="p271_w609" CONTENT="other." HPOS="1816" VPOS="456" WIDTH="106" HEIGHT="75" STYLEREFS="font0"/></TextLine><TextLine WIDTH="986" HEIGHT="75" ID="p271_t73" HPOS="1351" VPOS="503"><String ID="p271_w610" CONTENT="The" HPOS="1351" VPOS="503" WIDTH="76" HEIGHT="75" STYLEREFS="font0"/><SP WIDTH="17" VPOS="503" HPOS="1427"/><String ID="p271_w611" CONTENT="external" HPOS="1444" VPOS="503" WIDTH="145" HEIGHT="75" STYLEREFS="font0"/><SP WIDTH="17" VPOS="503" HPOS="1589"/><String ID="p271_w612" CONTENT="carotid" HPOS="1606" VPOS="503" WIDTH="124" HEIGHT="75" STYLEREFS="font0"/><SP WIDTH="22" VPOS="503" HPOS="1730"/><String ID="p271_w613" CONTENT="is" HPOS="1752" VPOS="503" WIDTH="27" HEIGHT="75" STYLEREFS="font0"/><SP WIDTH="16" VPOS="503" HPOS="1779"/><String ID="p271_w614" CONTENT="the" HPOS="1795" VPOS="503" WIDTH="55" HEIGHT="75" STYLEREFS="font0"/><SP WIDTH="25" VPOS="503" HPOS="1850"/><String ID="p271_w615" CONTENT="fmalleft." HPOS="1875" VPOS="503" WIDTH="147" HEIGHT="75" STYLEREFS="font0"/><SP WIDTH="49" VPOS="503" HPOS="2022"/><String ID="p271_w616" CONTENT="It" HPOS="2071" VPOS="503" WIDTH="32" HEIGHT="75" STYLEREFS="font0"/><SP WIDTH="13" VPOS="503" HPOS="2103"/><String ID="p271_w617" CONTENT="runs" HPOS="2116" VPOS="503" WIDTH="74" HEIGHT="75" STYLEREFS="font0"/><SP WIDTH="24" VPOS="503" HPOS="2190"/><String ID="p271_w618" CONTENT="infenfi-" HPOS="2214" VPOS="503" WIDTH="123" HEIGHT="75" STYLEREFS="font0"/></TextLine><TextLine WIDTH="1034" HEIGHT="75" ID="p271_t74" HPOS="1304" VPOS="548"><String ID="p271_w619" CONTENT="bly" HPOS="1304" VPOS="548" WIDTH="56" HEIGHT="75" STYLEREFS="font0"/><SP WIDTH="16" VPOS="548" HPOS="1360"/><String ID="p271_w620" CONTENT="outward," HPOS="1376" VPOS="548" WIDTH="157" HEIGHT="75" STYLEREFS="font0"/><SP WIDTH="26" VPOS="548" HPOS="1533"/><String ID="p271_w621" CONTENT="between" HPOS="1559" VPOS="548" WIDTH="144" HEIGHT="75" STYLEREFS="font0"/><SP WIDTH="24" VPOS="548" HPOS="1703"/><String ID="p271_w622" CONTENT="the" HPOS="1727" VPOS="548" WIDTH="56" HEIGHT="75" STYLEREFS="font0"/><SP WIDTH="28" VPOS="548" HPOS="1783"/><String ID="p271_w623" CONTENT="external" HPOS="1811" VPOS="548" WIDTH="145" HEIGHT="75" STYLEREFS="font0"/><SP WIDTH="25" VPOS="548" HPOS="1956"/><String ID="p271_w624" CONTENT="angle" HPOS="1981" VPOS="548" WIDTH="92" HEIGHT="75" STYLEREFS="font0"/><SP WIDTH="24" VPOS="548" HPOS="2073"/><String ID="p271_w625" CONTENT="of" HPOS="2097" VPOS="548" WIDTH="40" HEIGHT="75" STYLEREFS="font0"/><SP WIDTH="23" VPOS="548" HPOS="2137"/><String ID="p271_w626" CONTENT="the" HPOS="2160" VPOS="548" WIDTH="55" HEIGHT="75" STYLEREFS="font0"/><SP WIDTH="22" VPOS="548" HPOS="2215"/><String ID="p271_w627" CONTENT="lower" HPOS="2237" VPOS="548" WIDTH="101" HEIGHT="75" STYLEREFS="font0"/></TextLine><TextLine WIDTH="1035" HEIGHT="75" ID="p271_t75" HPOS="1300" VPOS="595"><String ID="p271_w628" CONTENT="jaw," HPOS="1300" VPOS="595" WIDTH="78" HEIGHT="75" STYLEREFS="font0"/><SP WIDTH="26" VPOS="595" HPOS="1378"/><String ID="p271_w629" CONTENT="and" HPOS="1404" VPOS="595" WIDTH="62" HEIGHT="75" STYLEREFS="font0"/><SP WIDTH="16" VPOS="595" HPOS="1466"/><String ID="p271_w630" CONTENT="the" HPOS="1482" VPOS="595" WIDTH="54" HEIGHT="75" STYLEREFS="font0"/><SP WIDTH="17" VPOS="595" HPOS="1536"/><String ID="p271_w631" CONTENT="parotid" HPOS="1553" VPOS="595" WIDTH="127" HEIGHT="75" STYLEREFS="font0"/><SP WIDTH="24" VPOS="595" HPOS="1680"/><String ID="p271_w632" CONTENT="gland," HPOS="1704" VPOS="595" WIDTH="109" HEIGHT="75" STYLEREFS="font0"/><SP WIDTH="25" VPOS="595" HPOS="1813"/><String ID="p271_w633" CONTENT="which" HPOS="1838" VPOS="595" WIDTH="105" HEIGHT="75" STYLEREFS="font0"/><SP WIDTH="25" VPOS="595" HPOS="1943"/><String ID="p271_w634" CONTENT="it" HPOS="1968" VPOS="595" WIDTH="25" HEIGHT="75" STYLEREFS="font0"/><SP WIDTH="27" VPOS="595" HPOS="1993"/><String ID="p271_w635" CONTENT="Supplies" HPOS="2020" VPOS="595" WIDTH="134" HEIGHT="75" STYLEREFS="font0"/><SP WIDTH="18" VPOS="595" HPOS="2154"/><String ID="p271_w636" CONTENT="as" HPOS="2172" VPOS="595" WIDTH="33" HEIGHT="75" STYLEREFS="font0"/><SP WIDTH="20" VPOS="595" HPOS="2205"/><String ID="p271_w637" CONTENT="it" HPOS="2225" VPOS="595" WIDTH="25" HEIGHT="75" STYLEREFS="font0"/><SP WIDTH="17" VPOS="595" HPOS="2250"/><String ID="p271_w638" CONTENT="paf-" HPOS="2267" VPOS="595" WIDTH="68" HEIGHT="75" STYLEREFS="font0"/></TextLine><TextLine WIDTH="1037" HEIGHT="75" ID="p271_t76" HPOS="1297" VPOS="641"><String ID="p271_w639" CONTENT="Jes." HPOS="1297" VPOS="641" WIDTH="66" HEIGHT="75" STYLEREFS="font0"/><SP WIDTH="49" VPOS="641" HPOS="1363"/><String ID="p271_w640" CONTENT="Afterwards" HPOS="1412" VPOS="641" WIDTH="206" HEIGHT="75" STYLEREFS="font0"/><SP WIDTH="27" VPOS="641" HPOS="1618"/><String ID="p271_w641" CONTENT="it" HPOS="1645" VPOS="641" WIDTH="27" HEIGHT="75" STYLEREFS="font0"/><SP WIDTH="27" VPOS="641" HPOS="1672"/><String ID="p271_w642" CONTENT="afeends" HPOS="1699" VPOS="641" WIDTH="129" HEIGHT="75" STYLEREFS="font0"/><SP WIDTH="17" VPOS="641" HPOS="1828"/><String ID="p271_w643" CONTENT="on" HPOS="1845" VPOS="641" WIDTH="42" HEIGHT="75" STYLEREFS="font0"/><SP WIDTH="16" VPOS="641" HPOS="1887"/><String ID="p271_w644" CONTENT="the" HPOS="1903" VPOS="641" WIDTH="55" HEIGHT="75" STYLEREFS="font0"/><SP WIDTH="18" VPOS="641" HPOS="1958"/><String ID="p271_w645" CONTENT="fore-fide" HPOS="1976" VPOS="641" WIDTH="152" HEIGHT="75" STYLEREFS="font0"/><SP WIDTH="17" VPOS="641" HPOS="2128"/><String ID="p271_w646" CONTENT="of" HPOS="2145" VPOS="641" WIDTH="40" HEIGHT="75" STYLEREFS="font0"/><SP WIDTH="12" VPOS="641" HPOS="2185"/><String ID="p271_w647" CONTENT="the" HPOS="2197" VPOS="641" WIDTH="55" HEIGHT="75" STYLEREFS="font0"/><SP WIDTH="16" VPOS="641" HPOS="2252"/><String ID="p271_w648" CONTENT="ear," HPOS="2268" VPOS="641" WIDTH="66" HEIGHT="75" STYLEREFS="font0"/></TextLine><TextLine WIDTH="433" HEIGHT="75" ID="p271_t77" HPOS="1302" VPOS="687"><String ID="p271_w649" CONTENT="and" HPOS="1302" VPOS="687" WIDTH="62" HEIGHT="75" STYLEREFS="font0"/><SP WIDTH="16" VPOS="687" HPOS="1364"/><String ID="p271_w650" CONTENT="ends" HPOS="1380" VPOS="687" WIDTH="77" HEIGHT="75" STYLEREFS="font0"/><SP WIDTH="17" VPOS="687" HPOS="1457"/><String ID="p271_w651" CONTENT="in" HPOS="1474" VPOS="687" WIDTH="31" HEIGHT="75" STYLEREFS="font0"/><SP WIDTH="12" VPOS="687" HPOS="1505"/><String ID="p271_w652" CONTENT="the" HPOS="1517" VPOS="687" WIDTH="55" HEIGHT="75" STYLEREFS="font0"/><SP WIDTH="15" VPOS="687" HPOS="1572"/><String ID="p271_w653" CONTENT="temples." HPOS="1587" VPOS="687" WIDTH="148" HEIGHT="75" STYLEREFS="font0"/></TextLine><TextLine WIDTH="987" HEIGHT="75" ID="p271_t78" HPOS="1349" VPOS="734"><String ID="p271_w654" CONTENT="In" HPOS="1349" VPOS="734" WIDTH="38" HEIGHT="75" STYLEREFS="font0"/><SP WIDTH="17" VPOS="734" HPOS="1387"/><String ID="p271_w655" CONTENT="this" HPOS="1404" VPOS="734" WIDTH="64" HEIGHT="75" STYLEREFS="font0"/><SP WIDTH="17" VPOS="734" HPOS="1468"/><String ID="p271_w656" CONTENT="courfe" HPOS="1485" VPOS="734" WIDTH="109" HEIGHT="75" STYLEREFS="font0"/><SP WIDTH="11" VPOS="734" HPOS="1594"/><String ID="p271_w657" CONTENT="it" HPOS="1605" VPOS="734" WIDTH="27" HEIGHT="75" STYLEREFS="font0"/><SP WIDTH="11" VPOS="734" HPOS="1632"/><String ID="p271_w658" CONTENT="fends" HPOS="1643" VPOS="734" WIDTH="91" HEIGHT="75" STYLEREFS="font0"/><SP WIDTH="18" VPOS="734" HPOS="1734"/><String ID="p271_w659" CONTENT="off" HPOS="1752" VPOS="734" WIDTH="51" HEIGHT="75" STYLEREFS="font0"/><SP WIDTH="13" VPOS="734" HPOS="1803"/><String ID="p271_w660" CONTENT="feveral" HPOS="1816" VPOS="734" WIDTH="118" HEIGHT="75" STYLEREFS="font0"/><SP WIDTH="17" VPOS="734" HPOS="1934"/><String ID="p271_w661" CONTENT="branches," HPOS="1951" VPOS="734" WIDTH="166" HEIGHT="75" STYLEREFS="font0"/><SP WIDTH="26" VPOS="734" HPOS="2117"/><String ID="p271_w662" CONTENT="which" HPOS="2143" VPOS="734" WIDTH="106" HEIGHT="75" STYLEREFS="font0"/><SP WIDTH="12" VPOS="734" HPOS="2249"/><String ID="p271_w663" CONTENT="may" HPOS="2261" VPOS="734" WIDTH="75" HEIGHT="75" STYLEREFS="font0"/></TextLine><TextLine WIDTH="1032" HEIGHT="75" ID="p271_t79" HPOS="1301" VPOS="780"><String ID="p271_w664" CONTENT="well" HPOS="1301" VPOS="780" WIDTH="76" HEIGHT="75" STYLEREFS="font0"/><SP WIDTH="14" VPOS="780" HPOS="1377"/><String ID="p271_w665" CONTENT="enough" HPOS="1391" VPOS="780" WIDTH="125" HEIGHT="75" STYLEREFS="font0"/><SP WIDTH="17" VPOS="780" HPOS="1516"/><String ID="p271_w666" CONTENT="be" HPOS="1533" VPOS="780" WIDTH="39" HEIGHT="75" STYLEREFS="font0"/><SP WIDTH="17" VPOS="780" HPOS="1572"/><String ID="p271_w667" CONTENT="divided" HPOS="1589" VPOS="780" WIDTH="128" HEIGHT="75" STYLEREFS="font0"/><SP WIDTH="11" VPOS="780" HPOS="1717"/><String ID="p271_w668" CONTENT="into" HPOS="1728" VPOS="780" WIDTH="69" HEIGHT="75" STYLEREFS="font0"/><SP WIDTH="16" VPOS="780" HPOS="1797"/><String ID="p271_w669" CONTENT="anterior" HPOS="1813" VPOS="780" WIDTH="141" HEIGHT="75" STYLEREFS="font0"/><SP WIDTH="17" VPOS="780" HPOS="1954"/><String ID="p271_w670" CONTENT="or" HPOS="1971" VPOS="780" WIDTH="36" HEIGHT="75" STYLEREFS="font0"/><SP WIDTH="16" VPOS="780" HPOS="2007"/><String ID="p271_w671" CONTENT="internal," HPOS="2023" VPOS="780" WIDTH="149" HEIGHT="75" STYLEREFS="font0"/><SP WIDTH="26" VPOS="780" HPOS="2172"/><String ID="p271_w672" CONTENT="and" HPOS="2198" VPOS="780" WIDTH="62" HEIGHT="75" STYLEREFS="font0"/><SP WIDTH="16" VPOS="780" HPOS="2260"/><String ID="p271_w673" CONTENT="po-" HPOS="2276" VPOS="780" WIDTH="57" HEIGHT="75" STYLEREFS="font0"/></TextLine><TextLine WIDTH="1034" HEIGHT="75" ID="p271_t80" HPOS="1300" VPOS="826"><String ID="p271_w674" CONTENT="fterior" HPOS="1300" VPOS="826" WIDTH="111" HEIGHT="75" STYLEREFS="font0"/><SP WIDTH="15" VPOS="826" HPOS="1411"/><String ID="p271_w675" CONTENT="or" HPOS="1426" VPOS="826" WIDTH="38" HEIGHT="75" STYLEREFS="font0"/><SP WIDTH="24" VPOS="826" HPOS="1464"/><String ID="p271_w676" CONTENT="external;" HPOS="1488" VPOS="826" WIDTH="168" HEIGHT="75" STYLEREFS="font0"/><SP WIDTH="27" VPOS="826" HPOS="1656"/><String ID="p271_w677" CONTENT="and" HPOS="1683" VPOS="826" WIDTH="64" HEIGHT="75" STYLEREFS="font0"/><SP WIDTH="23" VPOS="826" HPOS="1747"/><String ID="p271_w678" CONTENT="the" HPOS="1770" VPOS="826" WIDTH="56" HEIGHT="75" STYLEREFS="font0"/><SP WIDTH="27" VPOS="826" HPOS="1826"/><String ID="p271_w679" CONTENT="principal" HPOS="1853" VPOS="826" WIDTH="153" HEIGHT="75" STYLEREFS="font0"/><SP WIDTH="18" VPOS="826" HPOS="2006"/><String ID="p271_w680" CONTENT="branches" HPOS="2024" VPOS="826" WIDTH="153" HEIGHT="75" STYLEREFS="font0"/><SP WIDTH="18" VPOS="826" HPOS="2177"/><String ID="p271_w681" CONTENT="of" HPOS="2195" VPOS="826" WIDTH="40" HEIGHT="75" STYLEREFS="font0"/><SP WIDTH="19" VPOS="826" HPOS="2235"/><String ID="p271_w682" CONTENT="each" HPOS="2254" VPOS="826" WIDTH="80" HEIGHT="75" STYLEREFS="font0"/></TextLine><TextLine WIDTH="270" HEIGHT="75" ID="p271_t81" HPOS="1299" VPOS="872"><String ID="p271_w683" CONTENT="kind" HPOS="1299" VPOS="872" WIDTH="78" HEIGHT="75" STYLEREFS="font0"/><SP WIDTH="16" VPOS="872" HPOS="1377"/><String ID="p271_w684" CONTENT="are" HPOS="1393" VPOS="872" WIDTH="53" HEIGHT="75" STYLEREFS="font0"/><SP WIDTH="16" VPOS="872" HPOS="1446"/><String ID="p271_w685" CONTENT="thefe:" HPOS="1462" VPOS="872" WIDTH="107" HEIGHT="75" STYLEREFS="font0"/></TextLine><TextLine WIDTH="987" HEIGHT="75" ID="p271_t82" HPOS="1346" VPOS="919"><String ID="p271_w686" CONTENT="The" HPOS="1346" VPOS="919" WIDTH="76" HEIGHT="75" STYLEREFS="font0"/><SP WIDTH="16" VPOS="919" HPOS="1422"/><String ID="p271_w687" CONTENT="firft" HPOS="1438" VPOS="919" WIDTH="64" HEIGHT="75" STYLEREFS="font0"/><SP WIDTH="16" VPOS="919" HPOS="1502"/><String ID="p271_w688" CONTENT="anterior" HPOS="1518" VPOS="919" WIDTH="138" HEIGHT="75" STYLEREFS="font0"/><SP WIDTH="17" VPOS="919" HPOS="1656"/><String ID="p271_w689" CONTENT="or" HPOS="1673" VPOS="919" WIDTH="37" HEIGHT="75" STYLEREFS="font0"/><SP WIDTH="15" VPOS="919" HPOS="1710"/><String ID="p271_w690" CONTENT="internal" HPOS="1725" VPOS="919" WIDTH="136" HEIGHT="75" STYLEREFS="font0"/><SP WIDTH="16" VPOS="919" HPOS="1861"/><String ID="p271_w691" CONTENT="branch" HPOS="1877" VPOS="919" WIDTH="119" HEIGHT="75" STYLEREFS="font0"/><SP WIDTH="18" VPOS="919" HPOS="1996"/><String ID="p271_w692" CONTENT="goes" HPOS="2014" VPOS="919" WIDTH="76" HEIGHT="75" STYLEREFS="font0"/><SP WIDTH="16" VPOS="919" HPOS="2090"/><String ID="p271_w693" CONTENT="out" HPOS="2106" VPOS="919" WIDTH="57" HEIGHT="75" STYLEREFS="font0"/><SP WIDTH="16" VPOS="919" HPOS="2163"/><String ID="p271_w694" CONTENT="from" HPOS="2179" VPOS="919" WIDTH="84" HEIGHT="75" STYLEREFS="font0"/><SP WIDTH="14" VPOS="919" HPOS="2263"/><String ID="p271_w695" CONTENT="the" HPOS="2277" VPOS="919" WIDTH="56" HEIGHT="75" STYLEREFS="font0"/></TextLine><TextLine WIDTH="1031" HEIGHT="75" ID="p271_t83" HPOS="1301" VPOS="964"><String ID="p271_w696" CONTENT="very" HPOS="1301" VPOS="964" WIDTH="78" HEIGHT="75" STYLEREFS="font0"/><SP WIDTH="15" VPOS="964" HPOS="1379"/><String ID="p271_w697" CONTENT="origin" HPOS="1394" VPOS="964" WIDTH="103" HEIGHT="75" STYLEREFS="font0"/><SP WIDTH="16" VPOS="964" HPOS="1497"/><String ID="p271_w698" CONTENT="of" HPOS="1513" VPOS="964" WIDTH="40" HEIGHT="75" STYLEREFS="font0"/><SP WIDTH="19" VPOS="964" HPOS="1553"/><String ID="p271_w699" CONTENT="the" HPOS="1572" VPOS="964" WIDTH="56" HEIGHT="75" STYLEREFS="font0"/><SP WIDTH="16" VPOS="964" HPOS="1628"/><String ID="p271_w700" CONTENT="carotid" HPOS="1644" VPOS="964" WIDTH="124" HEIGHT="75" STYLEREFS="font0"/><SP WIDTH="15" VPOS="964" HPOS="1768"/><String ID="p271_w701" CONTENT="on" HPOS="1783" VPOS="964" WIDTH="42" HEIGHT="75" STYLEREFS="font0"/><SP WIDTH="12" VPOS="964" HPOS="1825"/><String ID="p271_w702" CONTENT="the" HPOS="1837" VPOS="964" WIDTH="55" HEIGHT="75" STYLEREFS="font0"/><SP WIDTH="13" VPOS="964" HPOS="1892"/><String ID="p271_w703" CONTENT="infide" HPOS="1905" VPOS="964" WIDTH="95" HEIGHT="75" STYLEREFS="font0"/><SP WIDTH="13" VPOS="964" HPOS="2000"/><String ID="p271_w704" CONTENT=";" HPOS="2013" VPOS="964" WIDTH="9" HEIGHT="75" STYLEREFS="font0"/><SP WIDTH="28" VPOS="964" HPOS="2022"/><String ID="p271_w705" CONTENT="and" HPOS="2050" VPOS="964" WIDTH="61" HEIGHT="75" STYLEREFS="font0"/><SP WIDTH="16" VPOS="964" HPOS="2111"/><String ID="p271_w706" CONTENT="having" HPOS="2127" VPOS="964" WIDTH="117" HEIGHT="75" STYLEREFS="font0"/><SP WIDTH="16" VPOS="964" HPOS="2244"/><String ID="p271_w707" CONTENT="pre-" HPOS="2260" VPOS="964" WIDTH="72" HEIGHT="75" STYLEREFS="font0"/></TextLine><TextLine WIDTH="1034" HEIGHT="75" ID="p271_t84" HPOS="1299" VPOS="1011"><String ID="p271_w708" CONTENT="fentjy" HPOS="1299" VPOS="1011" WIDTH="103" HEIGHT="75" STYLEREFS="font0"/><SP WIDTH="15" VPOS="1011" HPOS="1402"/><String ID="p271_w709" CONTENT="afterward" HPOS="1417" VPOS="1011" WIDTH="173" HEIGHT="75" STYLEREFS="font0"/><SP WIDTH="16" VPOS="1011" HPOS="1590"/><String ID="p271_w710" CONTENT="taken" HPOS="1606" VPOS="1011" WIDTH="94" HEIGHT="75" STYLEREFS="font0"/><SP WIDTH="18" VPOS="1011" HPOS="1700"/><String ID="p271_w711" CONTENT="a" HPOS="1718" VPOS="1011" WIDTH="17" HEIGHT="75" STYLEREFS="font0"/><SP WIDTH="19" VPOS="1011" HPOS="1735"/><String ID="p271_w712" CONTENT="little" HPOS="1754" VPOS="1011" WIDTH="85" HEIGHT="75" STYLEREFS="font0"/><SP WIDTH="12" VPOS="1011" HPOS="1839"/><String ID="p271_w713" CONTENT="turn," HPOS="1851" VPOS="1011" WIDTH="87" HEIGHT="75" STYLEREFS="font0"/><SP WIDTH="26" VPOS="1011" HPOS="1938"/><String ID="p271_w714" CONTENT="and" HPOS="1964" VPOS="1011" WIDTH="59" HEIGHT="75" STYLEREFS="font0"/><SP WIDTH="13" VPOS="1011" HPOS="2023"/><String ID="p271_w715" CONTENT="fent" HPOS="2036" VPOS="1011" WIDTH="68" HEIGHT="75" STYLEREFS="font0"/><SP WIDTH="12" VPOS="1011" HPOS="2104"/><String ID="p271_w716" CONTENT="off" HPOS="2116" VPOS="1011" WIDTH="51" HEIGHT="75" STYLEREFS="font0"/><SP WIDTH="10" VPOS="1011" HPOS="2167"/><String ID="p271_w717" CONTENT="branches" HPOS="2177" VPOS="1011" WIDTH="156" HEIGHT="75" STYLEREFS="font0"/></TextLine><TextLine WIDTH="1031" HEIGHT="75" ID="p271_t85" HPOS="1300" VPOS="1057"><String ID="p271_w718" CONTENT="to" HPOS="1300" VPOS="1057" WIDTH="34" HEIGHT="75" STYLEREFS="font0"/><SP WIDTH="17" VPOS="1057" HPOS="1334"/><String ID="p271_w719" CONTENT="the" HPOS="1351" VPOS="1057" WIDTH="55" HEIGHT="75" STYLEREFS="font0"/><SP WIDTH="13" VPOS="1057" HPOS="1406"/><String ID="p271_w720" CONTENT="jugular" HPOS="1419" VPOS="1057" WIDTH="131" HEIGHT="75" STYLEREFS="font0"/><SP WIDTH="15" VPOS="1057" HPOS="1550"/><String ID="p271_w721" CONTENT="glands" HPOS="1565" VPOS="1057" WIDTH="112" HEIGHT="75" STYLEREFS="font0"/><SP WIDTH="17" VPOS="1057" HPOS="1677"/><String ID="p271_w722" CONTENT="near" HPOS="1694" VPOS="1057" WIDTH="76" HEIGHT="75" STYLEREFS="font0"/><SP WIDTH="15" VPOS="1057" HPOS="1770"/><String ID="p271_w723" CONTENT="it," HPOS="1785" VPOS="1057" WIDTH="37" HEIGHT="75" STYLEREFS="font0"/><SP WIDTH="26" VPOS="1057" HPOS="1822"/><String ID="p271_w724" CONTENT="to" HPOS="1848" VPOS="1057" WIDTH="35" HEIGHT="75" STYLEREFS="font0"/><SP WIDTH="12" VPOS="1057" HPOS="1883"/><String ID="p271_w725" CONTENT="the" HPOS="1895" VPOS="1057" WIDTH="55" HEIGHT="75" STYLEREFS="font0"/><SP WIDTH="16" VPOS="1057" HPOS="1950"/><String ID="p271_w726" CONTENT="fat" HPOS="1966" VPOS="1057" WIDTH="49" HEIGHT="75" STYLEREFS="font0"/><SP WIDTH="17" VPOS="1057" HPOS="2015"/><String ID="p271_w727" CONTENT="and" HPOS="2032" VPOS="1057" WIDTH="61" HEIGHT="75" STYLEREFS="font0"/><SP WIDTH="17" VPOS="1057" HPOS="2093"/><String ID="p271_w728" CONTENT="Ikin," HPOS="2110" VPOS="1057" WIDTH="80" HEIGHT="75" STYLEREFS="font0"/><SP WIDTH="26" VPOS="1057" HPOS="2190"/><String ID="p271_w729" CONTENT="it" HPOS="2216" VPOS="1057" WIDTH="26" HEIGHT="75" STYLEREFS="font0"/><SP WIDTH="12" VPOS="1057" HPOS="2242"/><String ID="p271_w730" CONTENT="runs" HPOS="2254" VPOS="1057" WIDTH="77" HEIGHT="75" STYLEREFS="font0"/></TextLine><TextLine WIDTH="1032" HEIGHT="75" ID="p271_t86" HPOS="1299" VPOS="1105"><String ID="p271_w731" CONTENT="tranfverfely," HPOS="1299" VPOS="1105" WIDTH="220" HEIGHT="75" STYLEREFS="font0"/><SP WIDTH="26" VPOS="1105" HPOS="1519"/><String ID="p271_w732" CONTENT="and" HPOS="1545" VPOS="1105" WIDTH="62" HEIGHT="75" STYLEREFS="font0"/><SP WIDTH="27" VPOS="1105" HPOS="1607"/><String ID="p271_w733" CONTENT="is" HPOS="1634" VPOS="1105" WIDTH="27" HEIGHT="75" STYLEREFS="font0"/><SP WIDTH="25" VPOS="1105" HPOS="1661"/><String ID="p271_w734" CONTENT="diftributed" HPOS="1686" VPOS="1105" WIDTH="187" HEIGHT="75" STYLEREFS="font0"/><SP WIDTH="24" VPOS="1105" HPOS="1873"/><String ID="p271_w735" CONTENT="to" HPOS="1897" VPOS="1105" WIDTH="35" HEIGHT="75" STYLEREFS="font0"/><SP WIDTH="24" VPOS="1105" HPOS="1932"/><String ID="p271_w736" CONTENT="the" HPOS="1956" VPOS="1105" WIDTH="54" HEIGHT="75" STYLEREFS="font0"/><SP WIDTH="22" VPOS="1105" HPOS="2010"/><String ID="p271_w737" CONTENT="glandulse" HPOS="2032" VPOS="1105" WIDTH="157" HEIGHT="75" STYLEREFS="font0"/><SP WIDTH="18" VPOS="1105" HPOS="2189"/><String ID="p271_w738" CONTENT="thyroi-" HPOS="2207" VPOS="1105" WIDTH="124" HEIGHT="75" STYLEREFS="font0"/></TextLine><TextLine WIDTH="1028" HEIGHT="75" ID="p271_t87" HPOS="1299" VPOS="1150"><String ID="p271_w739" CONTENT="dtese," HPOS="1299" VPOS="1150" WIDTH="86" HEIGHT="75" STYLEREFS="font0"/><SP WIDTH="26" VPOS="1150" HPOS="1385"/><String ID="p271_w740" CONTENT="and" HPOS="1411" VPOS="1150" WIDTH="63" HEIGHT="75" STYLEREFS="font0"/><SP WIDTH="15" VPOS="1150" HPOS="1474"/><String ID="p271_w741" CONTENT="to" HPOS="1489" VPOS="1150" WIDTH="35" HEIGHT="75" STYLEREFS="font0"/><SP WIDTH="16" VPOS="1150" HPOS="1524"/><String ID="p271_w742" CONTENT="the" HPOS="1540" VPOS="1150" WIDTH="55" HEIGHT="75" STYLEREFS="font0"/><SP WIDTH="17" VPOS="1150" HPOS="1595"/><String ID="p271_w743" CONTENT="mufcles" HPOS="1612" VPOS="1150" WIDTH="133" HEIGHT="75" STYLEREFS="font0"/><SP WIDTH="17" VPOS="1150" HPOS="1745"/><String ID="p271_w744" CONTENT="and" HPOS="1762" VPOS="1150" WIDTH="61" HEIGHT="75" STYLEREFS="font0"/><SP WIDTH="16" VPOS="1150" HPOS="1823"/><String ID="p271_w745" CONTENT="other" HPOS="1839" VPOS="1150" WIDTH="95" HEIGHT="75" STYLEREFS="font0"/><SP WIDTH="16" VPOS="1150" HPOS="1934"/><String ID="p271_w746" CONTENT="parts" HPOS="1950" VPOS="1150" WIDTH="86" HEIGHT="75" STYLEREFS="font0"/><SP WIDTH="24" VPOS="1150" HPOS="2036"/><String ID="p271_w747" CONTENT="of" HPOS="2060" VPOS="1150" WIDTH="40" HEIGHT="75" STYLEREFS="font0"/><SP WIDTH="18" VPOS="1150" HPOS="2100"/><String ID="p271_w748" CONTENT="the" HPOS="2118" VPOS="1150" WIDTH="57" HEIGHT="75" STYLEREFS="font0"/><SP WIDTH="16" VPOS="1150" HPOS="2175"/><String ID="p271_w749" CONTENT="larynx:" HPOS="2191" VPOS="1150" WIDTH="136" HEIGHT="75" STYLEREFS="font0"/></TextLine><TextLine WIDTH="1030" HEIGHT="75" ID="p271_t88" HPOS="1298" VPOS="1195"><String ID="p271_w750" CONTENT="It" HPOS="1298" VPOS="1195" WIDTH="32" HEIGHT="75" STYLEREFS="font0"/><SP WIDTH="15" VPOS="1195" HPOS="1330"/><String ID="p271_w751" CONTENT="likewife" HPOS="1345" VPOS="1195" WIDTH="138" HEIGHT="75" STYLEREFS="font0"/><SP WIDTH="17" VPOS="1195" HPOS="1483"/><String ID="p271_w752" CONTENT="fends" HPOS="1500" VPOS="1195" WIDTH="90" HEIGHT="75" STYLEREFS="font0"/><SP WIDTH="17" VPOS="1195" HPOS="1590"/><String ID="p271_w753" CONTENT="fome" HPOS="1607" VPOS="1195" WIDTH="85" HEIGHT="75" STYLEREFS="font0"/><SP WIDTH="18" VPOS="1195" HPOS="1692"/><String ID="p271_w754" CONTENT="branches" HPOS="1710" VPOS="1195" WIDTH="153" HEIGHT="75" STYLEREFS="font0"/><SP WIDTH="17" VPOS="1195" HPOS="1863"/><String ID="p271_w755" CONTENT="to" HPOS="1880" VPOS="1195" WIDTH="34" HEIGHT="75" STYLEREFS="font0"/><SP WIDTH="17" VPOS="1195" HPOS="1914"/><String ID="p271_w756" CONTENT="the" HPOS="1931" VPOS="1195" WIDTH="55" HEIGHT="75" STYLEREFS="font0"/><SP WIDTH="17" VPOS="1195" HPOS="1986"/><String ID="p271_w757" CONTENT="pharynx" HPOS="2003" VPOS="1195" WIDTH="149" HEIGHT="75" STYLEREFS="font0"/><SP WIDTH="12" VPOS="1195" HPOS="2152"/><String ID="p271_w758" CONTENT="and" HPOS="2164" VPOS="1195" WIDTH="62" HEIGHT="75" STYLEREFS="font0"/><SP WIDTH="20" VPOS="1195" HPOS="2226"/><String ID="p271_w759" CONTENT="muf-" HPOS="2246" VPOS="1195" WIDTH="82" HEIGHT="75" STYLEREFS="font0"/></TextLine><TextLine WIDTH="412" HEIGHT="75" ID="p271_t89" HPOS="1298" VPOS="1243"><String ID="p271_w760" CONTENT="cles" HPOS="1298" VPOS="1243" WIDTH="63" HEIGHT="75" STYLEREFS="font0"/><SP WIDTH="17" VPOS="1243" HPOS="1361"/><String ID="p271_w761" CONTENT="of" HPOS="1378" VPOS="1243" WIDTH="40" HEIGHT="75" STYLEREFS="font0"/><SP WIDTH="22" VPOS="1243" HPOS="1418"/><String ID="p271_w762" CONTENT="the" HPOS="1440" VPOS="1243" WIDTH="55" HEIGHT="75" STYLEREFS="font0"/><SP WIDTH="16" VPOS="1243" HPOS="1495"/><String ID="p271_w763" CONTENT="os" HPOS="1511" VPOS="1243" WIDTH="36" HEIGHT="75" STYLEREFS="font0"/><SP WIDTH="16" VPOS="1243" HPOS="1547"/><String ID="p271_w764" CONTENT="hyoides." HPOS="1563" VPOS="1243" WIDTH="147" HEIGHT="75" STYLEREFS="font0"/></TextLine><TextLine WIDTH="984" HEIGHT="75" ID="p271_t90" HPOS="1344" VPOS="1290"><String ID="p271_w765" CONTENT="The" HPOS="1344" VPOS="1290" WIDTH="75" HEIGHT="75" STYLEREFS="font0"/><SP WIDTH="16" VPOS="1290" HPOS="1419"/><String ID="p271_w766" CONTENT="fecond" HPOS="1435" VPOS="1290" WIDTH="117" HEIGHT="75" STYLEREFS="font0"/><SP WIDTH="16" VPOS="1290" HPOS="1552"/><String ID="p271_w767" CONTENT="anterior" HPOS="1568" VPOS="1290" WIDTH="138" HEIGHT="75" STYLEREFS="font0"/><SP WIDTH="12" VPOS="1290" HPOS="1706"/><String ID="p271_w768" CONTENT="branch" HPOS="1718" VPOS="1290" WIDTH="119" HEIGHT="75" STYLEREFS="font0"/><SP WIDTH="16" VPOS="1290" HPOS="1837"/><String ID="p271_w769" CONTENT="paffes" HPOS="1853" VPOS="1290" WIDTH="98" HEIGHT="75" STYLEREFS="font0"/><SP WIDTH="12" VPOS="1290" HPOS="1951"/><String ID="p271_w770" CONTENT="over" HPOS="1963" VPOS="1290" WIDTH="77" HEIGHT="75" STYLEREFS="font0"/><SP WIDTH="13" VPOS="1290" HPOS="2040"/><String ID="p271_w771" CONTENT="the" HPOS="2053" VPOS="1290" WIDTH="54" HEIGHT="75" STYLEREFS="font0"/><SP WIDTH="17" VPOS="1290" HPOS="2107"/><String ID="p271_w772" CONTENT="neareft" HPOS="2124" VPOS="1290" WIDTH="120" HEIGHT="75" STYLEREFS="font0"/><SP WIDTH="13" VPOS="1290" HPOS="2244"/><String ID="p271_w773" CONTENT="cor-" HPOS="2257" VPOS="1290" WIDTH="71" HEIGHT="75" STYLEREFS="font0"/></TextLine><TextLine WIDTH="1031" HEIGHT="75" ID="p271_t91" HPOS="1298" VPOS="1335"><String ID="p271_w774" CONTENT="nu" HPOS="1298" VPOS="1335" WIDTH="42" HEIGHT="75" STYLEREFS="font0"/><SP WIDTH="17" VPOS="1335" HPOS="1340"/><String ID="p271_w775" CONTENT="of" HPOS="1357" VPOS="1335" WIDTH="40" HEIGHT="75" STYLEREFS="font0"/><SP WIDTH="19" VPOS="1335" HPOS="1397"/><String ID="p271_w776" CONTENT="the" HPOS="1416" VPOS="1335" WIDTH="54" HEIGHT="75" STYLEREFS="font0"/><SP WIDTH="17" VPOS="1335" HPOS="1470"/><String ID="p271_w777" CONTENT="os" HPOS="1487" VPOS="1335" WIDTH="35" HEIGHT="75" STYLEREFS="font0"/><SP WIDTH="17" VPOS="1335" HPOS="1522"/><String ID="p271_w778" CONTENT="hyoides," HPOS="1539" VPOS="1335" WIDTH="149" HEIGHT="75" STYLEREFS="font0"/><SP WIDTH="25" VPOS="1335" HPOS="1688"/><String ID="p271_w779" CONTENT="to" HPOS="1713" VPOS="1335" WIDTH="34" HEIGHT="75" STYLEREFS="font0"/><SP WIDTH="18" VPOS="1335" HPOS="1747"/><String ID="p271_w780" CONTENT="the" HPOS="1765" VPOS="1335" WIDTH="54" HEIGHT="75" STYLEREFS="font0"/><SP WIDTH="28" VPOS="1335" HPOS="1819"/><String ID="p271_w781" CONTENT="mufcles" HPOS="1847" VPOS="1335" WIDTH="132" HEIGHT="75" STYLEREFS="font0"/><SP WIDTH="26" VPOS="1335" HPOS="1979"/><String ID="p271_w782" CONTENT="of" HPOS="2005" VPOS="1335" WIDTH="40" HEIGHT="75" STYLEREFS="font0"/><SP WIDTH="21" VPOS="1335" HPOS="2045"/><String ID="p271_w783" CONTENT="that" HPOS="2066" VPOS="1335" WIDTH="70" HEIGHT="75" STYLEREFS="font0"/><SP WIDTH="24" VPOS="1335" HPOS="2136"/><String ID="p271_w784" CONTENT="bone" HPOS="2160" VPOS="1335" WIDTH="82" HEIGHT="75" STYLEREFS="font0"/><SP WIDTH="24" VPOS="1335" HPOS="2242"/><String ID="p271_w785" CONTENT="and" HPOS="2266" VPOS="1335" WIDTH="63" HEIGHT="75" STYLEREFS="font0"/></TextLine><TextLine WIDTH="1029" HEIGHT="75" ID="p271_t92" HPOS="1298" VPOS="1381"><String ID="p271_w786" CONTENT="the" HPOS="1298" VPOS="1381" WIDTH="53" HEIGHT="75" STYLEREFS="font0"/><SP WIDTH="17" VPOS="1381" HPOS="1351"/><String ID="p271_w787" CONTENT="tongue," HPOS="1368" VPOS="1381" WIDTH="131" HEIGHT="75" STYLEREFS="font0"/><SP WIDTH="27" VPOS="1381" HPOS="1499"/><String ID="p271_w788" CONTENT="and" HPOS="1526" VPOS="1381" WIDTH="62" HEIGHT="75" STYLEREFS="font0"/><SP WIDTH="10" VPOS="1381" HPOS="1588"/><String ID="p271_w789" CONTENT="to" HPOS="1598" VPOS="1381" WIDTH="35" HEIGHT="75" STYLEREFS="font0"/><SP WIDTH="13" VPOS="1381" HPOS="1633"/><String ID="p271_w790" CONTENT="the" HPOS="1646" VPOS="1381" WIDTH="54" HEIGHT="75" STYLEREFS="font0"/><SP WIDTH="13" VPOS="1381" HPOS="1700"/><String ID="p271_w791" CONTENT="glandulae" HPOS="1713" VPOS="1381" WIDTH="154" HEIGHT="75" STYLEREFS="font0"/><SP WIDTH="13" VPOS="1381" HPOS="1867"/><String ID="p271_w792" CONTENT="fublinguales" HPOS="1880" VPOS="1381" WIDTH="210" HEIGHT="75" STYLEREFS="font0"/><SP WIDTH="13" VPOS="1381" HPOS="2090"/><String ID="p271_w793" CONTENT=";" HPOS="2103" VPOS="1381" WIDTH="10" HEIGHT="75" STYLEREFS="font0"/><SP WIDTH="26" VPOS="1381" HPOS="2113"/><String ID="p271_w794" CONTENT="afterwards" HPOS="2139" VPOS="1381" WIDTH="188" HEIGHT="75" STYLEREFS="font0"/></TextLine><TextLine WIDTH="1036" HEIGHT="75" ID="p271_t93" HPOS="1297" VPOS="1428"><String ID="p271_w795" CONTENT="palling" HPOS="1297" VPOS="1428" WIDTH="113" HEIGHT="75" STYLEREFS="font0"/><SP WIDTH="16" VPOS="1428" HPOS="1410"/><String ID="p271_w796" CONTENT="before" HPOS="1426" VPOS="1428" WIDTH="111" HEIGHT="75" STYLEREFS="font0"/><SP WIDTH="16" VPOS="1428" HPOS="1537"/><String ID="p271_w797" CONTENT="the" HPOS="1553" VPOS="1428" WIDTH="55" HEIGHT="75" STYLEREFS="font0"/><SP WIDTH="18" VPOS="1428" HPOS="1608"/><String ID="p271_w798" CONTENT="cornu" HPOS="1626" VPOS="1428" WIDTH="96" HEIGHT="75" STYLEREFS="font0"/><SP WIDTH="19" VPOS="1428" HPOS="1722"/><String ID="p271_w799" CONTENT="of" HPOS="1741" VPOS="1428" WIDTH="40" HEIGHT="75" STYLEREFS="font0"/><SP WIDTH="18" VPOS="1428" HPOS="1781"/><String ID="p271_w800" CONTENT="the" HPOS="1799" VPOS="1428" WIDTH="55" HEIGHT="75" STYLEREFS="font0"/><SP WIDTH="18" VPOS="1428" HPOS="1854"/><String ID="p271_w801" CONTENT="os" HPOS="1872" VPOS="1428" WIDTH="35" HEIGHT="75" STYLEREFS="font0"/><SP WIDTH="17" VPOS="1428" HPOS="1907"/><String ID="p271_w802" CONTENT="hyoides," HPOS="1924" VPOS="1428" WIDTH="147" HEIGHT="75" STYLEREFS="font0"/><SP WIDTH="24" VPOS="1428" HPOS="2071"/><String ID="p271_w803" CONTENT="it" HPOS="2095" VPOS="1428" WIDTH="26" HEIGHT="75" STYLEREFS="font0"/><SP WIDTH="16" VPOS="1428" HPOS="2121"/><String ID="p271_w804" CONTENT="lofes" HPOS="2137" VPOS="1428" WIDTH="81" HEIGHT="75" STYLEREFS="font0"/><SP WIDTH="23" VPOS="1428" HPOS="2218"/><String ID="p271_w805" CONTENT="itfelf" HPOS="2241" VPOS="1428" WIDTH="92" HEIGHT="75" STYLEREFS="font0"/></TextLine><TextLine WIDTH="1029" HEIGHT="75" ID="p271_t94" HPOS="1296" VPOS="1474"><String ID="p271_w806" CONTENT="in" HPOS="1296" VPOS="1474" WIDTH="31" HEIGHT="75" STYLEREFS="font0"/><SP WIDTH="18" VPOS="1474" HPOS="1327"/><String ID="p271_w807" CONTENT="the" HPOS="1345" VPOS="1474" WIDTH="54" HEIGHT="75" STYLEREFS="font0"/><SP WIDTH="28" VPOS="1474" HPOS="1399"/><String ID="p271_w808" CONTENT="tongue," HPOS="1427" VPOS="1474" WIDTH="131" HEIGHT="75" STYLEREFS="font0"/><SP WIDTH="25" VPOS="1474" HPOS="1558"/><String ID="p271_w809" CONTENT="from" HPOS="1583" VPOS="1474" WIDTH="85" HEIGHT="75" STYLEREFS="font0"/><SP WIDTH="24" VPOS="1474" HPOS="1668"/><String ID="p271_w810" CONTENT="whence" HPOS="1692" VPOS="1474" WIDTH="130" HEIGHT="75" STYLEREFS="font0"/><SP WIDTH="27" VPOS="1474" HPOS="1822"/><String ID="p271_w811" CONTENT="it" HPOS="1849" VPOS="1474" WIDTH="26" HEIGHT="75" STYLEREFS="font0"/><SP WIDTH="20" VPOS="1474" HPOS="1875"/><String ID="p271_w812" CONTENT="has" HPOS="1895" VPOS="1474" WIDTH="59" HEIGHT="75" STYLEREFS="font0"/><SP WIDTH="27" VPOS="1474" HPOS="1954"/><String ID="p271_w813" CONTENT="been" HPOS="1981" VPOS="1474" WIDTH="80" HEIGHT="75" STYLEREFS="font0"/><SP WIDTH="16" VPOS="1474" HPOS="2061"/><String ID="p271_w814" CONTENT="called" HPOS="2077" VPOS="1474" WIDTH="103" HEIGHT="75" STYLEREFS="font0"/><SP WIDTH="15" VPOS="1474" HPOS="2180"/><String ID="p271_w815" CONTENT="arteria" HPOS="2195" VPOS="1474" WIDTH="130" HEIGHT="75" STYLEREFS="font0"/></TextLine><TextLine WIDTH="233" HEIGHT="75" ID="p271_t95" HPOS="1283" VPOS="1522"><String ID="p271_w816" CONTENT="fublingualis." HPOS="1283" VPOS="1522" WIDTH="233" HEIGHT="75" STYLEREFS="font0"/></TextLine><TextLine WIDTH="982" HEIGHT="75" ID="p271_t96" HPOS="1342" VPOS="1567"><String ID="p271_w817" CONTENT="The" HPOS="1342" VPOS="1567" WIDTH="74" HEIGHT="75" STYLEREFS="font0"/><SP WIDTH="17" VPOS="1567" HPOS="1416"/><String ID="p271_w818" CONTENT="third" HPOS="1433" VPOS="1567" WIDTH="89" HEIGHT="75" STYLEREFS="font0"/><SP WIDTH="15" VPOS="1567" HPOS="1522"/><String ID="p271_w819" CONTENT="branch," HPOS="1537" VPOS="1567" WIDTH="131" HEIGHT="75" STYLEREFS="font0"/><SP WIDTH="25" VPOS="1567" HPOS="1668"/><String ID="p271_w820" CONTENT="or" HPOS="1693" VPOS="1567" WIDTH="38" HEIGHT="75" STYLEREFS="font0"/><SP WIDTH="22" VPOS="1567" HPOS="1731"/><String ID="p271_w821" CONTENT="arteria" HPOS="1753" VPOS="1567" WIDTH="116" HEIGHT="75" STYLEREFS="font0"/><SP WIDTH="17" VPOS="1567" HPOS="1869"/><String ID="p271_w822" CONTENT="maxillaris" HPOS="1886" VPOS="1567" WIDTH="175" HEIGHT="75" STYLEREFS="font0"/><SP WIDTH="18" VPOS="1567" HPOS="2061"/><String ID="p271_w823" CONTENT="inferior," HPOS="2079" VPOS="1567" WIDTH="144" HEIGHT="75" STYLEREFS="font0"/><SP WIDTH="24" VPOS="1567" HPOS="2223"/><String ID="p271_w824" CONTENT="goes" HPOS="2247" VPOS="1567" WIDTH="77" HEIGHT="75" STYLEREFS="font0"/></TextLine><TextLine WIDTH="1026" HEIGHT="75" ID="p271_t97" HPOS="1298" VPOS="1611"><String ID="p271_w825" CONTENT="to" HPOS="1298" VPOS="1611" WIDTH="32" HEIGHT="75" STYLEREFS="font0"/><SP WIDTH="16" VPOS="1611" HPOS="1330"/><String ID="p271_w826" CONTENT="the" HPOS="1346" VPOS="1611" WIDTH="55" HEIGHT="75" STYLEREFS="font0"/><SP WIDTH="28" VPOS="1611" HPOS="1401"/><String ID="p271_w827" CONTENT="maxillary" HPOS="1429" VPOS="1611" WIDTH="170" HEIGHT="75" STYLEREFS="font0"/><SP WIDTH="16" VPOS="1611" HPOS="1599"/><String ID="p271_w828" CONTENT="gland," HPOS="1615" VPOS="1611" WIDTH="108" HEIGHT="75" STYLEREFS="font0"/><SP WIDTH="25" VPOS="1611" HPOS="1723"/><String ID="p271_w829" CONTENT="to" HPOS="1748" VPOS="1611" WIDTH="35" HEIGHT="75" STYLEREFS="font0"/><SP WIDTH="16" VPOS="1611" HPOS="1783"/><String ID="p271_w830" CONTENT="the" HPOS="1799" VPOS="1611" WIDTH="55" HEIGHT="75" STYLEREFS="font0"/><SP WIDTH="22" VPOS="1611" HPOS="1854"/><String ID="p271_w831" CONTENT="ftyloid" HPOS="1876" VPOS="1611" WIDTH="113" HEIGHT="75" STYLEREFS="font0"/><SP WIDTH="18" VPOS="1611" HPOS="1989"/><String ID="p271_w832" CONTENT="and" HPOS="2007" VPOS="1611" WIDTH="63" HEIGHT="75" STYLEREFS="font0"/><SP WIDTH="19" VPOS="1611" HPOS="2070"/><String ID="p271_w833" CONTENT="maftoid" HPOS="2089" VPOS="1611" WIDTH="131" HEIGHT="75" STYLEREFS="font0"/><SP WIDTH="21" VPOS="1611" HPOS="2220"/><String ID="p271_w834" CONTENT="mul-" HPOS="2241" VPOS="1611" WIDTH="83" HEIGHT="75" STYLEREFS="font0"/></TextLine><TextLine WIDTH="1028" HEIGHT="75" ID="p271_t98" HPOS="1295" VPOS="1659"><String ID="p271_w835" CONTENT="cles," HPOS="1295" VPOS="1659" WIDTH="76" HEIGHT="75" STYLEREFS="font0"/><SP WIDTH="25" VPOS="1659" HPOS="1371"/><String ID="p271_w836" CONTENT="to" HPOS="1396" VPOS="1659" WIDTH="35" HEIGHT="75" STYLEREFS="font0"/><SP WIDTH="26" VPOS="1659" HPOS="1431"/><String ID="p271_w837" CONTENT="the" HPOS="1457" VPOS="1659" WIDTH="56" HEIGHT="75" STYLEREFS="font0"/><SP WIDTH="23" VPOS="1659" HPOS="1513"/><String ID="p271_w838" CONTENT="parotid" HPOS="1536" VPOS="1659" WIDTH="127" HEIGHT="75" STYLEREFS="font0"/><SP WIDTH="27" VPOS="1659" HPOS="1663"/><String ID="p271_w839" CONTENT="and" HPOS="1690" VPOS="1659" WIDTH="61" HEIGHT="75" STYLEREFS="font0"/><SP WIDTH="28" VPOS="1659" HPOS="1751"/><String ID="p271_w840" CONTENT="fublingual" HPOS="1779" VPOS="1659" WIDTH="174" HEIGHT="75" STYLEREFS="font0"/><SP WIDTH="17" VPOS="1659" HPOS="1953"/><String ID="p271_w841" CONTENT="glands," HPOS="1970" VPOS="1659" WIDTH="125" HEIGHT="75" STYLEREFS="font0"/><SP WIDTH="26" VPOS="1659" HPOS="2095"/><String ID="p271_w842" CONTENT="to" HPOS="2121" VPOS="1659" WIDTH="35" HEIGHT="75" STYLEREFS="font0"/><SP WIDTH="14" VPOS="1659" HPOS="2156"/><String ID="p271_w843" CONTENT="the" HPOS="2170" VPOS="1659" WIDTH="54" HEIGHT="75" STYLEREFS="font0"/><SP WIDTH="16" VPOS="1659" HPOS="2224"/><String ID="p271_w844" CONTENT="muf-" HPOS="2240" VPOS="1659" WIDTH="83" HEIGHT="75" STYLEREFS="font0"/></TextLine><TextLine WIDTH="1030" HEIGHT="75" ID="p271_t99" HPOS="1295" VPOS="1706"><String ID="p271_w845" CONTENT="cles" HPOS="1295" VPOS="1706" WIDTH="62" HEIGHT="75" STYLEREFS="font0"/><SP WIDTH="30" VPOS="1706" HPOS="1357"/><String ID="p271_w846" CONTENT="of" HPOS="1387" VPOS="1706" WIDTH="39" HEIGHT="75" STYLEREFS="font0"/><SP WIDTH="18" VPOS="1706" HPOS="1426"/><String ID="p271_w847" CONTENT="the" HPOS="1444" VPOS="1706" WIDTH="55" HEIGHT="75" STYLEREFS="font0"/><SP WIDTH="24" VPOS="1706" HPOS="1499"/><String ID="p271_w848" CONTENT="pharynx," HPOS="1523" VPOS="1706" WIDTH="160" HEIGHT="75" STYLEREFS="font0"/><SP WIDTH="25" VPOS="1706" HPOS="1683"/><String ID="p271_w849" CONTENT="and" HPOS="1708" VPOS="1706" WIDTH="63" HEIGHT="75" STYLEREFS="font0"/><SP WIDTH="25" VPOS="1706" HPOS="1771"/><String ID="p271_w850" CONTENT="to." HPOS="1796" VPOS="1706" WIDTH="40" HEIGHT="75" STYLEREFS="font0"/><SP WIDTH="23" VPOS="1706" HPOS="1836"/><String ID="p271_w851" CONTENT="the" HPOS="1859" VPOS="1706" WIDTH="55" HEIGHT="75" STYLEREFS="font0"/><SP WIDTH="27" VPOS="1706" HPOS="1914"/><String ID="p271_w852" CONTENT="fmall" HPOS="1941" VPOS="1706" WIDTH="88" HEIGHT="75" STYLEREFS="font0"/><SP WIDTH="28" VPOS="1706" HPOS="2029"/><String ID="p271_w853" CONTENT="flexors" HPOS="2057" VPOS="1706" WIDTH="120" HEIGHT="75" STYLEREFS="font0"/><SP WIDTH="33" VPOS="1706" HPOS="2177"/><String ID="p271_w854" CONTENT="of" HPOS="2210" VPOS="1706" WIDTH="40" HEIGHT="75" STYLEREFS="font0"/><SP WIDTH="18" VPOS="1706" HPOS="2250"/><String ID="p271_w855" CONTENT="the" HPOS="2268" VPOS="1706" WIDTH="57" HEIGHT="75" STYLEREFS="font0"/></TextLine><TextLine WIDTH="95" HEIGHT="75" ID="p271_t100" HPOS="1291" VPOS="1751"><String ID="p271_w856" CONTENT="head." HPOS="1291" VPOS="1751" WIDTH="95" HEIGHT="75" STYLEREFS="font0"/></TextLine><TextLine WIDTH="981" HEIGHT="75" ID="p271_t101" HPOS="1341" VPOS="1799"><String ID="p271_w857" CONTENT="The'fourth" HPOS="1341" VPOS="1799" WIDTH="200" HEIGHT="75" STYLEREFS="font0"/><SP WIDTH="25" VPOS="1799" HPOS="1541"/><String ID="p271_w858" CONTENT="branch," HPOS="1566" VPOS="1799" WIDTH="132" HEIGHT="75" STYLEREFS="font0"/><SP WIDTH="26" VPOS="1799" HPOS="1698"/><String ID="p271_w859" CONTENT="arteria" HPOS="1724" VPOS="1799" WIDTH="116" HEIGHT="75" STYLEREFS="font0"/><SP WIDTH="22" VPOS="1799" HPOS="1840"/><String ID="p271_w860" CONTENT="maxillaris" HPOS="1862" VPOS="1799" WIDTH="174" HEIGHT="75" STYLEREFS="font0"/><SP WIDTH="17" VPOS="1799" HPOS="2036"/><String ID="p271_w861" CONTENT="externa," HPOS="2053" VPOS="1799" WIDTH="146" HEIGHT="75" STYLEREFS="font0"/><SP WIDTH="25" VPOS="1799" HPOS="2199"/><String ID="p271_w862" CONTENT="paffes" HPOS="2224" VPOS="1799" WIDTH="98" HEIGHT="75" STYLEREFS="font0"/></TextLine><TextLine WIDTH="1028" HEIGHT="75" ID="p271_t102" HPOS="1292" VPOS="1844"><String ID="p271_w863" CONTENT="anteriorly" HPOS="1292" VPOS="1844" WIDTH="172" HEIGHT="75" STYLEREFS="font0"/><SP WIDTH="12" VPOS="1844" HPOS="1464"/><String ID="p271_w864" CONTENT="on" HPOS="1476" VPOS="1844" WIDTH="41" HEIGHT="75" STYLEREFS="font0"/><SP WIDTH="17" VPOS="1844" HPOS="1517"/><String ID="p271_w865" CONTENT="the" HPOS="1534" VPOS="1844" WIDTH="55" HEIGHT="75" STYLEREFS="font0"/><SP WIDTH="17" VPOS="1844" HPOS="1589"/><String ID="p271_w866" CONTENT="mafleter" HPOS="1606" VPOS="1844" WIDTH="144" HEIGHT="75" STYLEREFS="font0"/><SP WIDTH="15" VPOS="1844" HPOS="1750"/><String ID="p271_w867" CONTENT="mufcle," HPOS="1765" VPOS="1844" WIDTH="130" HEIGHT="75" STYLEREFS="font0"/><SP WIDTH="25" VPOS="1844" HPOS="1895"/><String ID="p271_w868" CONTENT="and" HPOS="1920" VPOS="1844" WIDTH="60" HEIGHT="75" STYLEREFS="font0"/><SP WIDTH="13" VPOS="1844" HPOS="1980"/><String ID="p271_w869" CONTENT="middle" HPOS="1993" VPOS="1844" WIDTH="119" HEIGHT="75" STYLEREFS="font0"/><SP WIDTH="13" VPOS="1844" HPOS="2112"/><String ID="p271_w870" CONTENT="of" HPOS="2125" VPOS="1844" WIDTH="40" HEIGHT="75" STYLEREFS="font0"/><SP WIDTH="6" VPOS="1844" HPOS="2165"/><String ID="p271_w871" CONTENT="the" HPOS="2171" VPOS="1844" WIDTH="54" HEIGHT="75" STYLEREFS="font0"/><SP WIDTH="16" VPOS="1844" HPOS="2225"/><String ID="p271_w872" CONTENT="low-" HPOS="2241" VPOS="1844" WIDTH="79" HEIGHT="75" STYLEREFS="font0"/></TextLine><TextLine WIDTH="1028" HEIGHT="75" ID="p271_t103" HPOS="1292" VPOS="1889"><String ID="p271_w873" CONTENT="er" HPOS="1292" VPOS="1889" WIDTH="34" HEIGHT="75" STYLEREFS="font0"/><SP WIDTH="20" VPOS="1889" HPOS="1326"/><String ID="p271_w874" CONTENT="jaw," HPOS="1346" VPOS="1889" WIDTH="78" HEIGHT="75" STYLEREFS="font0"/><SP WIDTH="25" VPOS="1889" HPOS="1424"/><String ID="p271_w875" CONTENT="near" HPOS="1449" VPOS="1889" WIDTH="77" HEIGHT="75" STYLEREFS="font0"/><SP WIDTH="27" VPOS="1889" HPOS="1526"/><String ID="p271_w876" CONTENT="the" HPOS="1553" VPOS="1889" WIDTH="55" HEIGHT="75" STYLEREFS="font0"/><SP WIDTH="25" VPOS="1889" HPOS="1608"/><String ID="p271_w877" CONTENT="chin." HPOS="1633" VPOS="1889" WIDTH="86" HEIGHT="75" STYLEREFS="font0"/><SP WIDTH="48" VPOS="1889" HPOS="1719"/><String ID="p271_w878" CONTENT="Afterwards" HPOS="1767" VPOS="1889" WIDTH="205" HEIGHT="75" STYLEREFS="font0"/><SP WIDTH="24" VPOS="1889" HPOS="1972"/><String ID="p271_w879" CONTENT="it" HPOS="1996" VPOS="1889" WIDTH="24" HEIGHT="75" STYLEREFS="font0"/><SP WIDTH="26" VPOS="1889" HPOS="2020"/><String ID="p271_w880" CONTENT="runs" HPOS="2046" VPOS="1889" WIDTH="74" HEIGHT="75" STYLEREFS="font0"/><SP WIDTH="26" VPOS="1889" HPOS="2120"/><String ID="p271_w881" CONTENT="under" HPOS="2146" VPOS="1889" WIDTH="102" HEIGHT="75" STYLEREFS="font0"/><SP WIDTH="16" VPOS="1889" HPOS="2248"/><String ID="p271_w882" CONTENT="the" HPOS="2264" VPOS="1889" WIDTH="56" HEIGHT="75" STYLEREFS="font0"/></TextLine><TextLine WIDTH="1030" HEIGHT="75" ID="p271_t104" HPOS="1291" VPOS="1937"><String ID="p271_w883" CONTENT="mufculus" HPOS="1291" VPOS="1937" WIDTH="156" HEIGHT="75" STYLEREFS="font0"/><SP WIDTH="17" VPOS="1937" HPOS="1447"/><String ID="p271_w884" CONTENT="triangularis" HPOS="1464" VPOS="1937" WIDTH="202" HEIGHT="75" STYLEREFS="font0"/><SP WIDTH="17" VPOS="1937" HPOS="1666"/><String ID="p271_w885" CONTENT="labiorum," HPOS="1683" VPOS="1937" WIDTH="168" HEIGHT="75" STYLEREFS="font0"/><SP WIDTH="25" VPOS="1937" HPOS="1851"/><String ID="p271_w886" CONTENT="which" HPOS="1876" VPOS="1937" WIDTH="103" HEIGHT="75" STYLEREFS="font0"/><SP WIDTH="24" VPOS="1937" HPOS="1979"/><String ID="p271_w887" CONTENT="it" HPOS="2003" VPOS="1937" WIDTH="25" HEIGHT="75" STYLEREFS="font0"/><SP WIDTH="16" VPOS="1937" HPOS="2028"/><String ID="p271_w888" CONTENT="fupplies" HPOS="2044" VPOS="1937" WIDTH="135" HEIGHT="75" STYLEREFS="font0"/><SP WIDTH="17" VPOS="1937" HPOS="2179"/><String ID="p271_w889" CONTENT="as" HPOS="2196" VPOS="1937" WIDTH="33" HEIGHT="75" STYLEREFS="font0"/><SP WIDTH="18" VPOS="1937" HPOS="2229"/><String ID="p271_w890" CONTENT="well" HPOS="2247" VPOS="1937" WIDTH="74" HEIGHT="75" STYLEREFS="font0"/></TextLine><TextLine WIDTH="775" HEIGHT="75" ID="p271_t105" HPOS="1292" VPOS="1983"><String ID="p271_w891" CONTENT="as" HPOS="1292" VPOS="1983" WIDTH="32" HEIGHT="75" STYLEREFS="font0"/><SP WIDTH="18" VPOS="1983" HPOS="1324"/><String ID="p271_w892" CONTENT="the" HPOS="1342" VPOS="1983" WIDTH="55" HEIGHT="75" STYLEREFS="font0"/><SP WIDTH="17" VPOS="1983" HPOS="1397"/><String ID="p271_w893" CONTENT="buccinator" HPOS="1414" VPOS="1983" WIDTH="185" HEIGHT="75" STYLEREFS="font0"/><SP WIDTH="19" VPOS="1983" HPOS="1599"/><String ID="p271_w894" CONTENT="and" HPOS="1618" VPOS="1983" WIDTH="60" HEIGHT="75" STYLEREFS="font0"/><SP WIDTH="17" VPOS="1983" HPOS="1678"/><String ID="p271_w895" CONTENT="the" HPOS="1695" VPOS="1983" WIDTH="56" HEIGHT="75" STYLEREFS="font0"/><SP WIDTH="16" VPOS="1983" HPOS="1751"/><String ID="p271_w896" CONTENT="quadratus" HPOS="1767" VPOS="1983" WIDTH="173" HEIGHT="75" STYLEREFS="font0"/><SP WIDTH="16" VPOS="1983" HPOS="1940"/><String ID="p271_w897" CONTENT="menti." HPOS="1956" VPOS="1983" WIDTH="111" HEIGHT="75" STYLEREFS="font0"/></TextLine><TextLine WIDTH="981" HEIGHT="75" ID="p271_t106" HPOS="1338" VPOS="2029"><String ID="p271_w898" CONTENT="It" HPOS="1338" VPOS="2029" WIDTH="31" HEIGHT="75" STYLEREFS="font0"/><SP WIDTH="16" VPOS="2029" HPOS="1369"/><String ID="p271_w899" CONTENT="fends" HPOS="1385" VPOS="2029" WIDTH="91" HEIGHT="75" STYLEREFS="font0"/><SP WIDTH="17" VPOS="2029" HPOS="1476"/><String ID="p271_w900" CONTENT="of" HPOS="1493" VPOS="2029" WIDTH="39" HEIGHT="75" STYLEREFS="font0"/><SP WIDTH="20" VPOS="2029" HPOS="1532"/><String ID="p271_w901" CONTENT="a" HPOS="1552" VPOS="2029" WIDTH="19" HEIGHT="75" STYLEREFS="font0"/><SP WIDTH="16" VPOS="2029" HPOS="1571"/><String ID="p271_w902" CONTENT="particular" HPOS="1587" VPOS="2029" WIDTH="171" HEIGHT="75" STYLEREFS="font0"/><SP WIDTH="15" VPOS="2029" HPOS="1758"/><String ID="p271_w903" CONTENT="branch," HPOS="1773" VPOS="2029" WIDTH="131" HEIGHT="75" STYLEREFS="font0"/><SP WIDTH="25" VPOS="2029" HPOS="1904"/><String ID="p271_w904" CONTENT="very" HPOS="1929" VPOS="2029" WIDTH="77" HEIGHT="75" STYLEREFS="font0"/><SP WIDTH="17" VPOS="2029" HPOS="2006"/><String ID="p271_w905" CONTENT="much" HPOS="2023" VPOS="2029" WIDTH="94" HEIGHT="75" STYLEREFS="font0"/><SP WIDTH="19" VPOS="2029" HPOS="2117"/><String ID="p271_w906" CONTENT="contorted," HPOS="2136" VPOS="2029" WIDTH="183" HEIGHT="75" STYLEREFS="font0"/></TextLine><TextLine WIDTH="1029" HEIGHT="75" ID="p271_t107" HPOS="1289" VPOS="2075"><String ID="p271_w907" CONTENT="which" HPOS="1289" VPOS="2075" WIDTH="105" HEIGHT="75" STYLEREFS="font0"/><SP WIDTH="17" VPOS="2075" HPOS="1394"/><String ID="p271_w908" CONTENT="divides" HPOS="1411" VPOS="2075" WIDTH="122" HEIGHT="75" STYLEREFS="font0"/><SP WIDTH="17" VPOS="2075" HPOS="1533"/><String ID="p271_w909" CONTENT="at" HPOS="1550" VPOS="2075" WIDTH="33" HEIGHT="75" STYLEREFS="font0"/><SP WIDTH="17" VPOS="2075" HPOS="1583"/><String ID="p271_w910" CONTENT="the" HPOS="1600" VPOS="2075" WIDTH="54" HEIGHT="75" STYLEREFS="font0"/><SP WIDTH="14" VPOS="2075" HPOS="1654"/><String ID="p271_w911" CONTENT="angular" HPOS="1668" VPOS="2075" WIDTH="131" HEIGHT="75" STYLEREFS="font0"/><SP WIDTH="20" VPOS="2075" HPOS="1799"/><String ID="p271_w912" CONTENT="commiffure" HPOS="1819" VPOS="2075" WIDTH="196" HEIGHT="75" STYLEREFS="font0"/><SP WIDTH="17" VPOS="2075" HPOS="2015"/><String ID="p271_w913" CONTENT="of" HPOS="2032" VPOS="2075" WIDTH="41" HEIGHT="75" STYLEREFS="font0"/><SP WIDTH="10" VPOS="2075" HPOS="2073"/><String ID="p271_w914" CONTENT="the" HPOS="2083" VPOS="2075" WIDTH="55" HEIGHT="75" STYLEREFS="font0"/><SP WIDTH="15" VPOS="2075" HPOS="2138"/><String ID="p271_w915" CONTENT="lips," HPOS="2153" VPOS="2075" WIDTH="75" HEIGHT="75" STYLEREFS="font0"/><SP WIDTH="26" VPOS="2075" HPOS="2228"/><String ID="p271_w916" CONTENT="and" HPOS="2254" VPOS="2075" WIDTH="64" HEIGHT="75" STYLEREFS="font0"/></TextLine><TextLine WIDTH="1025" HEIGHT="75" ID="p271_t108" HPOS="1291" VPOS="2122"><String ID="p271_w917" CONTENT="running" HPOS="1291" VPOS="2122" WIDTH="135" HEIGHT="75" STYLEREFS="font0"/><SP WIDTH="22" VPOS="2122" HPOS="1426"/><String ID="p271_w918" CONTENT="in" HPOS="1448" VPOS="2122" WIDTH="35" HEIGHT="75" STYLEREFS="font0"/><SP WIDTH="14" VPOS="2122" HPOS="1483"/><String ID="p271_w919" CONTENT="the" HPOS="1497" VPOS="2122" WIDTH="55" HEIGHT="75" STYLEREFS="font0"/><SP WIDTH="17" VPOS="2122" HPOS="1552"/><String ID="p271_w920" CONTENT="fame" HPOS="1569" VPOS="2122" WIDTH="84" HEIGHT="75" STYLEREFS="font0"/><SP WIDTH="20" VPOS="2122" HPOS="1653"/><String ID="p271_w921" CONTENT="manner" HPOS="1673" VPOS="2122" WIDTH="130" HEIGHT="75" STYLEREFS="font0"/><SP WIDTH="16" VPOS="2122" HPOS="1803"/><String ID="p271_w922" CONTENT="along" HPOS="1819" VPOS="2122" WIDTH="95" HEIGHT="75" STYLEREFS="font0"/><SP WIDTH="15" VPOS="2122" HPOS="1914"/><String ID="p271_w923" CONTENT="the" HPOS="1929" VPOS="2122" WIDTH="55" HEIGHT="75" STYLEREFS="font0"/><SP WIDTH="16" VPOS="2122" HPOS="1984"/><String ID="p271_w924" CONTENT="fuperior" HPOS="2000" VPOS="2122" WIDTH="141" HEIGHT="75" STYLEREFS="font0"/><SP WIDTH="17" VPOS="2122" HPOS="2141"/><String ID="p271_w925" CONTENT="and" HPOS="2158" VPOS="2122" WIDTH="61" HEIGHT="75" STYLEREFS="font0"/><SP WIDTH="16" VPOS="2122" HPOS="2219"/><String ID="p271_w926" CONTENT="infe-" HPOS="2235" VPOS="2122" WIDTH="81" HEIGHT="75" STYLEREFS="font0"/></TextLine><TextLine WIDTH="1023" HEIGHT="75" ID="p271_t109" HPOS="1293" VPOS="2169"><String ID="p271_w927" CONTENT="rior" HPOS="1293" VPOS="2169" WIDTH="65" HEIGHT="75" STYLEREFS="font0"/><SP WIDTH="8" VPOS="2169" HPOS="1358"/><String ID="p271_w928" CONTENT="portions" HPOS="1366" VPOS="2169" WIDTH="144" HEIGHT="75" STYLEREFS="font0"/><SP WIDTH="13" VPOS="2169" HPOS="1510"/><String ID="p271_w929" CONTENT="of" HPOS="1523" VPOS="2169" WIDTH="39" HEIGHT="75" STYLEREFS="font0"/><SP WIDTH="12" VPOS="2169" HPOS="1562"/><String ID="p271_w930" CONTENT="the" HPOS="1574" VPOS="2169" WIDTH="54" HEIGHT="75" STYLEREFS="font0"/><SP WIDTH="12" VPOS="2169" HPOS="1628"/><String ID="p271_w931" CONTENT="mufculus" HPOS="1640" VPOS="2169" WIDTH="158" HEIGHT="75" STYLEREFS="font0"/><SP WIDTH="12" VPOS="2169" HPOS="1798"/><String ID="p271_w932" CONTENT="orbicularis," HPOS="1810" VPOS="2169" WIDTH="197" HEIGHT="75" STYLEREFS="font0"/><SP WIDTH="25" VPOS="2169" HPOS="2007"/><String ID="p271_w933" CONTENT="it" HPOS="2032" VPOS="2169" WIDTH="24" HEIGHT="75" STYLEREFS="font0"/><SP WIDTH="15" VPOS="2169" HPOS="2056"/><String ID="p271_w934" CONTENT="communicates" HPOS="2071" VPOS="2169" WIDTH="245" HEIGHT="75" STYLEREFS="font0"/></TextLine><TextLine WIDTH="1029" HEIGHT="75" ID="p271_t110" HPOS="1287" VPOS="2214"><String ID="p271_w935" CONTENT="on" HPOS="1287" VPOS="2214" WIDTH="40" HEIGHT="75" STYLEREFS="font0"/><SP WIDTH="17" VPOS="2214" HPOS="1327"/><String ID="p271_w936" CONTENT="both" HPOS="1344" VPOS="2214" WIDTH="79" HEIGHT="75" STYLEREFS="font0"/><SP WIDTH="17" VPOS="2214" HPOS="1423"/><String ID="p271_w937" CONTENT="fides" HPOS="1440" VPOS="2214" WIDTH="79" HEIGHT="75" STYLEREFS="font0"/><SP WIDTH="17" VPOS="2214" HPOS="1519"/><String ID="p271_w938" CONTENT="with" HPOS="1536" VPOS="2214" WIDTH="78" HEIGHT="75" STYLEREFS="font0"/><SP WIDTH="17" VPOS="2214" HPOS="1614"/><String ID="p271_w939" CONTENT="its" HPOS="1631" VPOS="2214" WIDTH="40" HEIGHT="75" STYLEREFS="font0"/><SP WIDTH="18" VPOS="2214" HPOS="1671"/><String ID="p271_w940" CONTENT="fellow," HPOS="1689" VPOS="2214" WIDTH="120" HEIGHT="75" STYLEREFS="font0"/><SP WIDTH="25" VPOS="2214" HPOS="1809"/><String ID="p271_w941" CONTENT="and" HPOS="1834" VPOS="2214" WIDTH="63" HEIGHT="75" STYLEREFS="font0"/><SP WIDTH="22" VPOS="2214" HPOS="1897"/><String ID="p271_w942" CONTENT="thereby" HPOS="1919" VPOS="2214" WIDTH="136" HEIGHT="75" STYLEREFS="font0"/><SP WIDTH="20" VPOS="2214" HPOS="2055"/><String ID="p271_w943" CONTENT="forms" HPOS="2075" VPOS="2214" WIDTH="100" HEIGHT="75" STYLEREFS="font0"/><SP WIDTH="28" VPOS="2214" HPOS="2175"/><String ID="p271_w944" CONTENT="a" HPOS="2203" VPOS="2214" WIDTH="19" HEIGHT="75" STYLEREFS="font0"/><SP WIDTH="15" VPOS="2214" HPOS="2222"/><String ID="p271_w945" CONTENT="kind" HPOS="2237" VPOS="2214" WIDTH="79" HEIGHT="75" STYLEREFS="font0"/></TextLine><TextLine WIDTH="536" HEIGHT="75" ID="p271_t111" HPOS="1286" VPOS="2261"><String ID="p271_w946" CONTENT="of" HPOS="1286" VPOS="2261" WIDTH="40" HEIGHT="75" STYLEREFS="font0"/><SP WIDTH="18" VPOS="2261" HPOS="1326"/><String ID="p271_w947" CONTENT="arteria" HPOS="1344" VPOS="2261" WIDTH="114" HEIGHT="75" STYLEREFS="font0"/><SP WIDTH="16" VPOS="2261" HPOS="1458"/><String ID="p271_w948" CONTENT="eoronaria" HPOS="1474" VPOS="2261" WIDTH="165" HEIGHT="75" STYLEREFS="font0"/><SP WIDTH="14" VPOS="2261" HPOS="1639"/><String ID="p271_w949" CONTENT="labiorum." HPOS="1653" VPOS="2261" WIDTH="169" HEIGHT="75" STYLEREFS="font0"/></TextLine><TextLine WIDTH="980" HEIGHT="75" ID="p271_t112" HPOS="1333" VPOS="2307"><String ID="p271_w950" CONTENT="Afterwards" HPOS="1333" VPOS="2307" WIDTH="201" HEIGHT="75" STYLEREFS="font0"/><SP WIDTH="16" VPOS="2307" HPOS="1534"/><String ID="p271_w951" CONTENT="it" HPOS="1550" VPOS="2307" WIDTH="25" HEIGHT="75" STYLEREFS="font0"/><SP WIDTH="17" VPOS="2307" HPOS="1575"/><String ID="p271_w952" CONTENT="afeends" HPOS="1592" VPOS="2307" WIDTH="126" HEIGHT="75" STYLEREFS="font0"/><SP WIDTH="17" VPOS="2307" HPOS="1718"/><String ID="p271_w953" CONTENT="towards" HPOS="1735" VPOS="2307" WIDTH="139" HEIGHT="75" STYLEREFS="font0"/><SP WIDTH="18" VPOS="2307" HPOS="1874"/><String ID="p271_w954" CONTENT="the" HPOS="1892" VPOS="2307" WIDTH="55" HEIGHT="75" STYLEREFS="font0"/><SP WIDTH="19" VPOS="2307" HPOS="1947"/><String ID="p271_w955" CONTENT="nares," HPOS="1966" VPOS="2307" WIDTH="108" HEIGHT="75" STYLEREFS="font0"/><SP WIDTH="21" VPOS="2307" HPOS="2074"/><String ID="p271_w956" CONTENT="and" HPOS="2095" VPOS="2307" WIDTH="61" HEIGHT="75" STYLEREFS="font0"/><SP WIDTH="12" VPOS="2307" HPOS="2156"/><String ID="p271_w957" CONTENT="is" HPOS="2168" VPOS="2307" WIDTH="26" HEIGHT="75" STYLEREFS="font0"/><SP WIDTH="18" VPOS="2307" HPOS="2194"/><String ID="p271_w958" CONTENT="diftri-" HPOS="2212" VPOS="2307" WIDTH="101" HEIGHT="75" STYLEREFS="font0"/></TextLine><TextLine WIDTH="1028" HEIGHT="75" ID="p271_t113" HPOS="1285" VPOS="2353"><String ID="p271_w959" CONTENT="buted" HPOS="1285" VPOS="2353" WIDTH="98" HEIGHT="75" STYLEREFS="font0"/><SP WIDTH="19" VPOS="2353" HPOS="1383"/><String ID="p271_w960" CONTENT="to" HPOS="1402" VPOS="2353" WIDTH="35" HEIGHT="75" STYLEREFS="font0"/><SP WIDTH="16" VPOS="2353" HPOS="1437"/><String ID="p271_w961" CONTENT="the" HPOS="1453" VPOS="2353" WIDTH="55" HEIGHT="75" STYLEREFS="font0"/><SP WIDTH="16" VPOS="2353" HPOS="1508"/><String ID="p271_w962" CONTENT="mufcles," HPOS="1524" VPOS="2353" WIDTH="146" HEIGHT="75" STYLEREFS="font0"/><SP WIDTH="26" VPOS="2353" HPOS="1670"/><String ID="p271_w963" CONTENT="cartilages," HPOS="1696" VPOS="2353" WIDTH="179" HEIGHT="75" STYLEREFS="font0"/><SP WIDTH="26" VPOS="2353" HPOS="1875"/><String ID="p271_w964" CONTENT="and" HPOS="1901" VPOS="2353" WIDTH="63" HEIGHT="75" STYLEREFS="font0"/><SP WIDTH="20" VPOS="2353" HPOS="1964"/><String ID="p271_w965" CONTENT="other" HPOS="1984" VPOS="2353" WIDTH="93" HEIGHT="75" STYLEREFS="font0"/><SP WIDTH="19" VPOS="2353" HPOS="2077"/><String ID="p271_w966" CONTENT="parts" HPOS="2096" VPOS="2353" WIDTH="86" HEIGHT="75" STYLEREFS="font0"/><SP WIDTH="17" VPOS="2353" HPOS="2182"/><String ID="p271_w967" CONTENT="of" HPOS="2199" VPOS="2353" WIDTH="41" HEIGHT="75" STYLEREFS="font0"/><SP WIDTH="18" VPOS="2353" HPOS="2240"/><String ID="p271_w968" CONTENT="the" HPOS="2258" VPOS="2353" WIDTH="55" HEIGHT="75" STYLEREFS="font0"/></TextLine><TextLine WIDTH="1029" HEIGHT="75" ID="p271_t114" HPOS="1284" VPOS="2398"><String ID="p271_w969" CONTENT="nofe," HPOS="1284" VPOS="2398" WIDTH="85" HEIGHT="75" STYLEREFS="font0"/><SP WIDTH="25" VPOS="2398" HPOS="1369"/><String ID="p271_w970" CONTENT="fending" HPOS="1394" VPOS="2398" WIDTH="130" HEIGHT="75" STYLEREFS="font0"/><SP WIDTH="16" VPOS="2398" HPOS="1524"/><String ID="p271_w971" CONTENT="down" HPOS="1540" VPOS="2398" WIDTH="94" HEIGHT="75" STYLEREFS="font0"/><SP WIDTH="16" VPOS="2398" HPOS="1634"/><String ID="p271_w972" CONTENT="fome" HPOS="1650" VPOS="2398" WIDTH="85" HEIGHT="75" STYLEREFS="font0"/><SP WIDTH="22" VPOS="2398" HPOS="1735"/><String ID="p271_w973" CONTENT="twigs" HPOS="1757" VPOS="2398" WIDTH="93" HEIGHT="75" STYLEREFS="font0"/><SP WIDTH="17" VPOS="2398" HPOS="1850"/><String ID="p271_w974" CONTENT="which" HPOS="1867" VPOS="2398" WIDTH="104" HEIGHT="75" STYLEREFS="font0"/><SP WIDTH="18" VPOS="2398" HPOS="1971"/><String ID="p271_w975" CONTENT="communicate" HPOS="1989" VPOS="2398" WIDTH="228" HEIGHT="75" STYLEREFS="font0"/><SP WIDTH="17" VPOS="2398" HPOS="2217"/><String ID="p271_w976" CONTENT="with" HPOS="2234" VPOS="2398" WIDTH="79" HEIGHT="75" STYLEREFS="font0"/></TextLine><TextLine WIDTH="1029" HEIGHT="75" ID="p271_t115" HPOS="1284" VPOS="2444"><String ID="p271_w977" CONTENT="the" HPOS="1284" VPOS="2444" WIDTH="54" HEIGHT="75" STYLEREFS="font0"/><SP WIDTH="17" VPOS="2444" HPOS="1338"/><String ID="p271_w978" CONTENT="coronary" HPOS="1355" VPOS="2444" WIDTH="156" HEIGHT="75" STYLEREFS="font0"/><SP WIDTH="22" VPOS="2444" HPOS="1511"/><String ID="p271_w979" CONTENT="artery" HPOS="1533" VPOS="2444" WIDTH="107" HEIGHT="75" STYLEREFS="font0"/><SP WIDTH="22" VPOS="2444" HPOS="1640"/><String ID="p271_w980" CONTENT="of" HPOS="1662" VPOS="2444" WIDTH="41" HEIGHT="75" STYLEREFS="font0"/><SP WIDTH="17" VPOS="2444" HPOS="1703"/><String ID="p271_w981" CONTENT="the" HPOS="1720" VPOS="2444" WIDTH="55" HEIGHT="75" STYLEREFS="font0"/><SP WIDTH="23" VPOS="2444" HPOS="1775"/><String ID="p271_w982" CONTENT="lips." HPOS="1798" VPOS="2444" WIDTH="73" HEIGHT="75" STYLEREFS="font0"/><SP WIDTH="49" VPOS="2444" HPOS="1871"/><String ID="p271_w983" CONTENT="Laftly," HPOS="1920" VPOS="2444" WIDTH="124" HEIGHT="75" STYLEREFS="font0"/><SP WIDTH="25" VPOS="2444" HPOS="2044"/><String ID="p271_w984" CONTENT="it" HPOS="2069" VPOS="2444" WIDTH="26" HEIGHT="75" STYLEREFS="font0"/><SP WIDTH="17" VPOS="2444" HPOS="2095"/><String ID="p271_w985" CONTENT="reaches" HPOS="2112" VPOS="2444" WIDTH="128" HEIGHT="75" STYLEREFS="font0"/><SP WIDTH="17" VPOS="2444" HPOS="2240"/><String ID="p271_w986" CONTENT="the" HPOS="2257" VPOS="2444" WIDTH="56" HEIGHT="75" STYLEREFS="font0"/></TextLine><TextLine WIDTH="1027" HEIGHT="75" ID="p271_t116" HPOS="1284" VPOS="2490"><String ID="p271_w987" CONTENT="great" HPOS="1284" VPOS="2490" WIDTH="89" HEIGHT="75" STYLEREFS="font0"/><SP WIDTH="17" VPOS="2490" HPOS="1373"/><String ID="p271_w988" CONTENT="angle" HPOS="1390" VPOS="2490" WIDTH="91" HEIGHT="75" STYLEREFS="font0"/><SP WIDTH="16" VPOS="2490" HPOS="1481"/><String ID="p271_w989" CONTENT="of" HPOS="1497" VPOS="2490" WIDTH="41" HEIGHT="75" STYLEREFS="font0"/><SP WIDTH="18" VPOS="2490" HPOS="1538"/><String ID="p271_w990" CONTENT="the." HPOS="1556" VPOS="2490" WIDTH="63" HEIGHT="75" STYLEREFS="font0"/><SP WIDTH="15" VPOS="2490" HPOS="1619"/><String ID="p271_w991" CONTENT="eye," HPOS="1634" VPOS="2490" WIDTH="69" HEIGHT="75" STYLEREFS="font0"/><SP WIDTH="27" VPOS="2490" HPOS="1703"/><String ID="p271_w992" CONTENT="and" HPOS="1730" VPOS="2490" WIDTH="62" HEIGHT="75" STYLEREFS="font0"/><SP WIDTH="24" VPOS="2490" HPOS="1792"/><String ID="p271_w993" CONTENT="is" HPOS="1816" VPOS="2490" WIDTH="27" HEIGHT="75" STYLEREFS="font0"/><SP WIDTH="26" VPOS="2490" HPOS="1843"/><String ID="p271_w994" CONTENT="ramified" HPOS="1869" VPOS="2490" WIDTH="140" HEIGHT="75" STYLEREFS="font0"/><SP WIDTH="28" VPOS="2490" HPOS="2009"/><String ID="p271_w995" CONTENT="and" HPOS="2037" VPOS="2490" WIDTH="63" HEIGHT="75" STYLEREFS="font0"/><SP WIDTH="19" VPOS="2490" HPOS="2100"/><String ID="p271_w996" CONTENT="loft" HPOS="2119" VPOS="2490" WIDTH="62" HEIGHT="75" STYLEREFS="font0"/><SP WIDTH="17" VPOS="2490" HPOS="2181"/><String ID="p271_w997" CONTENT="on" HPOS="2198" VPOS="2490" WIDTH="40" HEIGHT="75" STYLEREFS="font0"/><SP WIDTH="17" VPOS="2490" HPOS="2238"/><String ID="p271_w998" CONTENT="the" HPOS="2255" VPOS="2490" WIDTH="56" HEIGHT="75" STYLEREFS="font0"/></TextLine><TextLine WIDTH="1026" HEIGHT="75" ID="p271_t117" HPOS="1284" VPOS="2537"><String ID="p271_w999" CONTENT="mufculus" HPOS="1284" VPOS="2537" WIDTH="157" HEIGHT="75" STYLEREFS="font0"/><SP WIDTH="13" VPOS="2537" HPOS="1441"/><String ID="p271_w1000" CONTENT="orbicularis" HPOS="1454" VPOS="2537" WIDTH="182" HEIGHT="75" STYLEREFS="font0"/><SP WIDTH="13" VPOS="2537" HPOS="1636"/><String ID="p271_w1001" CONTENT="palpebrarum," HPOS="1649" VPOS="2537" WIDTH="232" HEIGHT="75" STYLEREFS="font0"/><SP WIDTH="19" VPOS="2537" HPOS="1881"/><String ID="p271_w1002" CONTENT="fupercillaris," HPOS="1900" VPOS="2537" WIDTH="221" HEIGHT="75" STYLEREFS="font0"/><SP WIDTH="26" VPOS="2537" HPOS="2121"/><String ID="p271_w1003" CONTENT="and" HPOS="2147" VPOS="2537" WIDTH="60" HEIGHT="75" STYLEREFS="font0"/><SP WIDTH="14" VPOS="2537" HPOS="2207"/><String ID="p271_w1004" CONTENT="fron-" HPOS="2221" VPOS="2537" WIDTH="89" HEIGHT="75" STYLEREFS="font0"/></TextLine><TextLine WIDTH="1026" HEIGHT="75" ID="p271_t118" HPOS="1283" VPOS="2582"><String ID="p271_w1005" CONTENT="talis." HPOS="1283" VPOS="2582" WIDTH="84" HEIGHT="75" STYLEREFS="font0"/><SP WIDTH="49" VPOS="2582" HPOS="1367"/><String ID="p271_w1006" CONTENT="Through" HPOS="1416" VPOS="2582" WIDTH="161" HEIGHT="75" STYLEREFS="font0"/><SP WIDTH="18" VPOS="2582" HPOS="1577"/><String ID="p271_w1007" CONTENT="all" HPOS="1595" VPOS="2582" WIDTH="41" HEIGHT="75" STYLEREFS="font0"/><SP WIDTH="26" VPOS="2582" HPOS="1636"/><String ID="p271_w1008" CONTENT="this" HPOS="1662" VPOS="2582" WIDTH="62" HEIGHT="75" STYLEREFS="font0"/><SP WIDTH="25" VPOS="2582" HPOS="1724"/><String ID="p271_w1009" CONTENT="courfe,." HPOS="1749" VPOS="2582" WIDTH="131" HEIGHT="75" STYLEREFS="font0"/><SP WIDTH="15" VPOS="2582" HPOS="1880"/><String ID="p271_w1010" CONTENT="it" HPOS="1895" VPOS="2582" WIDTH="25" HEIGHT="75" STYLEREFS="font0"/><SP WIDTH="21" VPOS="2582" HPOS="1920"/><String ID="p271_w1011" CONTENT="is" HPOS="1941" VPOS="2582" WIDTH="28" HEIGHT="75" STYLEREFS="font0"/><SP WIDTH="25" VPOS="2582" HPOS="1969"/><String ID="p271_w1012" CONTENT="named" HPOS="1994" VPOS="2582" WIDTH="114" HEIGHT="75" STYLEREFS="font0"/><SP WIDTH="16" VPOS="2582" HPOS="2108"/><String ID="p271_w1013" CONTENT="arteria" HPOS="2124" VPOS="2582" WIDTH="116" HEIGHT="75" STYLEREFS="font0"/><SP WIDTH="15" VPOS="2582" HPOS="2240"/><String ID="p271_w1014" CONTENT="an-" HPOS="2255" VPOS="2582" WIDTH="54" HEIGHT="75" STYLEREFS="font0"/></TextLine><TextLine WIDTH="129" HEIGHT="75" ID="p271_t119" HPOS="1282" VPOS="2629"><String ID="p271_w1015" CONTENT="gulaiis." HPOS="1282" VPOS="2629" WIDTH="129" HEIGHT="75" STYLEREFS="font0"/></TextLine><TextLine WIDTH="982" HEIGHT="75" ID="p271_t120" HPOS="1329" VPOS="2676"><String ID="p271_w1016" CONTENT="1" HPOS="1329" VPOS="2676" WIDTH="26" HEIGHT="75" STYLEREFS="font0"/><SP WIDTH="8" VPOS="2676" HPOS="1355"/><String ID="p271_w1017" CONTENT="he" HPOS="1363" VPOS="2676" WIDTH="41" HEIGHT="75" STYLEREFS="font0"/><SP WIDTH="13" VPOS="2676" HPOS="1404"/><String ID="p271_w1018" CONTENT="fifth" HPOS="1417" VPOS="2676" WIDTH="71" HEIGHT="75" STYLEREFS="font0"/><SP WIDTH="12" VPOS="2676" HPOS="1488"/><String ID="p271_w1019" CONTENT="branch," HPOS="1500" VPOS="2676" WIDTH="131" HEIGHT="75" STYLEREFS="font0"/><SP WIDTH="13" VPOS="2676" HPOS="1631"/><String ID="p271_w1020" CONTENT="maxillaris" HPOS="1644" VPOS="2676" WIDTH="174" HEIGHT="75" STYLEREFS="font0"/><SP WIDTH="13" VPOS="2676" HPOS="1818"/><String ID="p271_w1021" CONTENT="interna," HPOS="1831" VPOS="2676" WIDTH="134" HEIGHT="75" STYLEREFS="font0"/><SP WIDTH="27" VPOS="2676" HPOS="1965"/><String ID="p271_w1022" CONTENT="arifes" HPOS="1992" VPOS="2676" WIDTH="92" HEIGHT="75" STYLEREFS="font0"/><SP WIDTH="17" VPOS="2676" HPOS="2084"/><String ID="p271_w1023" CONTENT="over-againft" HPOS="2101" VPOS="2676" WIDTH="210" HEIGHT="75" STYLEREFS="font0"/></TextLine><TextLine WIDTH="1027" HEIGHT="75" ID="p271_t121" HPOS="1282" VPOS="2723"><String ID="p271_w1024" CONTENT="the" HPOS="1282" VPOS="2723" WIDTH="53" HEIGHT="75" STYLEREFS="font0"/><SP WIDTH="17" VPOS="2723" HPOS="1335"/><String ID="p271_w1025" CONTENT="condyle" HPOS="1352" VPOS="2723" WIDTH="134" HEIGHT="75" STYLEREFS="font0"/><SP WIDTH="17" VPOS="2723" HPOS="1486"/><String ID="p271_w1026" CONTENT="of" HPOS="1503" VPOS="2723" WIDTH="38" HEIGHT="75" STYLEREFS="font0"/><SP WIDTH="13" VPOS="2723" HPOS="1541"/><String ID="p271_w1027" CONTENT="the" HPOS="1554" VPOS="2723" WIDTH="55" HEIGHT="75" STYLEREFS="font0"/><SP WIDTH="16" VPOS="2723" HPOS="1609"/><String ID="p271_w1028" CONTENT="lower" HPOS="1625" VPOS="2723" WIDTH="99" HEIGHT="75" STYLEREFS="font0"/><SP WIDTH="19" VPOS="2723" HPOS="1724"/><String ID="p271_w1029" CONTENT="jaw." HPOS="1743" VPOS="2723" WIDTH="78" HEIGHT="75" STYLEREFS="font0"/><SP WIDTH="49" VPOS="2723" HPOS="1821"/><String ID="p271_w1030" CONTENT="It" HPOS="1870" VPOS="2723" WIDTH="31" HEIGHT="75" STYLEREFS="font0"/><SP WIDTH="18" VPOS="2723" HPOS="1901"/><String ID="p271_w1031" CONTENT="paftes" HPOS="1919" VPOS="2723" WIDTH="95" HEIGHT="75" STYLEREFS="font0"/><SP WIDTH="17" VPOS="2723" HPOS="2014"/><String ID="p271_w1032" CONTENT="behind" HPOS="2031" VPOS="2723" WIDTH="119" HEIGHT="75" STYLEREFS="font0"/><SP WIDTH="16" VPOS="2723" HPOS="2150"/><String ID="p271_w1033" CONTENT="the" HPOS="2166" VPOS="2723" WIDTH="56" HEIGHT="75" STYLEREFS="font0"/><SP WIDTH="12" VPOS="2723" HPOS="2222"/><String ID="p271_w1034" CONTENT="con*" HPOS="2234" VPOS="2723" WIDTH="75" HEIGHT="75" STYLEREFS="font0"/></TextLine><TextLine WIDTH="1027" HEIGHT="75" ID="p271_t122" HPOS="1282" VPOS="2767"><String ID="p271_w1035" CONTENT="dyle," HPOS="1282" VPOS="2767" WIDTH="86" HEIGHT="75" STYLEREFS="font0"/><SP WIDTH="34" VPOS="2767" HPOS="1368"/><String ID="p271_w1036" CONTENT="and" HPOS="1402" VPOS="2767" WIDTH="61" HEIGHT="75" STYLEREFS="font0"/><SP WIDTH="24" VPOS="2767" HPOS="1463"/><String ID="p271_w1037" CONTENT="having" HPOS="1487" VPOS="2767" WIDTH="115" HEIGHT="75" STYLEREFS="font0"/><SP WIDTH="23" VPOS="2767" HPOS="1602"/><String ID="p271_w1038" CONTENT="given" HPOS="1625" VPOS="2767" WIDTH="92" HEIGHT="75" STYLEREFS="font0"/><SP WIDTH="26" VPOS="2767" HPOS="1717"/><String ID="p271_w1039" CONTENT="off" HPOS="1743" VPOS="2767" WIDTH="51" HEIGHT="75" STYLEREFS="font0"/><SP WIDTH="23" VPOS="2767" HPOS="1794"/><String ID="p271_w1040" CONTENT="a" HPOS="1817" VPOS="2767" WIDTH="17" HEIGHT="75" STYLEREFS="font0"/><SP WIDTH="24" VPOS="2767" HPOS="1834"/><String ID="p271_w1041" CONTENT="twig" HPOS="1858" VPOS="2767" WIDTH="82" HEIGHT="75" STYLEREFS="font0"/><SP WIDTH="19" VPOS="2767" HPOS="1940"/><String ID="p271_w1042" CONTENT="among" HPOS="1959" VPOS="2767" WIDTH="115" HEIGHT="75" STYLEREFS="font0"/><SP WIDTH="24" VPOS="2767" HPOS="2074"/><String ID="p271_w1043" CONTENT="the" HPOS="2098" VPOS="2767" WIDTH="56" HEIGHT="75" STYLEREFS="font0"/><SP WIDTH="23" VPOS="2767" HPOS="2154"/><String ID="p271_w1044" CONTENT="mufeuli" HPOS="2177" VPOS="2767" WIDTH="132" HEIGHT="75" STYLEREFS="font0"/></TextLine><TextLine WIDTH="1004" HEIGHT="75" ID="p271_t123" HPOS="1280" VPOS="2815"><String ID="p271_w1045" CONTENT="pterygoidasi," HPOS="1280" VPOS="2815" WIDTH="218" HEIGHT="75" STYLEREFS="font0"/><SP WIDTH="26" VPOS="2815" HPOS="1498"/><String ID="p271_w1046" CONTENT="it" HPOS="1524" VPOS="2815" WIDTH="25" HEIGHT="75" STYLEREFS="font0"/><SP WIDTH="17" VPOS="2815" HPOS="1549"/><String ID="p271_w1047" CONTENT="is" HPOS="1566" VPOS="2815" WIDTH="26" HEIGHT="75" STYLEREFS="font0"/><SP WIDTH="17" VPOS="2815" HPOS="1592"/><String ID="p271_w1048" CONTENT="divided" HPOS="1609" VPOS="2815" WIDTH="128" HEIGHT="75" STYLEREFS="font0"/><SP WIDTH="16" VPOS="2815" HPOS="1737"/><String ID="p271_w1049" CONTENT="into" HPOS="1753" VPOS="2815" WIDTH="68" HEIGHT="75" STYLEREFS="font0"/><SP WIDTH="16" VPOS="2815" HPOS="1821"/><String ID="p271_w1050" CONTENT="three" HPOS="1837" VPOS="2815" WIDTH="90" HEIGHT="75" STYLEREFS="font0"/><SP WIDTH="21" VPOS="2815" HPOS="1927"/><String ID="p271_w1051" CONTENT="principal" HPOS="1948" VPOS="2815" WIDTH="150" HEIGHT="75" STYLEREFS="font0"/><SP WIDTH="17" VPOS="2815" HPOS="2098"/><String ID="p271_w1052" CONTENT="branches." HPOS="2115" VPOS="2815" WIDTH="169" HEIGHT="75" STYLEREFS="font0"/></TextLine><TextLine WIDTH="975" HEIGHT="75" ID="p271_t124" HPOS="1335" VPOS="2861"><String ID="p271_w1053" CONTENT="I" HPOS="1335" VPOS="2861" WIDTH="16" HEIGHT="75" STYLEREFS="font0"/><SP WIDTH="10" VPOS="2861" HPOS="1351"/><String ID="p271_w1054" CONTENT="he" HPOS="1361" VPOS="2861" WIDTH="40" HEIGHT="75" STYLEREFS="font0"/><SP WIDTH="17" VPOS="2861" HPOS="1401"/><String ID="p271_w1055" CONTENT="firft" HPOS="1418" VPOS="2861" WIDTH="62" HEIGHT="75" STYLEREFS="font0"/><SP WIDTH="27" VPOS="2861" HPOS="1480"/><String ID="p271_w1056" CONTENT="branch," HPOS="1507" VPOS="2861" WIDTH="133" HEIGHT="75" STYLEREFS="font0"/><SP WIDTH="18" VPOS="2861" HPOS="1640"/><String ID="p271_w1057" CONTENT="or" HPOS="1658" VPOS="2861" WIDTH="36" HEIGHT="75" STYLEREFS="font0"/><SP WIDTH="26" VPOS="2861" HPOS="1694"/><String ID="p271_w1058" CONTENT="fpiicno-maxillaris," HPOS="1720" VPOS="2861" WIDTH="323" HEIGHT="75" STYLEREFS="font0"/><SP WIDTH="24" VPOS="2861" HPOS="2043"/><String ID="p271_w1059" CONTENT="gous" HPOS="2067" VPOS="2861" WIDTH="77" HEIGHT="75" STYLEREFS="font0"/><SP WIDTH="23" VPOS="2861" HPOS="2144"/><String ID="p271_w1060" CONTENT="through" HPOS="2167" VPOS="2861" WIDTH="143" HEIGHT="75" STYLEREFS="font0"/></TextLine><TextLine WIDTH="1027" HEIGHT="75" ID="p271_t125" HPOS="1281" VPOS="2909"><String ID="p271_w1061" CONTENT="the" HPOS="1281" VPOS="2909" WIDTH="52" HEIGHT="75" STYLEREFS="font0"/><SP WIDTH="24" VPOS="2909" HPOS="1333"/><String ID="p271_w1062" CONTENT="inferior" HPOS="1357" VPOS="2909" WIDTH="131" HEIGHT="75" STYLEREFS="font0"/><SP WIDTH="24" VPOS="2909" HPOS="1488"/><String ID="p271_w1063" CONTENT="orbitary," HPOS="1512" VPOS="2909" WIDTH="155" HEIGHT="75" STYLEREFS="font0"/><SP WIDTH="26" VPOS="2909" HPOS="1667"/><String ID="p271_w1064" CONTENT="or" HPOS="1693" VPOS="2909" WIDTH="38" HEIGHT="75" STYLEREFS="font0"/><SP WIDTH="27" VPOS="2909" HPOS="1731"/><String ID="p271_w1065" CONTENT="fphenomaxillary" HPOS="1758" VPOS="2909" WIDTH="287" HEIGHT="75" STYLEREFS="font0"/><SP WIDTH="16" VPOS="2909" HPOS="2045"/><String ID="p271_w1066" CONTENT="fiffure," HPOS="2061" VPOS="2909" WIDTH="115" HEIGHT="75" STYLEREFS="font0"/><SP WIDTH="26" VPOS="2909" HPOS="2176"/><String ID="p271_w1067" CONTENT="to" HPOS="2202" VPOS="2909" WIDTH="34" HEIGHT="75" STYLEREFS="font0"/><SP WIDTH="18" VPOS="2909" HPOS="2236"/><String ID="p271_w1068" CONTENT="the" HPOS="2254" VPOS="2909" WIDTH="54" HEIGHT="75" STYLEREFS="font0"/></TextLine><TextLine WIDTH="1026" HEIGHT="75" ID="p271_t126" HPOS="1281" VPOS="2955"><String ID="p271_w1069" CONTENT="oxbit," HPOS="1281" VPOS="2955" WIDTH="94" HEIGHT="75" STYLEREFS="font0"/><SP WIDTH="35" VPOS="2955" HPOS="1375"/><String ID="p271_w1070" CONTENT="alter" HPOS="1410" VPOS="2955" WIDTH="81" HEIGHT="75" STYLEREFS="font0"/><SP WIDTH="22" VPOS="2955" HPOS="1491"/><String ID="p271_w1071" CONTENT="having" HPOS="1513" VPOS="2955" WIDTH="117" HEIGHT="75" STYLEREFS="font0"/><SP WIDTH="24" VPOS="2955" HPOS="1630"/><String ID="p271_w1072" CONTENT="fupplied" HPOS="1654" VPOS="2955" WIDTH="143" HEIGHT="75" STYLEREFS="font0"/><SP WIDTH="31" VPOS="2955" HPOS="1797"/><String ID="p271_w1073" CONTENT="the" HPOS="1828" VPOS="2955" WIDTH="56" HEIGHT="75" STYLEREFS="font0"/><SP WIDTH="21" VPOS="2955" HPOS="1884"/><String ID="p271_w1074" CONTENT="mufeuli" HPOS="1905" VPOS="2955" WIDTH="131" HEIGHT="75" STYLEREFS="font0"/><SP WIDTH="23" VPOS="2955" HPOS="2036"/><String ID="p271_w1075" CONTENT="periftaphylini," HPOS="2059" VPOS="2955" WIDTH="248" HEIGHT="75" STYLEREFS="font0"/></TextLine><TextLine WIDTH="62" HEIGHT="75" ID="p271_t127" HPOS="2246" VPOS="3012"><String ID="p271_w1076" CONTENT="and" HPOS="2246" VPOS="3012" WIDTH="62" HEIGHT="75" STYLEREFS="font0"/></TextLine></PrintSpace></Page></Layout></alto>