2477 3395
503 181 35 75 B
597 181 44 75 U
700 181 41 75 X

1078 181 104 75 (\6
1182 213 56 49 97
1298 181 20 75 )

1654 181 37 75 B
1750 181 35 75 Y
1843 181 35 75 Z

176 253 122 75 Button
315 253 177 75 attempted
508 253 35 75 to
559 253 66 75 find
645 253 57 75 out
726 253 19 75 a
768 253 188 75 north-weft
981 253 121 75 paffage
1127 253 35 75 to

179 300 54 75 the
250 300 75 75 Eaft
341 300 120 75 Indies.
509 300 34 75 It
565 300 58 75 lies
645 300 145 75 between
815 300 64 75 8o°
905 300 61 75 and
988 300 85 75 ioo°
1100 300 61 75 W.

178 346 88 75 long,
291 346 63 75 and
368 346 144 75 between
530 346 62 75 6o°
610 346 62 75 and
689 346 66 75 66°
775 346 46 75 N.
840 346 57 75 lat„

133 390 266 75 BUTTRESS,
425 390 18 75 a
464 390 78 75 kind
565 390 39 75 of
624 390 145 75 butment
792 390 82 75 built
898 390 162 75 archwife,
1086 390 40 75 or
1147 390 18 75 a

181 438 79 75 mafs
277 438 39 75 of
335 438 86 75 ftone
437 438 36 75 or
490 438 103 75 brick,
619 438 122 75 ferving
757 438 37 75 to
809 438 80 75 prop
910 438 37 75 or
964 438 130 75 fupport
1111 438 54 75 the

180 484 79 75 fides
276 484 39 75 of
334 484 18 75 a
367 484 155 75 building,
548 484 86 75 wall,
751 484 41 75 on
818 484 57 75 the
900 484 133 75 outfide,
1058 484 108 75 where

180 530 26 75 it
223 530 26 75 is
273 530 101 75 either
390 530 78 75 very
484 530 90 75 high,
599 530 38 75 or
652 530 56 75 has
726 530 61 75 any
805 530 212 75 confiderable
1040 530 75 75 load
1131 530 36 75 to

180 575 113 75 luftain
309 575 41 75 on
366 575 55 75 the
439 575 92 75 other
548 575 76 75 fide,
649 575 33 75 as
700 575 18 75 a
734 575 84 75 bank
834 575 40 75 of
893 575 104 75 earth,
1022 575 64 75 fcc.

227 620 174 75 Buttreftes
429 620 53 75 are
509 620 76 75 ufed
612 620 117 75 againft
753 620 56 75 the
836 620 109 75 angles
973 620 40 75 of
1025 620 141 75 .fteeples

180 669 63 75 and
258 669 94 75 other
368 669 159 75 buildings
545 669 40 75 of
603 669 98 75 ftone,
727 669 64 75 he.
817 669 42 75 on
875 669 55 75 the
947 669 131 75 outfide,
1104 669 59 75 and

179 714 97 75 along
300 714 55 75 the
379 714 89 75 walls
493 714 39 75 of
550 714 74 75 fuch
649 714 162 75 buildings
835 714 35 75 as
891 714 80 75 have
991 714 90 75 great
1105 714 61 75 and

180 761 105 75 heavy
302 761 100 75 roofs,
419 761 106 75 which
541 761 107 75 would
660 761 39 75 be
715 761 119 75 fubjeeft
845 761 35 75 to
892 761 100 75 thruft
1005 761 55 75 the
1077 761 88 75 walls

181 807 69 75 out,
275 807 103 75 unlefs
405 807 78 75 very
507 807 103 75 thick,
643 807 31 75 if
692 807 41 75 no
758 807 163 75 buttrefles
946 807 84 75 were
1054 807 112 75 placed

182 852 116 75 againft
315 852 100 75 them.
454 852 99 75 They
569 852 52 75 are
638 852 64 75 alfo
718 852 112 75 placed
847 852 50 75 for
914 852 18 75 a
956 852 130 75 fupport
1105 852 63 75 and

183 897 144 75 butment
340 897 115 75 againft
471 897 55 75 the
543 897 64 75 feet
623 897 40 75 of
682 897 85 75 fame
781 897 123 75 arches,
929 897 70 75 that
1013 897 52 75 are
1078 897 87 75 turn-

184 945 40 75 ed
241 945 102 75 acrofs
360 945 89 75 great
465 945 82 75 halls
571 945 31 75 in
619 945 56 75 old
691 945 135 75 palaces,
852 945 129 75 abbeys,
1008 945 64 75 he.

137 990 224 75 BUTZAW,
387 990 18 75 a
431 990 87 75 town
546 990 40 75 of
606 990 119 75 Lower
751 990 144 75 Saxony,
921 990 31 75 in
979 990 185 75 Germany;

181 1036 27 75 it
232 1036 103 75 Hands
358 1036 84 75 upon
468 1036 56 75 the
548 1036 84 75 river
655 1036 154 75 Varnow,
834 1036 41 75 on
900 1036 55 75 the
979 1036 79 75 road
1082 1036 85 75 from

185 1080 165 75 Schwerin
366 1080 35 75 to
419 1080 153 75 Roftock.

135 1127 218 75 BUXTON,
379 1127 18 75 a
423 1127 88 75 place
539 1127 30 75 in
595 1127 55 75 the
674 1127 80 75 peak
777 1127 41 75 of
842 1127 210 75 Derbylhire;
1086 1127 82 75 cele-

184 1172 113 75 brated
313 1172 50 75 for
388 1172 168 75 medicinal
580 1172 135 75 waters;
741 1172 55 75 the
818 1172 116 75 hotteft
956 1172 31 75 in
1005 1172 162 75 England,

180 1223 79 75 next
274 1223 36 75 to
326 1223 100 75 Bath.

132 1270 290 75 Buxton-w?///.
469 1270 77 75 The
567 1270 100 75 ftrata
689 1270 40 75 of
748 1270 90 75 earth
864 1270 60 75 and
945 1270 162 75 minerals,
1130 1270 33 75 in

178 1316 56 75 the
261 1316 86 75 parts
372 1316 146 75 adjacent
542 1316 36 75 to
613 1316 146 75 Buxton,
793 1316 52 75 are
873 1316 73 75 peat
962 1316 96 75 mofs,
1092 1316 73 75 blue

178 1362 83 75 clay,
286 1362 84 75 iron,
396 1362 62 75 and
474 1362 82 75 coal,
581 1362 111 75 mixed
716 1362 76 75 with
816 1362 129 75 fulphur
971 1362 61 75 and
1049 1362 114 75 brazil.

224 1407 76 75 The
316 1407 99 75 warm
430 1407 115 75 waters
569 1407 103 75 there,
698 1407 32 75 at
755 1407 135 75 prefent,
916 1407 53 75 are
994 1407 55 75 the
1072 1407 89 75 bath,

179 1453 108 75 which
301 1453 90 75 takes
408 1453 31 75 in
462 1453 118 75 feveral
605 1453 263 75 warm-fprings-,
896 1453 39 75 St
954 1453 87 75 Ann'
1041 1453 18 75 s
1076 1453 86 75 well,

179 1500 20 75 a
221 1500 58 75 hot
304 1500 62 75 and
388 1500 74 75 cold
484 1500 105 75 fpring
618 1500 93 75 rifing
735 1500 41 75 up
799 1500 68 75 into
884 1500 153 75 tha-fame
1053 1500 113 75 recep-

180 1546 85 75 tacle
276 1546 11 75 ;
314 1546 61 75 and
391 1546 260 75 Bingham-well.

227 1592 108 75 Thefe
353 1592 113 75 waters
480 1592 124 75 greatly
620 1592 145 75 promote
781 1592 165 75 digeftion,
971 1592 103 75 unlefs
1087 1592 78 75 they

180 1638 52 75 are
255 1638 106 75 drunk
376 1638 57 75 too
456 1638 87 75 long,
568 1638 31 75 in
617 1638 104 75 which
739 1638 67 75 cafe
823 1638 77 75 they
923 1638 90 75 relax
1034 1638 53 75 the
1103 1638 60 75 fto-

171 1683 112 75 .rnach,
310 1683 61 75 and
388 1683 105 75 retard
509 1683 152 75 digeftion
674 1683 10 75 ;
711 1683 85 75 they-
812 1683 52 75 are
889 1683 70 75 well
977 1683 137 75 adapted
1131 1683 34 75 to

180 1729 206 75 obftruttions
403 1729 40 75 of
461 1729 96 75 every
577 1729 89 75 kind,
693 1729 129 75 whence
844 1729 78 75 they
939 1729 138 75 produce
1097 1729 66 75 fur-

181 1773 114 75 prifing
311 1773 108 75 efFefls
436 1773 31 75 in
482 1773 113 75 gouty,
624 1773 188 75 rheumatic,
837 1773 144 75 athritic,
1003 1773 60 75 and
1079 1773 85 75 fcor-

181 1822 88 75 butic
285 1822 101 75 pains.
434 1822 49 75 As
507 1822 64 75 this
588 1822 98 75 water
709 1822 26 75 is
758 1822 111 75 warm,
894 1822 113 75 highly
1028 1822 136 75 impreg-

180 1868 95 75 nated
302 1868 79 75 with
406 1868 20 75 a
448 1868 133 75 mineral
605 1868 108 75 fteam,
739 1868 131 75 vapour,
897 1868 36 75 or
952 1868 101 75 fpirit,
1085 1868 25 75 it
1138 1868 26 75 is

180 1914 132 75 fignally
328 1914 162 75 beneficial
507 1914 34 75 to
558 1914 136 75 cramps,
712 1914 207 75 convulfions,
945 1914 60 75 dry
1018 1914 146 75 afthmas,

180 1960 56 75 the
253 1960 113 75 bilious
385 1960 93 75 colic,
505 1960 143 75 ftifFnefs,
675 1960 67 75 he*.

226 2006 98 75 They
336 2006 104 75 advife
456 2006 78 75 both
551 2006 149 75 drinking
715 2006 64 75 and
795 2006 131 75 bathing
937 2006 36 75 in
991 2006 123 75 the.ufe
1131 2006 42 75 of

177 2052 87 75 thefe
287 2052 139 75 waters;
452 2052 77 75 only
553 2052 55 75 the
631 2052 58 75 laft
712 2052 25 75 is
763 2052 39 75 of
821 2052 62 75 bad
900 2052 215 75 confequence
1131 2052 33 75 in

176 2096 57 75 the
260 2096 92 75 gout,
384 2096 121 75 inward
535 2096 253 75 inflammations,
825 2096 115 75 fevers,
980 2096 182 75 dyfentery,

177 2142 89 75 large
281 2142 123 75 inward
421 2142 155 75 tumours,
602 2142 36 75 or
649 2142 33 75 in
694 2142 39 75 an
745 2142 147 75 outward
904 2142 135 75 preflure
1056 2142 40 75 of
1107 2142 56 75 the

177 2187 100 75 body.

131 2233 176 75 B.UXUS,
332 2233 32 75 in
380 2233 131 75 botany,
537 2233 18 75 a
571 2233 98 75 genus
687 2233 112 75 of-the
816 2233 155 75 moncecia
988 2233 175 75 tetrandria

178 2279 92 75 clafs.
320 2279 76 75 The
413 2279 85 75 calix
515 2279 38 75 of
564 2279 55 75 the
635 2279 82 75 male
734 2279 125 75 confifts
876 2279 40 75 of
927 2279 90 75 three
1034 2279 125 75 leaves;

177 2325 63 75 and
264 2325 54 75 the
339 2325 118 75 corolla
480 2325 58 75 has
562 2325 65 75 two
643 2325 99 75 petals
756 2325 8 75 :
790 2325 75 75 The
883 2325 84 75 calix
984 2325 40 75 of
1042 2325 55 75 the
1114 2325 46 75 fe-

178 2369 81 75 male
274 2369 56 75 has
347 2369 73 75 four
430 2369 127 75 leaves;
583 2369 55 75 the
648 2369 99 75 petals
759 2369 52 75 are
824 2369 109 75 three;
959 2369 24 75 it
997 2369 56 75 has
1071 2369 90 75 three

177 2416 92 75 ftyli;
296 2416 61 75 and
374 2416 55 75 the
444 2416 125 75 capfule
589 2416 56 75 has
670 2416 91 75 three
785 2416 76 75 cells
885 2416 182 75 containing
1091 2416 65 75 two

177 2461 99 75 feeds.
323 2461 111 75 There
458 2461 26 75 is
509 2461 56 75 but
581 2461 60 75 one
665 2461 129 75 fpecies,
819 2461 69 75 vtz.
912 2461 54 75 the
989 2461 167 75 fempervi-

175 2506 85 75 rens,
285 2506 37 75 or
337 2506 162 75 box-tree,
525 2506 18 75 a
565 2506 105 75 native
692 2506 39 75 of
750 2506 136 75 Britain.
934 2506 33 75 A
992 2506 165 75 decodion

224 2552 99 75 Vox..
343 2552 30 75 I.
421 2552 56 75 No
496 2552 57 75 29.

1074 2552 18 75 3

1257 243 40 75 of
1316 243 55 75 the
1395 243 105 75 leaves
1527 243 62 75 and
1613 243 94 75 wood
1730 243 57 75 has
1811 243 79 75 been
1917 243 242 75 recommended
2178 243 34 75 as
2228 243 19 75 a

1257 288 155 75 powerful
1430 288 144 75 fudorific
1587 288 9 75 ;
1623 288 56 75 but
1696 288 26 75 is
1739 288 56 75 not
1813 288 74 75 now
1910 288 75 75 ufed
2003 288 44 75 by
2062 288 182 75 practition-

1258 335 62 75 ers.
1369 335 76 75 The
1471 335 96 75 wood
1590 335 27 75 is
1642 335 39 75 of
1700 335 19 75 a
1743 335 78 75 hard
1848 335 82 75 clofe
1958 335 141 75 texture,
2131 335 61 75 and
2220 335 27 75 is

1260 381 125 75 greatly
1403 381 74 75 ufed
1494 381 42 75 by
1554 381 177 75 mechanics
1747 381 51 75 for
1814 381 84 75 toSls
1915 381 40 75 of
1973 381 128 75 various
2116 381 107 75 kinds.

1214 428 136 75 BUYS,
1384 428 18 75 a
1422 428 86 75 town
1537 428 40 75 of
1596 428 185 75 Dauphine,
1814 428 32 75 in
1875 428 132 75 France,
2042 428 132 75 fituated
2202 428 41 75 on

1260 473 55 75 the
1340 473 138 75 confines
1503 473 39 75 of
1561 473 185 75 Provence;
1772 473 45 75 E.
1842 473 90 75 long.
1961 473 17 75 5
1978 455 21 49 0
1999 473 94 75 .20,
2119 473 61 75 and
2196 473 48 75 N.

1262 518 57 75 lat.
1335 518 43 75 44
1378 500 19 49 0
1414 518 54 75 25'
1468 518 12 75 .

1214 565 244 75 BUZZARD,
1483 565 32 75 in
1532 565 217 75 ornithology,
1774 565 55 75 the
1846 565 130 75 Englifh
1995 565 90 75 name
2101 565 40 75 of
2160 565 84 75 feve-

1263 611 45 75 ral
1325 611 117 75 fpecies
1459 611 41 75 of
1518 611 56 75 the
1590 611 94 75 hawk
1701 611 88 75 kind.
1840 611 61 75 See
1917 611 142 75 Fauco.

1213 657 209 75 BYGHOF,
1447 657 37 75 or
1502 657 154 75 Bygow,
1683 657 18 75 a
1721 657 66 75 city
1805 657 40 75 of
1864 657 174 75 Lithuania
2059 657 32 75 in
2108 657 138 75 Poland,

1261 703 132 75 fituated
1408 703 122 75 on-the
1553 703 83 75 river
1660 703 141 75 Nieper;
1828 703 44 75 E.
1897 703 89 75 long,
2012 703 74 75 30°,
2112 703 61 75 and
2198 703 47 75 N.

1262 749 57 75 lat.
1339 749 18 75 5
1357 781 22 49 3

1379 731 28 49 &
1407 749 13 75 .

1215 797 231 75 BY'-LAWS,
1478 797 38 75 or
1539 797 213 75 Bye-laws,
1777 797 121 75 private
1922 797 59 75 and
2007 797 137 75 peculiar
2169 797 77 75 laws

1263 842 52 75 for
1338 842 55 75 the
1419 842 86 75 good
1531 842 207 75 government
1762 842 40 75 of
1822 842 17 75 a
1863 842 77 75 city,
1967 842 104 75 court,
2097 842 38 75 or
2154 842 93 75 other

1264 888 208 75 community,
1497 888 92 75 made
1601 888 42 75 by
1656 888 55 75 the
1728 888 127 75 general
1874 888 127 75 confcnt
2017 888 40 75 of
2076 888 55 75 the
2148 888 96 75 mem-

1262 935 71 75 bers

1310 982 55 75 All
1392 982 136 75 by-ldws
1546 982 52 75 are
1615 982 35 75 to
1666 982 40 75 be
1724 982 190 75 reafonable,
1940 982 60 75 and
2019 982 50 75 for
2086 982 54 75 the
2157 982 86 75 com-

1262 1027 73 75 mon
1354 1027 128 75 benefit,
1508 1027 56 75 not
1590 1027 119 75 private
1732 1027 173 75 advantage
1930 1027 41 75 of
1989 1027 61 75 any
2075 1027 171 75 particular

1263 1075 139 75 perfons,
1426 1075 62 75 and
1506 1075 77 75 muft
1606 1075 39 75 be
1671 1075 164 75 agreeable
1860 1075 34 75 to
1918 1075 55 75 the
1989 1075 106 75 public
2110 1075 135 75 laws.in

1262 1120 107 75 being.

1216 1167 222 75 BYRLAW,
1466 1167 227 75 or-gyaLAW
1715 1167 97 75 /awr,
1838 1167 34 75 in
1893 1167 162 75 Scotland,
2081 1167 54 75 ate
2151 1167 93 75 made

1260 1220 61 75 and
1349 1220 198 75 determined
1575 1220 40 75 by
1644 1220 206 75 neighbours,
1881 1220 117 75 eledfed
2027 1220 42 75 by
2098 1220 146 75 common

1260 1265 126 75 confent
1404 1265 29 75 in
1452 1265 122 75 byrlaw
1591 1265 121 75 courts.
1761 1265 75 75 The
1849 1265 70 75 men
1938 1265 112 75 chofen
2069 1265 32 75 as
2114 1265 134 75 judges,'

1261 1312 53 75 are
1331 1312 102 75 called
1450 1312 121 75 byrlaw
1588 1312 37 75 or
1642 1312 121 75 burlaw
1780 1312 84 75 men,
1890 1312 60 75 and
1963 1312 72 75 take
2053 1312 192 75 cognizance

1261 1359 40 75 of
1320 1359 187 75 complaints
1523 1359 144 75 berween
1684 1359 177 75 neighbour
1876 1359 65 75 and
1952 1359 189 75 neighbour.
2189 1359 5 75 .

1213 1406 72 75 BY'
1285 1406 166 75 RRHUS,
1477 1406 32 75 in
1527 1406 152 75 zoology,
1705 1406 38 75 an
1764 1406 95 75 order
1883 1406 39 75 of
1941 1406 110 75 infects
2075 1406 170 75 belonging

1260 1450 34 75 to
1311 1450 55 75 the
1382 1450 97 75 order
1492 1450 42 75 of
1552 1450 194 75 coleoptera.
1794 1450 75 75 Tire
1886 1450 112 75 feelers
2017 1450 52 75 are
2086 1450 158 75 clavated,

1263 1497 106 75 pretty
1385 1497 92 75 folid,
1503 1497 60 75 and
1582 1497 18 75 a
1616 1497 83 75 little
1721 1497 203 75 comprefled.
1971 1497 113 75 There
2109 1497 51 75 are
2183 1497 61 75 fike

1261 1544 129 75 fpecies,
1416 1544 42 75 all
1487 1544 40 75 of
1545 1544 104 75 which
1679 1544 52 75 are
1761 1544 33 75 to
1822 1544 38 75 be
1881 1544 100 75 found
2009 1544 40 75 on
2074 1544 171 75 particular

1261 1590 116 75 plants,
1402 1590 62 75 and
1487 1590 187 75 principally
1698 1590 219 75 diftinguifhed
1942 1590 82 75 from
2049 1590 74 75 each
2151 1590 94 75 other

1260 1635 42 75 by
1318 1635 57 75 the
1396 1635 112 75 colour
1532 1635 62 75 and
1617 1635 99 75 figure
1740 1635 37 75 of
1796 1635 55 75 the
1875 1635 102 75 elytra
1994 1635 38 75 or
2048 1635 195 75 cruftaceous
2258 1635 8 75 •

1261 1682 199 75 wing-cafes.

1212 1729 189 75 BYSSUS,
1427 1729 33 75 in
1485 1729 133 75 botany,
1655 1729 18 75 a
1697 1729 99 75 genus
1820 1729 40 75 of
1878 1729 110 75 moffes
2013 1729 172 75 belonging
2208 1729 35 75 to

1258 1775 56 75 the
1336 1775 217 75 cryptogamia
1578 1775 88 75 algae.
1715 1775 77 75 The
1815 1775 160 75 character
1998 1775 26 75 is
2041 1775 93 75 taken
2159 1775 84 75 from

1261 1820 63 75 this
1343 1820 236 75 circumftance,
1604 1820 68 75 that
1689 1820 79 75 they
1784 1820 52 75 are
1856 1820 135 75 covered
2007 1820 79 75 with
2104 1820 140 75 a’fimple

1261 1867 152 75 capillary
1429 1867 139 75 filament
1585 1867 35 75 or
1637 1867 106 75 down,
1762 1867 267 75 refembling.foft
2045 1867 81 75 duft.
2168 1867 75 75 The

1260 1913 116 75 fpecies
1395 1913 53 75 are
1466 1913 53 75 15,
1544 1913 41 75 all
1602 1913 120 75 natives
1739 1913 41 75 of
1798 1913 138 75 Britain.

1213 1959 190 75 BYSSUS,
1429 1959 32 75 in
1480 1959 169 75 antiquity,
1674 1959 75 75 that
1762 1959 60 75 fine
1839 1959 162 75 Egyptian
2019 1959 83 75 linen
2120 1959 121 75 where-

1261 2004 40 75 of
1320 2004 54 75 the
1391 2004 102 75 tunics
1511 2004 38 75 of
1569 2004 53 75 the
1637 2004 121 75 Jewifh'
1769 2004 107 75 priefts
1894 2004 82 75 were
1994 2004 105 75 made.

1305 2050 95 75 Philo
1416 2050 80 75 fays,
1522 2050 70 75 that
1609 2050 54 75 the
1686 2050 104 75 byflus
1808 2050 25 75 is
1851 2050 54 75 the
1928 2050 128 75 cleareft
2077 2050 61 75 and
2163 2050 77 75 moft

1258 2096 166 75 beautiful,
1447 2096 55 75 the
1518 2096 137 75 whiteft,
1679 2096 160 75 ftrongeft,
1865 2096 61 75 and
1952 2096 78 75 moft
2054 2096 100 75 glofly
2175 2096 64 75 fort

1257 2141 40 75 of
1326 2141 104 75 linen;
1456 2141 69 75 that
1553 2141 26 75 it
1605 2141 27 75 is
1661 2141 56 75 not
1746 2141 92 75 made
1856 2141 39 75 of
1915 2141 62 75 any
1992 2141 90 75 thing
2110 2141 126 75 mortal,

1257 2187 70 75 that
1342 2187 27 75 is
1381 2187 32 75 to
1423 2187 69 75 fay,
1517 2187 43 75 of
1577 2187 95 75 wool,
1698 2187 37 75 or
1751 2187 55 75 the
1823 2187 66 75 fkin
1906 2187 40 75 of
1954 2187 64 75 any
2034 2187 127 75 animal,
2180 2187 57 75 but

1256 2233 70 75 that
1342 2233 24 75 it
1390 2233 107 75 comes
1522 2233 56 75 out
1601 2233 40 75 of
1659 2233 54 75 the
1738 2233 102 75 earth,
1866 2233 62 75 and
1950 2233 145 75 becomes
2120 2233 116 75 always

1256 2278 123 75 whiter,
1416 2278 62 75 and
1505 2278 88 75 more
1616 2278 134 75 Ihining,
1776 2278 92 75 when
1897 2278 26 75 it
1950 2278 26 75 is
2004 2278 120 75 wa/hed
2153 2278 32 75 as
2209 2278 26 75 it

1256 2323 105 75 ftiould
1379 2323 52 75 be.

1208 2370 205 75 BYZANT.
1464 2370 60 75 See
1541 2370 177 75 Bezant.
1776 2370 39 75 ^

1205 2416 301 75 BYZANTIUM,
1543 2416 55 75 the
1626 2416 125 75 ancient
1767 2416 102 75 mame
1893 2416 39 75 of
1960 2416 270 75 Conftantinople,

1251 2461 59 75 See
1329 2461 371 75 Constantinople.

1203 2507 106 75 BZO,
1335 2507 17 75 a
1368 2507 87 75 town
1472 2507 39 75 of
1522 2507 126 75 Africa,
1674 2507 32 75 in
1724 2507 54 75 the
1795 2507 148 75 kingdom
1962 2507 38 75 of
2020 2507 172 75 Morocco,

1529 2557 18 75 8
1570 2557 37 75 0.

1 2855 22 75 1

575 2876 148 75 End
793 2876 81 75 of
945 2876 145 75 the
1155 2876 233 75 First
1454 2876 364 75 Volume,.
