2397 3387
442 156 40 75 A
538 156 44 75 U
642 156 42 75 D

1042 156 19 75 (
1118 156 81 75 50?
1262 156 17 75 )

1627 156 40 75 A
1728 156 39 75 V
1826 156 35 75 E

140 223 223 75 •withftanding
378 223 36 75 of
429 223 62 75 any
507 223 165 75 teftament
683 223 56 75 the
751 223 151 75 deceafed
913 223 96 75 could
1020 223 103 75 make.

141 272 54 75 An
213 272 195 75 ambafiador
424 272 26 75 is
468 272 57 75 not
540 272 120 75 fubjedt
676 272 37 75 to
728 272 55 75 the
807 272 85 75 right
920 272 40 75 of
983 272 139 75 aubane;

141 318 63 75 and
222 318 55 75 the
295 318 115 75 Switz,
430 318 195 75 Savoyards,
644 318 107 75 Scots,
770 318 60 75 and
847 318 206 75 Portuguefe,
1072 318 53 75 are

142 362 65 75 alfo
223 362 185 75 exempted,
435 362 93 75 being
544 362 134 75 deemed
695 362 120 75 natives
833 362 61 75 and
911 362 189 75 regnicoles.

94 410 146 75 AUBE,
267 410 19 75 a
305 410 83 75 river
404 410 40 75 of
455 410 135 75 France,
616 410 118 75 which,
760 410 111 75 arifing
887 410 31 75 in
936 410 55 75 the
1014 410 110 75 fouth-

142 457 62 75 eaft
227 457 71 75 part
323 457 40 75 of
385 457 233 75 Champaigne,
644 457 74 75 runs
746 457 201 75 north-weft,
974 457 60 75 and
1052 457 72 75 falls

143 501 69 75 into
229 501 54 75 the
301 501 96 75 Seine
413 501 105 75 below
534 501 135 75 Plancy.

96 547 236 75 AUBIGNE,
358 547 19 75 a
392 547 87 75 town
495 547 41 75 of
547 547 133 75 France,
706 547 32 75 in
753 547 55 75 the
824 547 150 75 province
990 547 40 75 of
1044 547 81 75 Ber-

143 594 50 75 ry,
219 594 63 75 and
298 594 207 75 government
521 594 40 75 of
573 594 149 75 Orleans,
747 594 133 75 fituated
896 594 33 75 in
948 594 18 75 2
966 576 23 49 0
1009 594 45 75 20
1080 594 44 75 JL.

143 640 88 75 long,
258 640 63 75 and
338 640 66 75 47°
428 640 28 75 3'
473 640 47 75 N.
538 640 58 75 lat.

96 686 168 75 AUBIN,
289 686 38 75 or
343 686 41 75 St
400 686 143 75 Aubin,
569 686 20 75 a
603 686 88 75 town
715 686 39 75 of
765 686 151 75 Brittany
932 686 31 75 in
981 686 143 75 France;

143 732 42 75 its
202 732 62 75 W.
282 732 90 75 long,
389 732 96 75 being
506 732 39 75 i°
568 732 54 75 30'
622 732 12 75 ,
660 732 121 75 andN.
799 732 58 75 lat.
876 732 66 75 48°
965 732 66 75 ij'.

98 777 144 75 Aubin,
268 777 32 75 in
327 777 245 75 horfemanfnip,
599 777 18 75 a
640 777 122 75 broken
790 777 77 75 kind
894 777 40 75 of
959 777 85 75 gate,
1070 777 55 75 be-

143 823 103 75 tween
264 823 39 75 an
320 823 102 75 amble
439 823 62 75 and
517 823 20 75 a
551 823 121 75 gallop,
697 823 177 75 accounted
890 823 19 75 a
925 823 117 75 defedt.

96 870 218 75 AUBURN,
340 870 18 75 a
369 870 227 75 market-town
614 870 32 75 in
657 870 205 75 Wilthlhire,
886 870 132 75 fituated
1030 870 97 75 about

145 918 45 75 24
217 918 91 75 miles
336 918 75 75 weft
437 918 41 75 of
500 918 161 75 Reading,
686 918 33 75 in
740 918 40 75 i°
799 918 46 75 40
845 900 9 49 ,
873 918 59 75 W.
950 918 89 75 long,
1065 918 64 75 and

148 963 63 75 ji°
233 963 54 75 30'
303 963 48 75 N.
368 963 59 75 lat.

96 1008 273 75 AUBUSSON,
400 1008 20 75 a
445 1008 88 75 town
559 1008 19 75 a
604 1008 136 75 France,
775 1008 32 75 in
832 1008 56 75 the
916 1008 151 75 province
1095 1008 41 75 of

142 1053 150 75 Marche,
311 1053 61 75 and
389 1053 207 75 government
608 1053 39 75 of
654 1053 145 75 Lyonois
811 1053 9 75 :
839 1053 44 75 E.
896 1053 89 75 long.
1004 1053 20 75 2
1024 1035 20 49 0
1062 1053 65 75 ij',

144 1098 64 75 and
222 1098 49 75 N.
288 1098 60 75 lat.
366 1098 42 75 45
408 1080 21 49 0
450 1098 54 75 55'
504 1098 12 75 .

98 1144 236 75 AUCTION,
360 1144 18 75 a
394 1144 77 75 kind
489 1144 39 75 of
539 1144 106 75 public
659 1144 77 75 fale,
761 1144 81 75 very
854 1144 94 75 much
965 1144 30 75 in
1008 1144 53 75 ufe
1077 1144 53 75 for

145 1190 307 75 houfehold-goods,
477 1190 114 75 books,
609 1190 97 75 plate,
726 1190 65 75 &c.
840 1190 52 75 By
909 1190 65 75 this
997 1190 134 75 method

146 1236 40 75 of
204 1236 62 75 fale
283 1236 55 75 the
354 1236 123 75 higheft
493 1236 112 75 bidder
620 1236 27 75 is
664 1236 117 75 always
798 1236 55 75 the
881 1236 113 75 buyer.
1042 1236 86 75 This

145 1282 63 75 was
221 1282 170 75 originally
411 1282 17 75 a
448 1282 76 75 kind
549 1282 40 75 of
611 1282 63 75 fale
699 1282 114 75 among
839 1282 54 75 the
918 1282 125 75 ancient
1059 1282 70 75 Ro-

145 1328 101 75 mans,
271 1328 183 75 performed
476 1328 43 75 by
536 1328 55 75 the
618 1328 108 75 public
748 1328 82 75 crier
844 1328 64 75 fub
928 1328 160 75 bafla,~t*
1098 1328 31 75 e.

143 1373 103 75 under
265 1373 19 75 a
299 1373 89 75 fpear
404 1373 88 75 ftuck
507 1373 43 75 up
572 1373 41 75 on
630 1373 71 75 that
717 1373 154 75 occafion,
897 1373 63 75 and
987 1373 43 75 by
1045 1373 86 75 fome

145 1419 193 75 magiftrate,
361 1419 75 75 who
452 1419 92 75 made
560 1419 86 75 good
660 1419 56 75 the
730 1419 65 75 fale
810 1419 44 75 by
865 1419 142 75 delivery
1024 1419 39 75 of
1075 1419 56 75 the

148 1466 114 75 goods.

100 1512 187 75 Auction
306 1512 35 75 by
358 1512 74 75 inch
448 1512 42 75 of
499 1512 126 75 candle.
675 1512 62 75 See
753 1512 173 75 Candle.

99 1559 152 75 AUDE,
277 1559 19 75 a
311 1559 84 75 river
410 1559 39 75 of
460 1559 135 75 France,
621 1559 117 75 which,
767 1559 110 75 taking
893 1559 41 75 its
951 1559 59 75 rife
1025 1559 32 75 in
1074 1559 55 75 the

146 1604 173 75 Pyrenees,
344 1604 74 75 runs
435 1604 201 75 northwards
663 1604 44 75 by
723 1604 79 75 Alet
823 1604 63 75 and
914 1604 210 75 Carcaflbne;

147 1651 62 75 and
223 1651 86 75 from
326 1651 114 75 thence
455 1651 129 75 turning
595 1651 153 75 eaftward
763 1651 141 75 through
920 1651 209 75 Languedoc,

147 1697 72 75 falls
236 1697 68 75 into
324 1697 55 75 the
396 1697 274 75 Mediterranean,
695 1697 19 75 a
730 1697 84 75 little
831 1697 34 75 to
882 1697 56 75 the
954 1697 176 75 north-eaft

150 1742 40 75 of
201 1742 190 75 Narbonne.

102 1788 294 75 AUDIANISM,
421 1788 55 75 the
492 1788 83 75 fame
590 1788 80 75 with
686 1788 342 75 anthropomorphifm.
1071 1788 61 75 See

148 1835 465 75 Anthropomorphites.

101 1880 268 75 AUDIENCE,
394 1880 92 75 given
507 1880 34 75 to
558 1880 223 75 ambafladors,
808 1880 192 75 ceremonies
1026 1880 106 75 obfer-

148 1925 61 75 ved
235 1925 33 75 in
295 1925 121 75 courts,
448 1925 33 75 at
509 1925 55 75 the
591 1925 160 75 admiffion
777 1925 39 75 of
839 1925 223 75 ambaffadors,
1094 1925 38 75 or

143 1972 110 75 public
269 1972 166 75 minifters,
457 1972 37 75 to
519 1972 17 75 a
551 1972 144 75 hearing.

196 2018 38 75 In
250 2018 162 75 England,
430 2018 152 75 audience
597 2018 27 75 is
641 2018 92 75 given
748 2018 35 75 to
799 2018 211 75 ambafladors
1026 2018 31 75 in
1074 2018 57 75 the

145 2063 334 75 prefence-chamber;
506 2063 34 75 to
565 2063 120 75 envoys
707 2063 62 75 and
785 2063 164 75 refidents,
977 2063 33 75 in
1027 2063 18 75 a
1061 2063 68 75 gal-

147 2108 81 75 lery,
253 2108 111 75 clofet,
388 2108 38 75 or
442 2108 32 75 in
491 2108 61 75 any
567 2108 90 75 place
673 2108 106 75 where
805 2108 55 75 the
884 2108 77 75 king
989 2108 140 75 happens

146 2155 37 75 to
199 2155 52 75 be.
299 2155 97 75 Upon
414 2155 94 75 being
525 2155 167 75 admitted,
717 2155 34 75 as
774 2155 26 75 is
817 2155 55 75 the
899 2155 118 75 cuftom
1035 2155 40 75 of
1087 2155 41 75 all

147 2201 122 75 courts,
286 2201 77 75 they
380 2201 90 75 make
487 2201 89 75 three
588 2201 101 75 bows,
714 2201 84 75 after
817 2201 105 75 which
941 2201 86 75 they“
1035 2201 95 75 cover

147 2247 62 75 and
225 2247 37 75 (it
289 2247 113 75 down;
428 2247 58 75 but
504 2247 57 75 not
583 2247 110 75 before
709 2247 55 75 the
779 2247 78 75 king
872 2247 27 75 is
915 2247 136 75 covered
1067 2247 62 75 and

147 2292 47 75 fat
217 2292 110 75 down,
354 2292 61 75 and
430 2292 58 75 has
505 2292 92 75 given
614 2292 88 75 them
719 2292 53 75 the
789 2292 63 75 fign
865 2292 36 75 to
917 2292 57 75 put
986 2292 41 75 on
1045 2292 84 75 their

145 2340 86 75 hats.

193 2384 111 75 When
321 2384 55 75 the
391 2384 77 75 king
484 2384 77 75 does
578 2384 56 75 not
651 2384 70 75 care
745 2384 35 75 to
801 2384 81 75 have
902 2384 87 75 them
1017 2384 110 75 cover-

147 2431 52 75 ed,
218 2431 62 75 and
296 2431 48 75 fit,
362 2431 41 75 he
420 2431 130 75 himfelf
561 2431 104 75 ftands
681 2431 200 75 uncovered;
907 2431 106 75 which
1033 2431 27 75 is
1077 2431 34 75 ta

148 2477 64 75 ken
230 2477 34 75 as
289 2477 17 75 a
322 2477 106 75 flight.

194 2522 47 75 At
258 2522 271 75 Conftantinople,
553 2522 153 75 minifters
721 2522 124 75 ufually
870 2522 83 75 have
976 2522 151 75 audience

147 2569 40 75 of
199 2569 54 75 the
269 2569 100 75 prime
385 2569 112 75 vizier.

100 2614 87 75 Aud
195 2614 9 75 1
212 2614 43 75 en
264 2614 166 75 c..-court,
457 2614 18 75 a
498 2614 92 75 court
614 2614 171 75 belonging
809 2614 36 75 to
868 2614 56 75 the
937 2614 189 75 archbiflrop

147 2660 40 75 of
206 2660 216 75 Canterbury,
456 2660 39 75 of
515 2660 92 75 equal
632 2660 161 75 authority
817 2660 78 75 with
919 2660 55 75 the
999 2660 127 75 arches-

147 2706 103 75 court,
276 2706 123 75 though
416 2706 132 75 inferior
572 2706 79 75 both
676 2706 32 75 in
732 2706 125 75 dignity
874 2706 61 75 and
952 2706 172 75 antiquity.

145 2753 76 75 The
239 2753 134 75 original
389 2753 41 75 of
440 2753 64 75 this
521 2753 90 75 court
624 2753 77 75 was,
717 2753 132 75 becaufe
861 2753 60 75 the
941 2753 185 75 archbiftiop

146 2798 40 75 of
198 2798 205 75 Canterbury
420 2798 99 75 heard
543 2798 118 75 feveral
686 2798 106 75 caufes
818 2798 258 75 extrajudicially
1093 2798 33 75 at

123 2847 5 75 -
145 2847 94 75 home
263 2847 32 75 in
310 2847 23 75 h
346 2847 15 75 s
377 2847 72 75 own
478 2847 106 75 palace
600 2847 11 75 ;
637 2847 31 75 in
680 2847 8 75 '
688 2847 114 75 which,
831 2847 111 75 before
958 2847 41 75 he
1016 2847 108 75 would

146 2890 109 75 finally
279 2890 173 75 determine
480 2890 61 75 any
571 2890 103 75 thing,
714 2890 41 75 he
785 2890 121 75 ufually
939 2890 186 75 committed

146 2936 86 75 them
257 2936 35 75 to
309 2936 38 75 be
365 2936 152 75 difcuffed
537 2936 42 75 by
603 2936 72 75 men
700 2936 128 75 learned
845 2936 30 75 in
894 2936 53 75 the
961 2936 74 75 civil
1060 2936 64 75 and

145 2981 100 75 canon
267 2981 90 75 laws,
381 2981 119 75 whom,
517 2981 189 75 thereupon,
724 2981 40 75 he
780 2981 104 75 called
894 2981 50 75 his
956 2981 142 75 auditors
1110 2981 11 75 ;

193 3029 100 75 Vol.
319 3029 30 75 I.
398 3029 71 75 No.
489 3029 56 75 22.

1063 3029 18 75 3

1220 220 61 75 and
1297 220 34 75 fo
1348 220 30 75 in
1396 220 77 75 time
1490 220 25 75 it
1531 220 129 75 became
1680 220 55 75 the
1759 220 108 75 power
1893 220 40 75 of
1951 220 54 75 the
2033 220 71 75 man
2130 220 73 75 wh©

1220 267 26 75 is
1263 267 103 75 called
1381 267 172 75 caufarum
1569 267 261 75 negotiorumque
1844 267 162 75 audentia
2023 267 178 75 Cantuari-

1221 313 79 75 enfis
1316 313 145 75 auditor,
1487 313 55 75 feu
1566 313 178 75 officinalis.

1174 358 155 75 Chamber
1350 358 43 75 of
1402 358 219 75 Audience.
1673 358 61 75 See
1751 358 205 75 Chamber.

1172 407 173 75 AUDIT,
1371 407 18 75 a
1409 407 128 75 regular
1561 407 132 75 hearing
1717 407 63 75 and
1804 407 216 75 examination
2037 407 40 75 of
2096 407 38 75 ah
2151 407 53 75 ac-

1220 451 97 75 count
1334 451 43 75 by
1393 451 85 75 fome
1496 451 115 75 proper
1630 451 137 75 officers,
1793 451 172 75 appointed
1976 451 50 75 for
2044 451 70 75 that
2130 451 74 75 pur-

1224 498 85 75 pofe.

1176 545 241 75 AUDITOR,
1442 545 33 75 in
1492 545 18 75 a
1525 545 127 75 general
1672 545 97 75 fenfe,
1795 545 20 75 a
1840 545 125 75 hearer,
1992 545 37 75 or
2052 545 59 75 one
2134 545 74 75 who

1221 591 110 75 liftens'
1342 591 64 75 and
1421 591 126 75 attends
1571 591 36 75 to
1624 591 62 75 any
1701 591 104 75 thing.

1174 638 202 75 Auditor,
1402 638 172 75 according
1598 638 35 75 to
1658 638 59 75 our
1737 638 74 75 law,
1836 638 27 75 is
1887 638 39 75 an
1954 638 108 75 officer
2089 638 40 75 of
2153 638 54 75 the

1220 682 88 75 king,
1333 682 38 75 or
1387 682 86 75 fome
1490 682 93 75 other
1602 682 91 75 great
1708 682 126 75 perfon,
1860 682 86 75 who,
1966 682 42 75 by
2025 682 182 75 examining

1227 728 110 75 yearly
1353 728 56 75 the
1428 728 150 75 accounts
1595 728 40 75 of
1656 728 53 75 the
1728 728 257 75 under-officers,
2010 728 107 75 makes
2135 728 40 75 up
2192 728 19 75 a

1222 775 125 75 general
1366 775 98 75 book,
1489 775 78 75 with
1596 775 55 75 the
1678 775 173 75 difference
1879 775 141 75 between
2047 775 82 75 their
2158 775 50 75 ic-

1222 821 99 75 ceipts
1339 821 61 75 and
1416 821 144 75 charges,
1580 821 62 75 and
1652 821 84 75 their
1752 821 188 75 allowances
1958 821 34 75 to
2009 821 198 75 allocations.

1176 869 187 75 Auditor
1380 869 44 75 of
1431 869 53 75 the
1502 869 146 75 receipts,
1674 869 26 75 is
1718 869 38 75 an
1773 869 109 75 officer
1898 869 40 75 of
1953 869 55 75 the
2024 869 185 75 exchequer

1223 913 73 75 who
1320 913 67 75 files
1413 913 56 75 the
1492 913 108 75 tellers
1626 913 85 75 bills,
1737 913 107 75 makes
1869 913 39 75 an
1926 913 94 75 entry
2044 913 40 75 of
2104 913 101 75 them,

1224 960 61 75 and
1301 960 86 75 gives
1412 960 56 75 the
1490 960 244 75 lord-treafurer
1762 960 18 75 a
1804 960 172 75 certificate
2002 960 39 75 of
2064 960 55 75 the
2137 960 69 75 mo-

1223 1006 63 75 ney
1309 1006 148 75 received
1472 1006 55 75 the
1545 1006 90 75 week
1645 1006 123 75 before.
1817 1006 54 75 He
1888 1006 65 75 alfo
1970 1006 107 75 makes
2090 1006 118 75 deben-

1224 1052 86 75 tures
1336 1052 34 75 to
1394 1052 97 75 every
1507 1052 104 75 teller,
1637 1052 111 75 before
1772 1052 77 75 they
1866 1052 121 75 receive
2004 1052 62 75 any
2080 1052 128 75 money,

1224 1097 62 75 and
1302 1097 73 75 take
1392 1097 85 75 their
1495 1097 163 75 accounts.
1706 1097 53 75 He
1776 1097 96 75 keeps
1889 1097 55 75 the
1961 1097 95 75 black
2071 1097 87 75 book
2174 1097 41 75 of

1224 1144 148 75 receipts,
1398 1144 61 75 and
1476 1144 54 75 the
1548 1144 181 75 treafurer’s
1746 1144 64 75 key
1829 1144 40 75 of
1884 1144 55 75 the
1966 1144 156 75 treafury,
2148 1144 62 75 and

1224 1191 65 75 fees
1307 1191 95 75 every
1418 1191 121 75 teller’s
1556 1191 115 75 money
1689 1191 117 75 locked
1822 1191 42 75 up
1888 1191 33 75 in
1945 1191 56 75 the
2029 1191 72 75 new
2125 1191 84 75 trea-

1225 1235 83 75 fury.

1177 1283 202 75 Auditors
1398 1283 43 75 of
1446 1283 53 75 the
1516 1283 149 75 revenue,
1691 1283 38 75 or
1744 1283 40 75 of
1795 1283 55 75 the
1862 1283 197 75 exchequer,
2082 1283 127 75 officers

1224 1328 73 75 who
1313 1328 75 75 take
1404 1328 55 75 the
1475 1328 150 75 accounts
1643 1328 40 75 of
1701 1328 89 75 thofe
1815 1328 74 75 who
1916 1328 113 75 colle<fl
2046 1328 54 75 the
2118 1328 89 75 reve-

1223 1375 76 75 nues
1316 1375 63 75 and
1395 1375 91 75 taxes
1515 1375 101 75 raifed
1632 1375 44 75 by
1692 1375 200 75 parliament,
1918 1375 63 75 and
1997 1375 74 75 take
2086 1375 56 75 the
2158 1375 52 75 ac-

1225 1421 111 75 counts
1353 1421 40 75 of
1411 1421 55 75 the
1488 1421 135 75 ffieriffs,
1648 1421 192 75 efcheators,
1866 1421 178 75 colleftots,
2070 1421 138 75 tenants,

1225 1467 63 75 and
1305 1467 183 75 cuftomers,
1505 1467 63 75 and
1582 1467 47 75 fet
1645 1467 89 75 them
1749 1467 95 75 down
1860 1467 33 75 in
1910 1467 18 75 a
1944 1467 98 75 book,
2060 1467 61 75 and
2137 1467 72 75 per-

1225 1513 62 75 fedt
1306 1513 102 75 them.

1178 1559 208 75 Auditors
1404 1559 43 75 of
1453 1559 53 75 the
1522 1559 88 75 prejl
1633 1559 71 75 and
1717 1559 141 75 imprejl,
1884 1559 53 75 are
1960 1559 124 75 officers
2102 1559 41 75 of
2153 1559 56 75 the

1226 1604 196 75 exchequer,
1447 1604 74 75 who
1550 1604 74 75 take
1648 1604 62 75 and
1738 1604 93 75 make
1858 1604 42 75 up
1924 1604 55 75 the
2006 1604 150 75 accounts
2173 1604 40 75 of

1225 1651 139 75 Ireland,
1390 1651 162 75 Berwick,
1577 1651 56 75 the
1653 1651 93 75 mint,
1772 1651 63 75 and
1859 1651 41 75 of
1920 1651 62 75 any
2009 1651 117 75 money
2150 1651 58 75 im-

1226 1697 119 75 preffed
1362 1697 35 75 to
1413 1697 62 75 any
1495 1697 70 75 man
1589 1697 51 75 for
1656 1697 55 75 the
1731 1697 104 75 king’s
1852 1697 131 75 fervice.

1179 1744 208 75 Auditors
1406 1744 178 75 collegiate,
1610 1744 203 75 conventual,
1838 1744 61 75 See.
1924 1744 125 75 officers
2073 1744 135 75 former-

1224 1790 34 75 ly
1283 1790 171 75 appointed
1481 1790 32 75 in
1541 1790 151 75 colleges,
1718 1790 65 75 &c.
1814 1790 35 75 to
1874 1790 147 75 examine
2049 1790 63 75 and
2138 1790 69 75 pafs

1226 1836 84 75 their
1326 1836 164 75 accounts.

1179 1883 223 75 Auditory
1421 1883 125 75 nerves,
1567 1883 32 75 in
1617 1883 162 75 anatomy.
1830 1883 62 75 See
1908 1883 33 75 p.
1962 1883 79 75 249.

1179 1929 152 75 AVAIL
1360 1929 43 75 of
1421 1929 179 75 marriage,
1625 1929 31 75 in
1686 1929 94 75 Scots
1809 1929 73 75 law,
1907 1929 70 75 that
2012 1929 140 75 cafualty
2175 1929 31 75 in

1225 1975 250 75 ward-holding,
1500 1975 43 75 by
1561 1975 103 75 which
1683 1975 56 75 the
1755 1975 141 75 fuperior
1914 1975 63 75 was
1994 1975 125 75 intitled
2138 1975 35 75 to
2190 1975 18 75 a

1225 2022 118 75 certain
1361 2022 67 75 fum
1445 2022 83 75 from
1546 2022 49 75 his
1612 2022 108 75 vaffal,
1745 2022 84 75 upon
1846 2022 49 75 his
1909 2022 154 75 attaining
2077 2022 57 75 the
2150 2022 59 75 age

1226 2067 39 75 of
1277 2067 148 75 puberty,
1450 2067 33 75 as
1500 2067 55 75 the
1572 2067 92 75 value
1680 2067 38 75 or
1735 2067 80 75 avail
1841 2067 40 75 of
1897 2067 50 75 his
1971 2067 124 75 tocher.
2146 2067 61 75 See

1225 2114 122 75 Scots
1367 2114 104 75 Law,
1497 2114 53 75 tit.
1577 2114 53 75 Of
1637 2114 170 75 cafualties
1825 2114 61 75 due
1903 2114 31 75 to
1951 2114 52 75 the
2009 2114 167 75 fuperior.

1177 2160 166 75 AVEIN,
1368 2160 20 75 a
1402 2160 87 75 town
1514 2160 31 75 in
1570 2160 55 75 the
1641 2160 107 75 duchy
1764 2160 39 75 of
1815 2160 225 75 Luxemburg,
2064 2160 141 75 remark-

1224 2206 68 75 able
1309 2206 52 75 for
1377 2206 19 75 a
1416 2206 121 75 vidtory
1552 2206 105 75 which
1674 2206 56 75 the
1750 2206 125 75 French
1892 2206 149 75 obtained
2057 2206 77 75 over
2151 2206 54 75 the

1225 2252 171 75 Spaniards
1412 2252 33 75 in
1467 2252 100 75 1635.

1174 2298 286 75 AVELLANA,
1485 2298 31 75 in
1533 2298 132 75 botany.
1715 2298 61 75 See
1799 2298 201 75 Corylus.

1174 2345 211 75 Avellana
1398 2345 192 75 purgatrix,
1616 2345 17 75 a
1660 2345 91 75 name
1777 2345 179 75 fometimes
1984 2345 93 75 given
2094 2345 35 75 to
2145 2345 57 75 the

1221 2389 77 75 fruit
1318 2389 39 75 of
1370 2389 54 75 the
1442 2389 128 75 ricinus.
1620 2389 61 75 See
1697 2389 183 75 Ricinus.

1170 2437 281 75 AVELLANE,
1469 2437 31 75 in
1512 2437 161 75 heraldry,
1685 2437 18 75 a
1714 2437 98 75 crofs,
1826 2437 54 75 the
1892 2437 145 75 quarters
2050 2437 40 75 of
2098 2437 104 75 which

1219 2482 171 75 fomewhat
1418 2482 151 75 refemble
1596 2482 19 75 a
1641 2482 191 75 filbert-nut.
1885 2482 159 75 Sylvanus
2060 2482 141 75 Morgan

1219 2528 81 75 fays,
1325 2528 70 75 that
1411 2528 26 75 it
1460 2528 27 75 is
1514 2528 55 75 the
1598 2528 83 75 crofs
1699 2528 105 75 which
1821 2528 120 75 enfignS
1959 2528 54 75 the
2030 2528 119 75 mound
2166 2528 41 75 of

1220 2574 178 75 authority,
1424 2574 36 75 or
1477 2574 55 75 the
1553 2574 191 75 fovereign’s
1762 2574 107 75 globe.

1172 2622 266 75 AVELLINO,
1465 2622 19 75 a
1500 2622 85 75 town
1603 2622 41 75 of
1660 2622 54 75 the
1737 2622 155 75 kingdom
1916 2622 39 75 of
1977 2622 135 75 Naples,
2137 2622 63 75 and

1219 2667 148 75 province
1396 2667 39 75 of
1454 2667 194 75 Principata,
1671 2667 137 75 fituated
1836 2667 96 75 about
1957 2667 40 75 25
2023 2667 89 75 miles
2136 2667 64 75 eaft

1220 2714 39 75 of
1271 2714 53 75 the
1341 2714 67 75 city
1430 2714 39 75 of
1489 2714 136 75 Naples,
1643 2714 8 75 '
1651 2714 32 75 in
1711 2714 59 75 iy°
1797 2714 45 75 20
1868 2714 44 75 E.
1929 2714 87 75 long,
2043 2714 62 75 and
2133 2714 41 75 41
2174 2696 23 49 0

1219 2760 45 75 N.
1284 2760 57 75 lat.

1171 2806 288 75 AVE-MARIA,
1483 2806 57 75 the
1565 2806 91 75 angel
1683 2806 164 75 Gabriel’s
1875 2806 179 75 fallutation
2079 2806 41 75 of
2141 2806 57 75 the

1220 2852 52 75 the
1288 2852 115 75 Virgin
1420 2852 109 75 Mary,
1555 2852 92 75 when
1664 2852 40 75 he
1721 2852 138 75 brought
1879 2852 59 75 her
1953 2852 56 75 the
2026 2852 116 75 tidings
2162 2852 41 75 of

1218 2898 55 75 the
1296 2898 288 75 incarnation.—It
1603 2898 26 75 is
1657 2898 130 75 become
1812 2898 18 75 a
1857 2898 113 75 prayer
1998 2898 38 75 or
2062 2898 83 75 form
2162 2898 40 75 of

1218 2945 147 75 devotion
1382 2945 32 75 in
1437 2945 54 75 the
1509 2945 129 75 Romifli
1657 2945 132 75 church.
1836 2945 106 75 Their
1965 2945 141 75 chaplets
2134 2945 63 75 and

1217 2993 130 75 rofaries
1365 2993 53 75 are
1435 2993 128 75 divided
1579 2993 68 75 into
1674 2993 34 75 fo
1736 2993 95 75 many
1858 2993 200 75 ave-maries,
2084 2993 60 75 and
2162 2993 34 75 fo

1713 3042 20 75 6
1757 3042 41 75 M

2103 3042 95 75 many
