2397 3387
446 133 238 75 BAN

120 210 149 75 augment
286 210 54 75 the
362 210 100 75 flock,
487 210 44 75 by
548 210 110 75 reafon
683 210 41 75 of
744 210 55 75 the
822 210 119 75 liberty
956 210 41 75 of
1013 210 94 75 with-

122 252 145 75 drawing
278 252 84 75 their
380 252 115 75 money
512 252 32 75 at
562 252 155 75 pleafure,
743 252 64 75 <kfc.

73 302 345 75 BANKAFALET,
445 302 18 75 a
479 302 92 75 game
588 302 31 75 at
636 302 105 75 cards,
767 302 105 75 which
887 302 94 75 being
993 302 53 75 cut
1059 302 48 75 in-

122 352 33 75 to
176 352 33 75 as
226 352 95 75 many
333 352 96 75 heaps
446 352 33 75 as
497 352 91 75 there
608 352 53 75 are
674 352 140 75 players,
838 352 96 75 every
952 352 72 75 man
1040 352 69 75 lays

121 399 33 75 as
171 399 96 75 much
283 399 116 75 money
415 399 41 75 on
469 399 50 75 his
536 399 73 75 own
621 399 76 75 card
710 399 33 75 as
755 399 41 75 he
808 399 118 75 pleafes
938 399 10 75 ;
975 399 60 75 and
1054 399 56 75 the

122 444 107 75 dealer
245 444 79 75 wins
338 444 150 75 orloofes
506 444 34 75 as
558 444 95 75 many
664 444 33 75 as
715 444 48 75 his
781 444 76 75 card
873 444 27 75 is
916 444 140 75 fuperior
1073 444 37 75 or

122 490 133 75 inferior
271 490 35 75 to
323 490 90 75 thofe
430 490 40 75 of
482 490 55 75 the
554 490 95 75 other
666 490 181 75 gameflers.

170 538 75 75 The
256 538 66 75 befl
339 538 76 75 card
440 538 27 75 is
485 538 55 75 the
557 538 55 75 ace
629 538 39 75 of
687 538 167 75 diamonds
869 538 10 75 ;
907 538 55 75 the
979 538 78 75 next
1076 538 35 75 to

124 585 38 75 it,
179 585 55 75 the
246 585 55 75 ace
314 585 40 75 of
365 585 108 75 hearts
491 585 7 75 ;
526 585 76 75 then
621 585 54 75 the
688 585 54 75 ace
754 585 34 75 ot
805 585 89 75 clubs
909 585 11 75 ;
946 585 74 75 and,
1040 585 70 75 lalt-

123 631 46 75 ly,
188 631 56 75 the
261 631 54 75 ace
328 631 39 75 of
379 631 111 75 fpades
505 631 9 75 :
542 631 77 75 And
631 631 32 75 fo
681 631 40 75 of
732 631 56 75 the
804 631 60 75 reft
881 631 40 75 of
931 631 86 75 thefe
1035 631 75 75 fuits

124 679 31 75 in
172 679 108 75 order,
307 679 174 75 according
497 679 36 75 to
550 679 83 75 their
650 679 129 75 degree.

172 724 76 75 The
265 724 92 75 cheat
374 724 58 75 lies
449 724 30 75 in
497 724 144 75 fecuring
654 724 39 75 an
711 724 66 75 ace,
795 724 38 75 or
852 724 61 75 any
930 724 93 75 other
1040 724 71 75 fare

126 771 141 75 winning
284 771 75 75 card
374 771 9 75 ;
410 771 105 75 which
539 771 53 75 are
615 771 160 75 lomehow
799 771 158 75 marked,-
969 771 71 75 that
1057 771 57 75 the

127 817 126 75 fharper
269 817 73 75 may
356 817 98 75 know
470 817 100 75 them.

79 866 214 75 BANKER,
319 866 17 75 a
352 866 113 75 perfon
483 866 73 75 who
573 866 119 75 traffics
713 866 61 75 and
792 866 179 75 negociates
994 866 33 75 in
1045 866 69 75 mo-

127 911 81 75 ney;
245 911 72 75 who
341 911 137 75 receives
504 911 63 75 and
591 911 110 75 remits
726 911 116 75 money
865 911 88 75 from
975 911 88 75 place
1080 911 36 75 to

126 958 88 75 place
231 958 43 75 by
285 958 190 75 commiffion
493 958 86 75 from
595 958 277 75 correfpondents,
899 958 39 75 or
954 958 42 75 by
1009 958 110 75 means

127 1004 39 75 of
178 1004 73 75 bills
269 1004 37 75 or
322 1004 111 75 letters
445 1004 39 75 of
496 1004 180 75 exchange.

79 1052 228 75 BANKlSH,
334 1052 17 75 a
376 1052 150 75 province
542 1052 39 75 of
604 1052 56 75 the
687 1052 146 75 Mogul’s
862 1052 194 75 dominions,
1084 1052 33 75 in

128 1098 55 75 the
200 1098 96 75 north
314 1098 70 75 part
397 1098 40 75 of
448 1098 55 75 the
520 1098 119 75 Hither
655 1098 106 75 India,
784 1098 89 75 lying
885 1098 94 75 fouth
996 1098 75 75 weft
1083 1098 41 75 of

128 1145 56 75 the
200 1145 150 75 province
362 1145 40 75 of
414 1145 181 75 Caffimere.

83 1194 189 75 Comraijjiin
290 1194 393 75 0/BANKRUPTCY.
734 1194 61 75 See
808 1194 281 75 Commission.

81 1239 148 75 BANN,
255 1239 37 75 or
308 1239 96 75 Ban,
430 1239 31 75 in
474 1239 56 75 the
547 1239 108 75 feudal
672 1239 74 75 law,
772 1239 17 75 a
802 1239 120 75 folemn
939 1239 177 75 proclama-

131 1284 67 75 tion
215 1284 38 75 or
277 1284 197 75 publication
499 1284 39 75 of
558 1284 60 75 any
636 1284 105 75 thing.
787 1284 115 75 Hence
923 1284 55 75 the
999 1284 120 75 cuftom

129 1331 40 75 of
189 1331 121 75 afking,
347 1331 38 75 or
413 1331 91 75 bans,
541 1331 111 75 before
683 1331 171 75 marriage.
916 1331 64 75 See
1005 1331 111 75 Mar-

135 1377 134 75 riage.

82 1424 123 75 Bann,
231 1424 32 75 in
280 1424 141 75 military
445 1424 121 75 affairs,
591 1424 19 75 a
638 1424 231 75 proclamation
896 1424 93 75 made
1016 1424 32 75 in
1065 1424 56 75 the

132 1470 89 75 army
249 1470 43 75 by
308 1470 74 75 beat
408 1470 40 75 of
471 1470 107 75 drum,
612 1470 100 75 found
737 1470 39 75 of
799 1470 153 75 trumpet,
979 1470 63 75 <bc.
1071 1470 49 75 re-

132 1517 128 75 quiring
276 1517 55 75 the
359 1517 85 75 ftridt
468 1517 190 75 obfervance
681 1517 41 75 of
744 1517 184 75 difcipline,-
946 1517 103 75 either
1069 1517 52 75 for

132 1564 55 75 the
203 1564 164 75 declaring
384 1564 18 75 a
417 1564 71 75 new
505 1564 121 75 officer,
652 1564 36 75 or
705 1564 165 75 puniffiing
895 1564 39 75 an
960 1564 158 75 offender.

85 1611 108 75 Bann
212 1611 43 75 of
269 1611 54 75 the
345 1611 133 75 empire,
511 1611 39 75 an
575 1611 145 75 imperial
745 1611 222 75 profcription,
992 1611 95 75 being
1104 1611 19 75 a

130 1657 132 75 judicial
288 1657 210 75 puniffiment,
527 1657 188 75 wherewith
741 1657 75 75 fuch
842 1657 33 75 as
897 1657 53 75 are
967 1657 156 75 acceflary

135 1704 34 75 to
186 1704 175 75 difturbing
378 1704 55 75 the
456 1704 107 75 public
579 1704 95 75 peace
699 1704 51 75 are
764 1704 125 75 judged
904 1704 173 75 unworthy
1087 1704 41 75 of

134 1750 55 75 the
203 1750 195 75 immunities
423 1750 61 75 and
501 1750 175 75 prote&ion
694 1750 39 75 of
752 1750 56 75 the
832 1750 132 75 empire,
990 1750 61 75 and
1068 1750 55 75 are

135 1796 177 75 out-lawed
330 1796 37 75 or
379 1796 160 75 baniffied,
559 1796 74 75 be..

88 1844 323 75 BANNAGHER,
448 1844 18 75 a
498 1844 87 75 town
618 1844 41 75 of
684 1844 140 75 Ireland,
865 1844 33 75 in
930 1844 55 75 the
1017 1844 105 75 king’s

137 1890 129 75 county,
291 1890 62 75 and
370 1890 149 75 province
531 1890 41 75 of
583 1890 158 75 Leinfter,
766 1890 132 75 lituated
913 1890 40 75 on
966 1890 55 75 the
1039 1890 84 75 river

138 1936 163 75 Shannon,
328 1936 41 75 8°
386 1936 61 75 W.
465 1936 89 75 long,
579 1936 62 75 and
661 1936 40 75 53
701 1918 25 49 0
751 1936 51 75 ic/
818 1936 47 75 N.
883 1936 60 75 lat.

88 1984 202 75 BANNER
307 1984 132 75 denotes
455 1984 104 75 either
575 1984 18 75 a
610 1984 112 75 fquare
738 1984 78 75 flag,
839 1984 37 75 or
896 1984 55 75 the
967 1984 158 75 principal

135 2031 146 75 ftandard
298 2031 174 75 belonging
487 2031 35 75 to
539 2031 19 75 a
573 2031 125 75 prince.

88 2077 283 75 BANNERET,
398 2077 37 75 an
458 2077 124 75 ancient
604 2077 99 75 order
723 2077 37 75 of
782 2077 143 75 knights,
951 2077 38 75 or
1013 2077 114 75 feudal

138 2122 100 75 lords,
264 2122 87 75 who,
369 2122 160 75 poffeffing
544 2122 119 75 feveral
679 2122 88 75 large
782 2122 80 75 fees,
887 2122 52 75 led
955 2122 84 75 their
1055 2122 70 75 vaf-

137 2168 60 75 fals
214 2168 35 75 to
274 2168 99 75 battle
390 2168 101 75 under
516 2168 84 75 their
624 2168 71 75 own
720 2168 74 75 flag,
821 2168 93 75 when
938 2168 187 75 fummoned

139 2214 126 75 thereto
281 2214 43 75 by
341 2214 55 75 the
413 2214 90 75 king.

91 2263 347 75 BANNISTERIA,
463 2263 32 75 in
512 2263 133 75 botany,
670 2263 18 75 a
705 2263 98 75 genus
820 2263 41 75 of
879 2263 54 75 the
951 2263 174 75 decandria

140 2308 139 75 trigynia
295 2308 91 75 clafs.
434 2308 75 75 The
522 2308 86 75 calix
620 2308 26 75 is
658 2308 130 75 divided
800 2308 69 75 into
888 2308 16 75 5
924 2308 100 75 parts,
1044 2308 78 75 with

138 2355 18 75 a
172 2355 170 75 nedtarium
361 2355 32 75 at
409 2355 55 75 the
481 2355 72 75 bafe
565 2355 40 75 of
616 2355 77 75 each
705 2355 10 75 ;
742 2355 56 75 the
817 2355 99 75 petals
934 2355 53 75 are
1004 2355 119 75 round-

137 2401 45 75 iffi
199 2401 61 75 and
277 2401 227 75 unguiculated
518 2401 10 75 ;
555 2401 55 75 the
629 2401 122 75 capfule
768 2401 143 75 contains
932 2401 16 75 3
967 2401 158 75 membra-

138 2445 137 75 naceous
300 2445 108 75 alated
430 2445 94 75 feeds
580 2445 76 75 The
677 2445 122 75 fpecies
813 2445 52 75 are
886 2445 32 75 7,
945 2445 40 75 all
1003 2445 125 75 natives

139 2494 40 75 of
191 2494 164 75 America.

93 2542 271 75 BANNIMUS,
395 2542 55 75 the
478 2542 84 75 form
586 2542 39 75 of
647 2542 165 75 expulfion
838 2542 41 75 of
902 2542 60 75 any
985 2542 146 75 member

139 2587 84 75 from
246 2587 55 75 the
325 2587 169 75 univerfity
514 2587 40 75 of
577 2587 144 75 Oxford,
747 2587 42 75 by
813 2587 134 75 affixing
972 2587 56 75 the
1056 2587 69 75 fen-

139 2634 92 75 tence
258 2634 43 75 up
336 2634 34 75 in
403 2634 85 75 fome
510 2634 108 75 public
648 2634 115 75 place,,
791 2634 33 75 as
853 2634 21 75 a
902 2634 228 75 denunciation

143 2680 39 75 of
194 2680 37 75 it.

95 2728 252 75 BANNOCK,
373 2728 19 75 a
408 2728 76 75 kind
501 2728 40 75 of
551 2728 173 75 oat-cake,,
737 2728 104 75 baked
868 2728 32 75 in
917 2728 54 75 the
989 2728 143 75 embers,

140 2773 37 75 or
192 2773 42 75 on
252 2773 18 75 a
286 2773 86 75 ftone
399 2773 113 75 placed
527 2773 110 75 before
654 2773 62 75 the.
726 2773 56 75 fire
798 2773 8 75 :
834 2773 34 75 It
886 2773 255 75 is,common.in,

141 2820 54 75 the
209 2820 153 75 northern
380 2820 87 75 parts
484 2820 40 75 of
536 2820 62 75 this
616 2820 166 75 kingdom.

94 2868 28 75 B
128 2868 193 75 ANNUM,
346 2868 32 75 in
397 2868 73 75 law,
496 2868 133 75 fignifies
644 2868 53 75 the
710 2868 115 75 utmoft
839 2868 124 75 bounds
976 2868 40 75 of
1026 2868 18 75 a
1061 2868 67 75 ma*-

143 2913 57 75 nor
216 2913 38 75 or
270 2913 104 75 town.-

97 2964 251 75 BANQUET,
382 2964 19 75 a
424 2964 79 75 feaft
527 2964 37 75 or
586 2964 257 75 entertainment,
876 2964 108 75 where
1015 2964 114 75 people

1616 125 230 75 BAP

1206 201 106 75 regale
1336 201 191 75 themfelves
1551 201 78 75 with
1656 201 140 75 pleafant
1819 201 107 75 foods,
1950 201 37 75 or
2007 201 109 75 fruits,
2165 201 45 75 fe

1205 247 132 75 fignifies
1351 247 64 75 alfo
1435 247 18 75 a
1468 247 85 75 little
1571 247 95 75 bank,
1692 247 39 75 or
1743 247 100 75 raifed
1860 247 82 75 way.

1159 295 203 75 Banquet,
1388 295 32 75 in
1437 295 55 75 the
1510 295 143 75 menage,
1679 295 71 75 that
1763 295 89 75 fmall
1869 295 72 75 part
1957 295 40 75 of
2008 295 55 75 the
2076 295 129 75 branch'

1206 342 40 75 of
1259 342 18 75 a
1293 342 102 75 bridle
1412 342 71 75 that
1499 342 26 75 is
1542 342 102 75 under
1656 342 55 75 the
1724 342 69 75 eye,
1821 342 106 75 which
1944 342 95 75 being
2053 342 146 75 rounded

1207 389 63 75 like
1288 389 18 75 a
1329 389 90 75 fmall
1428 389 88 75 "rod,
1542 389 130 75 gathers
1690 389 63 75 and
1769 389 87 75 joins
1874 389 55 75 the
1945 389 200 75 extremities
2162 389 42 75 of

1207 436 54 75 the
1278 436 61 75 bitt
1356 436 34 75 to
1407 436 55 75 the
1479 436 132 75 branch,
1637 436 63 75 and
1712 436 72 75 that
1800 436 33 75 in
1849 436 76 75 fuch
1939 436 16 75 a
1969 436 141 75 manner,
2126 436 78 75 that

1207 483 55 75 the
1285 483 140 75 banquet
1449 483 27 75 is
1497 483 56 75 not
1574 483 85 75 feen,
1685 483 57 75 but
1763 483 136 75 covered
1916 483 44 75 by
1976 483 54 75 the
2044 483 91 75 cope,
2160 483 39 75 or

1208 529 69 75 that
1294 529 71 75 part
1382 529 39 75 of
1434 529 54 75 the
1505 529 62 75 bitt
1583 529 72 75 that
1671 529 26 75 is
1716 529 79 75 next
1812 529 56 75 the
1880 529 134 75 branch.

1160 576 289 75 Banquet-//«<?,
1475 576 39 75 an
1539 576 177 75 imaginary
1738 576 63 75 line
1830 576 123 75 drawn,
1969 576 42 75 .in
2035 576 129 75 making
2182 576 19 75 a

1208 623 74 75 bitt,
1309 623 96 75 along
1422 623 54 75 the
1501 623 154 75 banquet,
1681 623 62 75 and
1768 623 179 75 prolonged
1963 623 43 75 up
2026 623 38 75 or
2087 623 111 75 down,

1208 670 34 75 to
1259 670 102 75 adjuft
1374 670 55 75 the
1444 670 151 75 defigned
1606 670 89 75 force
1708 670 37 75 or
1763 670 160 75 weaknefs
1940 670 41 75 of
1992 670 56 75 the
2066 670 133 75 branch,

1209 717 30 75 in
1257 717 97 75 order
1370 717 35 75 to
1418 717 92 75 make
1527 717 25 75 it
1568 717 70 75 ftiff
1649 717 37 75 or
1702 717 85 75 eafy.

1162 764 205 75 Banquet,
1404 764 39 75 or
1471 764 256 75 Banquette,
1760 764 32 75 in
1822 764 222 75 fortification,
2070 764 19 75 a
2115 764 88 75 little

1210 812 183 75 foot-bank,
1431 812 37 75 or
1499 812 159 75 elevation
1688 812 41 75 of
1754 812 105 75 earth,
1885 812 142 75 forming
2058 812 19 75 a
2109 812 92 75 path,

1210 858 104 75 which
1334 858 73 75 runs
1425 858 96 75 along
1538 858 55 75 the
1610 858 96 75 infide
1723 858 41 75 of
1783 858 18 75 a
1818 858 143 75 parapet,
1992 858 83 75 upon
2094 858 110 75 which

1211 905 55 75 the
1283 905 216 75 mufqueteers
1515 905 55 75 get
1588 905 53 75 up,
1666 905 33 75 in
1714 905 96 75 order
1822 905 35 75 to
1869 905 143 75 difeover
2029 905 56 75 the
2101 905 101 75 coun-

1212 953 150 75 terfearp,
1388 953 38 75 or
1450 953 39 75 to
1504 953 57 75 fire
1577 953 42 75 on
1643 953 56 75 the
1715 953 113 75 enemy
1845 953 31 75 in
1905 953 57 75 the
1989 953 100 75 moat,
2114 953 38 75 or
2169 953 33 75 in

1212 999 54 75 the
1283 999 211 75 covert-way.

1166 1046 289 75 BANSTICLE.
1483 1046 30 75 in
1527 1046 223 75 ichthyology.
1802 1046 61 75 See
1876 1046 324 75 Gasterosteus.

1164 1093 226 75 BANTAM,
1416 1093 55 75 the
1488 1093 116 75 capital
1621 1093 40 75 of
1672 1093 18 75 a
1706 1093 89 75 large
1812 1093 165 75 kingdom,
2003 1093 63 75 and
2083 1093 18 75 a
2113 1093 90 75 port-

1214 1141 85 75 town
1316 1141 41 75 of
1367 1141 92 75 great
1473 1141 104 75 trade,
1606 1141 135 75 fituated
1760 1141 47 75 on
1832 1141 55 75 the
1912 1141 190 75 north-weft
2120 1141 83 75 coaft

1213 1186 41 75 of
1271 1186 54 75 the
1349 1186 98 75 ifland
1468 1186 40 75 of
1527 1186 94 75 Java,
1646 1186 33 75 in
1710 1186 86 75 105°
1814 1186 45 75 E.
1877 1186 90 75 long,
2002 1186 62 75 and
2082 1186 44 75 6°
2147 1186 56 75 3</

1214 1234 35 75 S.
1268 1234 59 75 lat.

1165 1282 318 75 Bantam-work,
1509 1282 18 75 a
1543 1282 79 75 kind
1638 1282 40 75 of
1689 1282 130 75 painted
1836 1282 40 75 or
1890 1282 117 75 carved
2022 1282 104 75 work,
2152 1282 55 75 re-

1214 1327 153 75 fembling
1385 1327 71 75 that
1469 1327 40 75 of
1519 1327 116 75 Japan,
1661 1327 76 75 only
1755 1327 89 75 more
1859 1327 121 75 gaudy.

1167 1375 218 75 BANTON,
1411 1375 32 75 in
1460 1375 197 75 geography,
1683 1375 60 75 one
1760 1375 40 75 of
1812 1375 55 75 the
1883 1375 180 75 Philippine
2075 1375 133 75 iflands.

1167 1420 215 75 BANTRY,
1409 1420 19 75 a
1444 1420 87 75 town
1548 1420 39 75 of
1599 1420 141 75 Ireland,
1765 1420 134 75 fituated
1916 1420 41 75 on
1975 1420 18 75 a
2018 1420 62 75 bay
2097 1420 39 75 of
2147 1420 57 75 the

1215 1467 83 75 fame
1323 1467 104 75 name,
1453 1467 32 75 in
1511 1467 55 75 the
1587 1467 120 75 county
1723 1467 40 75 of
1783 1467 104 75 Cork,
1914 1467 61 75 and
2001 1467 151 75 province
2170 1467 42 75 of
2212 1449 13 49 7

1216 1514 158 75 Munfter,
1400 1514 32 75 in
1451 1514 21 75 9
1472 1496 22 49 0
1516 1514 53 75 2d
1587 1514 60 75 W.
1660 1514 90 75 long,
1775 1514 62 75 and
1858 1514 37 75 51
1895 1496 24 49 0
1940 1514 55 75 3c/
2012 1514 46 75 N.
2077 1514 60 75 lat.

1168 1561 177 75 BANZA,
1373 1561 18 75 a
1407 1561 65 75 city
1489 1561 41 75 of
1548 1561 126 75 Africa,
1682 1561 5 75 ,
1699 1561 55 75 the
1775 1561 116 75 capital
1915 1561 39 75 of
1973 1561 55 75 the
2051 1561 155 75 kingdom

1217 1607 39 75 of
1269 1607 129 75 Congo.

1169 1655 251 75 BAPAUME,
1453 1655 19 75 a
1496 1655 142 75 fortified
1658 1655 87 75 town
1770 1655 41 75 of
1830 1655 54 75 the
1910 1655 124 75 French
2062 1655 144 75 Nether-

1215 1702 104 75 lands,
1344 1702 99 75 about
1464 1702 39 75 12
1530 1702 90 75 miles
1646 1702 174 75 fouth-eaft
1845 1702 41 75 of
1903 1702 117 75 Arras,
2046 1702 32 75 in
2098 1702 16 75 3
2114 1684 26 49 0
2158 1702 45 75 E.

1217 1748 86 75 long,
1330 1748 62 75 and
1412 1748 124 75 jo°io'
1554 1748 47 75 N.
1618 1748 59 75 lat.

1169 1796 228 75 BAPTISM,
1434 1796 32 75 in
1495 1796 131 75 matters
1650 1796 41 75 of
1714 1796 147 75 religion,
1897 1796 17 75 a
1941 1796 190 75 facrament,
2162 1796 46 75 by

1215 1843 106 75 which
1338 1843 18 75 a
1381 1843 110 75 perfon
1508 1843 26 75 is
1551 1843 157 75 initiated,
1721 1843 72 75 into
1808 1843 55 75 the
1885 1843 160 75 Chrillian
2069 1843 148 75 churchy

1218 1889 61 75 See
1295 1889 221 75 Religion.

1169 1937 191 75 Baptism,
1370 1937 35 75 in
1413 1937 56 75 the
1481 1937 236 75 fea-lang.uage,
1731 1937 197 75 aceremony
1936 1937 31 75 in
1979 1937 78 75 long
2069 1937 153 75 voyages-

1217 1982 42 75 on
1275 1982 100 75 board
1389 1982 275 75 merchant-ffiips,
1684 1982 153 75 pradtifed
1854 1982 79 75 both
1951 1982 41 75 on
2004 1982 126 75 perfons
2146 1982 63 75 and

1216 2030 111 75 veffels
1344 2030 75 75 who
1446 2030 70 75 pafs
1543 2030 56 75 the
1615 2030 106 75 tropic
1738 2030 36 75 or
1790 2030 65 75 line
1876 2030 54 75 for
1954 2030 56 75 the
2027 2030 64 75 firft
2114 2030 91 75 time.

1217 2076 76 75 The
1310 2076 166 75 baptizing
1492 2076 58 75 the
1564 2076 93 75 veffel
1676 2076 24 75 is
1719 2076 119 75 fimple,
1865 2076 62 75 and
1943 2076 125 75 confifts
2085 2076 77 75 only
2173 2076 34 75 in

1219 2123 138 75 wafliing
1373 2123 88 75 them
1479 2123 199 75 throughout
1697 2123 76 75 with
1793 2123 169 75 fea-water
1976 2123 9 75 ;
2013 2123 70 75 that
2099 2123 41 75 of
2152 2123 58 75 the

1218 2170 177 75 paffengers
1407 2170 27 75 is
1447 2170 88 75 more
1548 2170 198 75 myfterious.
1780 2170 77 75 The
1873 2170 101 75 oldeft
1990 2170 38 75 of
2042 2170 54 75 the
2109 2170 116 75 crew,.

1218 2216 70 75 that
1316 2216 57 75 has
1391 2216 65 75 paft
1481 2216 56 75 the
1554 2216 103 75 tropic
1674 2216 37 75 or
1737 2216 77 75 line,
1840 2216 105 75 comes
1964 2216 79 75 with
2068 2216 51 75 his
2136 2216 72 75 face

1218 2263 160 75 blacked,,
1392 2263 19 75 a
1425 2263 172 75 grotefq.ue
1621 2263 58 75 cap
1696 2263 39 75 on
1753 2263 49 75 his
1827 2263 96 75 head,
1950 2263 62 75 and
2037 2263 86 75 fome
2138 2263 70 75 fea-

1219 2310 86 75 book
1321 2310 31 75 in
1370 2310 50 75 his
1437 2310 98 75 hand,
1561 2310 152 75 followed
1737 2310 43 75 by
1796 2310 54 75 the
1869 2310 60 75 reft
1946 2310 40 75 of
1997 2310 55 75 the
2068 2310 142 75 fea-men

1221 2357 121 75 dreffed
1357 2357 65 75 like
1439 2357 138 75 bimfelf,
1602 2357 77 75 each
1702 2357 118 75 having
1838 2357 85 75 fome
1949 2357 261 75 kitcben-utenfil

1220 2403 33 75 in
1268 2403 49 75 his
1335 2403 99 75 hand,
1460 2403 92 75 with,
1566 2403 109 75 drums
1693 2403 142 75 beating.
1883 2403 54 75 He
1958 2403 105 75 places
2079 2403 135 75 himfelf

1221 2449 39 75 on
1286 2449 18 75 a
1320 2449 67 75 feat
1404 2449 41 75 on
1474 2449 54 75 the
1544 2449 99 75 deck,
1664 2449 31 75 at
1713 2449 56 75 the
1793 2449 71 75 foot
1881 2449 40 75 of
1944 2449 58 75 the
2016 2449 85 75 main
2117 2449 110 75 mail..

1220 2496 48 75 At
1285 2496 55 75 the
1356 2496 140 75 tribunal
1513 2496 39 75 of
1578 2496 63 75 this
1659 2496 96 75 mock
1777 2496 192 75 magiftrate,
1995 2496 78 75 each
2089 2496 120 75 paflen-

1222 2543 56 75 ger
1306 2543 57 75 not
1391 2543 54 75 yet
1462 2543 158 75 initiated,
1646 2543 115 75 fwears
1789 2543 43 75 he
1858 2543 65 75 will
1954 2543 74 75 take
2056 2543 72 75 care
2152 2543 57 75 the

1221 2590 83 75 fame
1322 2590 221 75 ceremony.be
1560 2590 355 75 obferved,.whenever
1931 2590 40 75 he
1984 2590 27 75 is
2028 2590 30 75 in
2078 2590 54 75 the
2144 2590 65 75 like

1223 2638 240 75 circumftances
1475 2638 8 75 :
1510 2638 97 75 Then
1626 2638 43 75 by
1689 2638 109 75 giving
1815 2638 19 75 a
1849 2638 85 75 little
1951 2638 116 75 money
2084 2638 43 75 by
2139 2638 72 75 way

1222 2684 39 75 of
1273 2684 224 75 gratification,
1514 2684 41 75 he
1572 2684 25 75 is
1610 2684 189 75 difeharged
1810 2684 80 75 with
1904 2684 17 75 a
1933 2684 85 75 little
2033 2684 190 75 fprinkiing,

1222 2731 39 75 of
1269 2731 111 75 water,
1399 2731 167 75 otherwife
1578 2731 41 75 he
1628 2731 27 75 is
1664 2731 138 75 heartily
1813 2731 162 75 drenched
1989 2731 76 75 with
2079 2731 130 75 ftreams

1220 2777 39 75 of
1272 2777 99 75 water
1397 2777 123 75 poured
1536 2777 85 75 upon
1636 2777 89 75 him;
1754 2777 61 75 and
1832 2777 56 75 the
1910 2777 162 75 ffiip-boys
2087 2777 55 75 are
2158 2777 52 75 in-,

1221 2823 105 75 clofed
1342 2823 38 75 in.
1392 2823 19 75 a
1427 2823 88 75 cage,
1541 2823 63 75 and
1620 2823 128 75 ducked
1767 2823 34 75 at
1815 2823 185 75 diferetion.

1268 2871 76 75 The
1367 2871 136 75 feamen,
1521 2871 41 75 on
1586 2871 56 75 the
1662 2871 166 75 baptizing
1844 2871 18 75 a
1881 2871 79 75 ffiip,
1985 2871 135 75 pretend
2137 2871 35 75 to
2189 2871 20 75 a

1222 2919 86 75 right
1316 2919 39 75 of
1367 2919 123 75 cutting
1507 2919 51 75 off
1570 2919 55 75 the
1642 2919 194 75 beak-head,
1860 2919 103 75 unlefs
1981 2919 168 75 redeemed
2164 2919 48 75 by

1222 2967 55 75 the
1289 2967 140 75 captain.

1029 143 18 75 (
1106 143 83 75 519
1247 143 19 75 )

2100 3025 111 75 bap;
