2397 3387
472 137 230 75 BAR

1039 137 20 75 (
1116 137 83 75 525
1259 137 25 75 >

1615 137 225 75 BAS

144 209 126 75 modity
282 209 52 75 for
346 209 136 75 another
494 209 12 75 ;
532 209 32 75 in
577 209 98 75 doing
686 209 40 75 of
736 209 109 75 which
853 209 56 75 the
921 209 86 75 price
1019 209 35 75 of
1070 209 62 75 one

144 257 40 75 of
196 257 54 75 the
266 257 235 75 commodities,
526 257 63 75 and
606 257 38 75 an
662 257 182 75 equivalent
860 257 149 75 quantity
1025 257 40 75 of
1075 257 57 75 the

145 302 107 75 other,
278 302 79 75 muft
372 302 40 75 be
424 302 102 75 found
542 302 103 75 either
661 302 43 75 by
716 302 147 75 practice,
888 302 37 75 or
941 302 43 75 by
995 302 55 75 the
1063 302 69 75 rule

145 349 41 75 of
197 349 105 75 three.

194 396 113 75 Queji.
330 396 31 75 1.
387 396 89 75 How
491 396 96 75 many
603 396 122 75 pounds
739 396 40 75 of
790 396 124 75 cotton,
940 396 32 75 at
990 396 20 75 9
1023 396 34 75 d.
1070 396 63 75 per

147 441 49 75 lb.
222 441 81 75 muft
327 441 40 75 be
384 441 95 75 given
501 441 33 75 in
551 441 108 75 barter
681 441 53 75 for
754 441 38 75 13
808 441 43 75 C.
871 441 18 75 3
904 441 112 75 0,^X4
1030 441 49 75 lb.
1096 441 42 75 of

145 487 129 75 pepper,
300 487 33 75 at
351 487 17 75 2
384 487 25 75 1.
431 487 41 75 16
486 487 28 75 s.
535 487 61 75 per
608 487 44 75 C.
669 487 12 75 ?

194 533 97 75 Firji,
328 533 85 75 Find
438 533 57 75 the
522 533 89 75 price
634 533 37 75 or
692 533 92 75 value
800 533 41 75 of
863 533 56 75 the
935 533 197 75 commodity

146 581 105 75 whofe
268 581 149 75 quantity
433 581 28 75 is
477 581 106 75 given,
602 581 33 75 as
653 581 139 75 follows.

427 639 9 75 ,
485 639 30 75 C
628 639 42 75 lb.
737 639 41 75 L.
803 639 29 75 s.

484 685 39 75 13
575 685 17 75 3
625 685 41 75 14
690 685 33 75 at
748 685 19 75 2
798 685 41 75 16

291 780 17 75 2
324 780 23 75 1.

476 780 44 75 26

271 824 40 75 16
324 824 28 75 s.

479 824 41 75 10
569 824 21 75 8

290 872 94 75 2Q^
503 872 13 75 x
569 872 21 75 8

294 925 89 75 xCL

550 925 43 75 14

270 962 41 75 14
326 962 48 75 lb.

573 962 19 75 7

433 1057 90 75 L.38
555 1057 40 75 17

196 1113 166 75 Secondly,
393 1113 86 75 Find
502 1113 77 75 how
599 1113 96 75 much
718 1113 124 75 cotton,
872 1113 36 75 at
930 1113 64 75 <)&.
1005 1113 62 75 per
1085 1113 49 75 lb.

151 1163 43 75 38
207 1163 24 75 1.
254 1163 39 75 17
309 1163 27 75 s.
355 1163 65 75 will
437 1163 165 75 purchafe,
628 1163 33 75 as
678 1163 114 75 under.

345 1218 32 75 d.
426 1218 45 75 lb.
546 1218 39 75 L.
617 1218 29 75 s.

292 1268 37 75 If
349 1268 21 75 9
397 1268 9 75 :
438 1268 13 75 I
483 1268 25 75 ::
538 1268 42 75 38
611 1268 39 75 17

563 1314 45 75 20

547 1416 67 75 777
573 1453 38 75 12

483 1554 151 75 9)9324(
705 1554 9 75 •
802 1603 47 75 ^

419 1636 84 75 Anf.
526 1636 88 75 1036
633 1636 43 75 lb.
694 1636 37 75 —
747 1636 21 75 <)
823 1636 12 75 1

197 1694 38 75 If
251 1694 56 75 the
332 1694 100 75 above
458 1694 144 75 queftion
625 1694 41 75 be
686 1694 153 75 wrought
862 1694 184 75 decimally,
1080 1694 58 75 the

153 1739 166 75 operation
336 1739 73 75 may
422 1739 90 75 ftand
529 1739 33 75 as
579 1739 129 75 follows
724 1739 10 75 :

300 1799 37 75 C.
405 1799 40 75 L.
542 1799 38 75 C.

247 1847 36 75 If
307 1847 14 75 1
352 1847 8 75 :
390 1847 57 75 2.8
476 1847 25 75 ::
532 1847 127 75 13.875

603 1896 58 75 2.8

528 1988 136 75 111000

524 2034 115 75 27750
715 2079 43 75 lb.

391 2126 392 75 .0375)38.8500(1036
794 2126 36 75 =

834 2080 36 75 C.
903 2080 48 75 ^

842 2132 21 75 9
915 2132 14 75 x
957 2132 83 75 Anf.

519 2180 40 75 37
577 2180 18 75 5
606 2180 32 75 ”
652 2180 11 75 *

547 2264 88 75 1350

548 2311 85 75 1125

568 2403 92 75 2250

569 2449 93 75 2250

201 2553 76 75 The
292 2553 93 75 value
401 2553 37 75 or
454 2553 85 75 price
556 2553 39 75 of
614 2553 56 75 the
694 2553 103 75 goods
813 2553 145 75 received
975 2553 64 75 and
1054 2553 82 75 deli-

154 2598 98 75 vered
268 2598 32 75 in
319 2598 105 75 barter
439 2598 95 75 being
550 2598 119 75 always
686 2598 108 75 equal,
817 2598 27 75 it
854 2598 28 75 is
894 2598 146 75 obvious,
1065 2598 72 75 that

156 2644 56 75 the
235 2644 132 75 produ<5l
388 2644 41 75 of
446 2644 55 75 the
526 2644 172 75 quantities
723 2644 143 75 received
880 2644 61 75 and
960 2644 175 75 delivered,

155 2691 180 75 multiplied
351 2691 68 75 into
436 2691 83 75 their
536 2691 168 75 refpe6tive
721 2691 95 75 rates,
842 2691 65 75 will
924 2691 38 75 be
978 2691 109 75 equal.

203 2737 112 75 Hence
333 2737 94 75 arifes
445 2737 18 75 a
480 2737 68 75 rule
560 2737 105 75 which
685 2737 73 75 may
775 2737 39 75 be
831 2737 75 75 ufed
922 2737 77 75 with
1017 2737 118 75 advan-

155 2783 71 75 tage
243 2783 32 75 in
291 2783 147 75 working
453 2783 120 75 feveral
597 2783 159 75 queftions
771 2783 10 75 ;
816 2783 137 75 namely,
980 2783 157 75 Multiply

153 2828 57 75 the
227 2828 93 75 given
337 2828 148 75 quantity
501 2828 62 75 and
576 2828 66 75 rate
654 2828 40 75 of
705 2828 55 75 the
776 2828 60 75 one
848 2828 207 75 commodity,
1075 2828 62 75 and

154 2875 56 75 the
226 2875 133 75 produft
370 2875 129 75 divided
512 2875 43 75 by
565 2875 56 75 the
634 2875 65 75 rate
714 2875 39 75 of
763 2875 56 75 the
831 2875 93 75 other
940 2875 197 75 commodity

156 2921 115 75 quotes
289 2921 54 75 the
361 2921 145 75 quantity
521 2921 141 75 fought;
689 2921 37 75 or
750 2921 130 75 divided
903 2921 43 75 by
963 2921 55 75 the
1035 2921 100 75 quan-

156 2967 61 75 tity
234 2967 114 75 quotes
361 2967 54 75 the
433 2967 80 75 rate.

202 3015 150 75 Vol.I.
392 3015 123 75 Numb.
534 3015 58 75 22.

975 3015 18 75 3

1280 199 115 75 Quejl.
1415 199 33 75 2.
1485 199 89 75 How
1600 199 96 75 many
1713 199 95 75 yards
1831 199 41 75 of
1893 199 97 75 linen,
2016 199 33 75 at
2077 199 57 75 4s.
2155 199 62 75 per

1231 245 92 75 yard,
1341 245 112 75 fhould
1469 245 17 75 I
1502 245 82 75 have
1600 245 33 75 in
1649 245 109 75 barter
1774 245 51 75 for
1847 245 64 75 120
1928 245 94 75 yards
2046 245 39 75 of
2097 245 119 75 velvet,

1232 291 32 75 at
1287 291 37 75 15
1339 291 27 75 s.
1385 291 65 75 6d.
1464 291 12 75 ?

1230 338 75 75 Yds.
1423 338 94 75 Sixp.

1756 338 95 75 Sixp.
1969 338 75 75 Yds.

1234 386 65 75 120
1347 386 30 75 X
1451 386 40 75 31
1518 386 37 75 =
1581 386 103 75 3720,
1726 386 63 75 and
1813 386 225 75 8)3720(459
2062 386 82 75 Anf

1182 478 408 75 BARTHOLOMEW,
1625 478 37 75 or
1689 478 41 75 St
1747 478 322 75 Bartholomew,
2095 478 60 75 one
2179 478 41 75 of

1229 524 55 75 the
1301 524 160 75 Caribbee
1477 524 127 75 iflands,
1629 524 136 75 fituated
1780 524 33 75 in
1830 524 63 75 62°
1913 524 17 75 5
1930 506 13 49 ?
1960 524 61 75 W.
2039 524 89 75 long,
2154 524 73 75 and'

1236 571 38 75 18
1274 553 24 49 0
1318 571 32 75 6'
1367 571 48 75 N.
1433 571 58 75 lat.

1184 618 216 75 BARTQN,
1426 618 19 75 a
1461 618 228 75 market-town
1711 618 35 75 in
1763 618 233 75 Lincolnfhire,
2021 618 134 75 fituated
2175 618 42 75 on

1230 664 55 75 the
1305 664 151 75 fouthern
1471 664 90 75 {bore
1573 664 40 75 of
1625 664 55 75 the
1696 664 159 75 Humber,
1883 664 44 75 30
1939 664 90 75 miles
2046 664 173 75 fouth-eaft

1230 709 40 75 of
1281 709 103 75 York,
1410 709 33 75 in
1464 709 38 75 i5
1502 691 14 49 r
1533 709 61 75 W.
1611 709 89 75 long,
1725 709 64 75 and
1808 709 39 75 53
1847 691 21 49 0
1887 709 46 75 40
1933 691 10 49 /
1959 709 48 75 N.
2024 709 60 75 lat.

1183 756 166 75 Barton
1373 756 27 75 is
1417 756 66 75 alfo
1500 756 87 75 ufed,
1613 756 33 75 in
1674 756 54 75 the
1752 756 74 75 weft
1844 756 40 75 of
1902 756 164 75 England,
2091 756 52 75 for
2159 756 56 75 the

1230 803 145 75 demefne
1391 803 91 75 lands
1494 803 41 75 of
1545 803 19 75 a
1581 803 111 75 manor
1706 803 10 75 ;
1743 803 64 75 alfo
1824 803 53 75 for
1893 803 55 75 the
1966 803 222 75 manoj-houfe
2200 803 12 75 j

1232 849 61 75 and
1309 849 31 75 in
1358 849 84 75 fome
1459 849 88 75 parts
1563 849 53 75 for
1632 849 201 75 out-houfes,
1859 849 64 75 <bc.

1185 895 224 75 BARTSIA,
1434 895 32 75 in
1484 895 131 75 botany,
1641 895 18 75 a
1675 895 97 75 gequs
1790 895 40 75 of
1847 895 56 75 the
1930 895 182 75 didynamia
2128 895 87 75 angi-

1232 941 153 75 ofpermia
1401 941 91 75 clafs.
1540 941 78 75 The
1635 941 86 75 calix
1741 941 57 75 has
1817 941 67 75 two
1909 941 152 75 coloured
2081 941 135 75 emargi-

1232 988 96 75 nated
1347 988 89 75 lobes
1452 988 10 75 ;
1489 988 55 75 the
1557 988 121 75 corolla
1694 988 27 75 is
1733 988 59 75 lefs
1802 988 76 75 than
1892 988 55 75 the
1959 988 98 75 calix,
2082 988 62 75 and
2160 988 56 75 the

1233 1034 140 75 fuperior
1388 1034 46 75 lip
1450 1034 27 75 is
1493 1034 121 75 longeft
1627 1034 11 75 ;
1665 1034 55 75 the
1736 1034 124 75 capfule
1871 1034 59 75 has
1943 1034 65 75 two
2023 1034 92 75 cells.
2139 1034 78 75 The

1232 1081 117 75 fpecies
1377 1081 55 75 are
1458 1081 35 75 4,
1522 1081 41 75 of
1584 1081 107 75 which
1713 1081 56 75 the
1796 1081 143 75 vilcofa,'
1951 1081 38 75 or
2015 1081 102 75 marfh
2140 1081 75 75 eye-

1231 1127 109 75 bright
1357 1127 205 75 cow-wheat,
1587 1127 62 75 and
1673 1127 56 75 the
1753 1127 118 75 alpina,
1896 1127 38 75 or
1957 1127 163 75 mountain
2140 1127 75 75 eye-

1232 1173 109 75 bright
1357 1173 205 75 cow-wheat,
1588 1173 53 75 are
1659 1173 119 75 natives
1794 1173 41 75 of
1845 1173 139 75 Britain.

1185 1220 181 75 BARUA,
1390 1220 20 75 a
1426 1220 66 75 city
1508 1220 41 75 of
1567 1220 174 75 Abyllinia,
1767 1220 33 75 in
1816 1220 127 75 Africa,
1968 1220 55 75 the
2048 1220 115 75 capital
2181 1220 40 75 of

1233 1265 54 75 the
1300 1265 153 75 kingdom
1471 1265 39 75 of
1522 1265 203 75 Barnagalfa.

1184 1314 239 75 BARULES,
1459 1314 33 75 in
1515 1314 270 75 church-hiftqry,
1810 1314 121 75 certain
1957 1314 152 75 heretics,
2142 1314 75 75 who

1233 1358 76 75 held
1335 1358 71 75 that
1430 1358 55 75 the
1514 1358 67 75 Son
1598 1358 39 75 of
1648 1358 81 75 God
1745 1358 64 75 had
1836 1358 75 75 only
1929 1358 18 75 a
1969 1358 153 75 phantom
2139 1358 40 75 of
2198 1358 19 75 a

1233 1405 109 75 body;
1368 1405 70 75 that
1454 1405 83 75 fouls
1554 1405 84 75 were
1654 1405 128 75 created
1806 1405 112 75 before
1940 1405 56 75 the
2013 1405 116 75 world,
2154 1405 64 75 and

1234 1450 71 75 that
1322 1450 78 75 they
1416 1450 86 75 lived
1517 1450 41 75 all
1577 1450 32 75 at
1624 1450 61 75 one
1701 1450 90 75 time.

1187 1499 217 75 BARUTH,
1442 1499 39 75 an
1508 1499 114 75 Indian
1649 1499 151 75 meafure,
1836 1499 182 75 containing
2049 1499 168 75 feventeen

1234 1544 133 75 gantans
1383 1544 8 75 :
1418 1544 32 75 It
1463 1544 100 75 ought
1575 1544 36 75 to
1622 1544 104 75 weigh
1742 1544 98 75 about
1856 1544 90 75 three
1962 1544 123 75 pounds
2101 1544 64 75 and
2177 1544 40 75 an

1234 1590 69 75 half
1318 1590 132 75 Englifh
1467 1590 215 75 avoirdupois.

1186 1639 326 75 BARYTONUM,
1537 1639 32 75 in
1596 1639 56 75 the
1672 1639 117 75 Italian
1816 1639 107 75 mufic,
1949 1639 56 75 the
2027 1639 83 75 fame
2136 1639 80 75 with

1235 1683 59 75 our
1309 1683 83 75 bafs.
1443 1683 61 75 See
1520 1683 111 75 Bass.

1188 1731 298 75 BAS-RELIEF.
1536 1731 62 75 See
1615 1731 329 75 Basso-relievo.

1187 1778 264 75 BASALTES,
1484 1778 32 75 in
1538 1778 125 75 natural
1688 1778 132 75 hiftory,
1845 1778 104 75 called
1973 1778 65 75 alfo
2061 1778 152 75 coticula,

1233 1824 85 75 lapis
1335 1824 174 75 keraclius,
1535 1824 62 75 and
1613 1824 84 75 lapis
1714 1824 115 75 lydius,
1855 1824 18 75 a
1889 1824 78 75 kind
1979 1824 39 75 of
2028 1824 135 75 marble,
2180 1824 42 75 of

1233 1870 19 75 a
1263 1870 78 75 very
1357 1870 61 75 fine
1435 1870 142 75 texture,
1603 1870 39 75 of
1654 1870 18 75 a
1687 1870 80 75 deep
1784 1870 101 75 gloffy
1897 1870 104 75 black,
2027 1870 190 75 refembling

1233 1916 72 75 that
1317 1916 41 75 of
1367 1916 140 75 polifhed
1522 1916 87 75 fteel,
1635 1916 67 75 and
1713 1916 111 75 mixed
1839 1916 79 75 with
1930 1916 42 75 no
1983 1916 93 75 other
2092 1916 124 75 colour,

1233 1963 59 75 nor
1320 1963 62 75 any
1408 1963 191 75 extraneous
1627 1963 130 75 matter.
1813 1963 76 75 The
1912 1963 80 75 moft
2020 1963 198 75 remarkable

1233 2010 124 75 quality
1373 2010 40 75 of
1423 2010 64 75 this
1504 2010 121 75 marble
1640 2010 27 75 Is
1687 2010 42 75 its
1745 2010 113 75 figure,
1882 2010 96 75 being
1992 2010 96 75 never
2113 2010 103 75 found

1231 2056 34 75 in
1281 2056 106 75 ftrata,
1412 2056 65 75 like
1500 2056 94 75 other
1609 2056 149 75 marbles,
1783 2056 58 75 but
1863 2056 118 75 always
2008 2056 143 75 ftanding
2173 2056 43 75 up

1232 2102 32 75 in
1277 2102 55 75 the
1349 2102 84 75 form
1445 2102 40 75 of
1496 2102 126 75 regular
1638 2102 132 75 angular
1784 2102 156 75 columns,
1966 2102 169 75 compofed
2146 2102 40 75 of
2197 2102 20 75 a

1233 2149 134 75 number
1394 2149 41 75 of
1448 2149 117 75 joints,
1590 2149 61 75 one
1675 2149 112 75 placed
1809 2149 41 75 on
1874 2149 63 75 and
1951 2149 105 75 nicely
2072 2149 92 75 fitted
2180 2149 36 75 to

1232 2195 147 75 another,
1404 2195 34 75 as
1449 2195 32 75 if
1490 2195 128 75 formed
1634 2195 41 75 by
1691 2195 56 75 the
1768 2195 100 75 hands
1886 2195 39 75 of
1944 2195 19 75 a
1985 2195 106 75 fkilful
2107 2195 107 75 work-

1232 2241 86 75 man.
1367 2241 32 75 It
1411 2241 26 75 is
1450 2241 201 75 remarkably
1662 2241 80 75 hard
1754 2241 63 75 and
1827 2241 115 75 heavy,
1966 2241 67 75 will
2048 2241 57 75 not
2120 2241 96 75 ftrike

1232 2288 57 75 fire
1313 2288 78 75 with
1416 2288 86 75 fteel,
1528 2288 62 75 and
1613 2288 27 75 is
1657 2288 19 75 a
1700 2288 61 75 fine
1776 2288 213 75 touch-ftone.
2039 2288 62 75 See
2120 2288 95 75 Plate

1234 2335 60 75 LI.
1320 2335 56 75 fig.
1395 2335 58 75 20.
1509 2335 77 75 The
1612 2335 135 75 bafaltes
1774 2335 64 75 was
1863 2335 169 75 originally
2054 2335 101 75 found
2181 2335 34 75 in

1234 2380 142 75 columns
1393 2380 31 75 in
1444 2380 166 75 Ethiopia,
1635 2380 32 75 in
1684 2380 173 75 fragments
1880 2380 33 75 in
1937 2380 56 75 the
2009 2380 84 75 river
2108 2380 105 75 Tmo-

1232 2426 62 75 lus,
1319 2426 63 75 and
1397 2426 86 75 fome
1499 2426 95 75 other
1607 2426 103 75 places
1724 2426 11 75 ;
1762 2426 47 75 we
1825 2426 74 75 now
1914 2426 80 75 have
2006 2426 25 75 it
2047 2426 165 75 frequent-

1232 2473 46 75 ly,
1303 2473 79 75 both
1399 2473 32 75 in
1448 2473 143 75 columns
1608 2473 60 75 and
1685 2473 90 75 fmall
1797 2473 116 75 pieces,
1937 2473 33 75 in
1993 2473 109 75 Spain,
2128 2473 84 75 Ruf-

1232 2519 54 75 fia,
1311 2519 137 75 Poland,
1480 2519 77 75 near
1575 2519 159 75 Drefden,
1767 2519 63 75 and
1852 2519 33 75 in
1911 2519 109 75 Silefia
2034 2519 10 75 ;
2070 2519 57 75 but
2155 2519 56 75 the

1232 2566 121 75 nobleft
1372 2566 81 75 ftore
1469 2566 33 75 in
1521 2566 55 75 the
1599 2566 105 75 world
1718 2566 98 75 feems
1833 2566 34 75 to
1891 2566 39 75 be
1950 2566 70 75 that
2036 2566 103 75 called
2154 2566 57 75 the

1232 2611 133 75 Giant's
1380 2611 176 75 caufenuay,
1581 2611 33 75 in
1631 2611 140 75 Ireland,
1798 2611 105 75 where
1920 2611 26 75 it
1962 2611 75 75 rifes
2053 2611 49 75 far
2117 2611 42 75 up
2176 2611 32 75 in

1232 2658 54 75 the
1303 2658 146 75 country,
1475 2658 73 75 runs
1565 2658 69 75 into
1646 2658 54 75 the
1712 2658 63 75 fea,
1801 2658 113 75 croffes
1931 2658 40 75 its
1985 2658 136 75 bottom,
2147 2658 62 75 and

1234 2704 72 75 rifes
1323 2704 92 75 again
1432 2704 41 75 on
1489 2704 55 75 the
1561 2704 137 75 oppofite
1710 2704 88 75 land.

1184 2752 236 75 BASANUS,
1457 2752 37 75 or
1517 2752 234 75 Basanites,
1785 2752 106 75 names
1915 2752 76 75 ufed
2019 2752 44 75 by
2085 2752 125 75 ancient

1232 2797 122 75 writers
1369 2797 50 75 for
1435 2797 55 75 the
1505 2797 147 75 bafaltes.

1185 2845 273 75 BASARUCO,
1482 2845 33 75 in
1538 2845 190 75 commerce,
1753 2845 19 75 a
1795 2845 89 75 fmall
1912 2845 71 75 bafe
2005 2845 72 75 coin
2101 2845 31 75 in
2154 2845 56 75 the

1232 2890 75 75 Eaft
1324 2890 120 75 Indies,
1468 2890 96 75 being
1579 2890 93 75 made
1688 2890 77 75 only
1775 2890 41 75 of
1824 2890 76 75 very
1913 2890 63 75 bad
1991 2890 59 75 tin.
2098 2890 113 75 There

1232 2935 64 75 are,
1322 2935 160 75 however,
1509 2935 72 75 jtwo
1606 2935 80 75 forts
1710 2935 41 75 of
1772 2935 65 75 this
1854 2935 83 75 coin,
1961 2935 18 75 a
2006 2935 85 75 good
2114 2935 60 75 and
2192 2935 19 75 a

1232 2983 83 75 bad;
1341 2983 56 75 the
1410 2983 62 75 bad
1488 2983 26 75 is
1527 2983 59 75 one
1598 2983 84 75 fixth
1697 2983 34 75 in
1742 2983 92 75 value
1846 2983 99 75 lower
1956 2983 78 75 than
2045 2983 55 75 the
2112 2983 98 75 good.

1732 3040 20 75 6
1774 3040 36 75 R

2079 3040 132 75 BASE*
