<?xml version="1.0" encoding="UTF-8"?>
<alto xmlns="http://www.loc.gov/standards/alto/v3/alto.xsd"><Description><MeasurementUnit>pixel</MeasurementUnit><sourceImageInformation><fileName>./data/pdfs/c_188936619/i_144133901/188082693.23.pdf</fileName></sourceImageInformation><OCRProcessing ID="IdOcr"><ocrProcessingStep><processingDateTime>Fri Jul 12 10:38:41 2019
</processingDateTime><processingSoftware><softwareCreator>CONTRIBUTORS</softwareCreator><softwareName>pdfalto</softwareName><softwareVersion>0.1</softwareVersion></processingSoftware></ocrProcessingStep></OCRProcessing></Description><Styles><TextStyle ID="font0" FONTFAMILY="times" FONTSIZE="10.000" FONTTYPE="serif" FONTWIDTH="proportional" FONTCOLOR="#WWWWWW" FONTSTYLE=""/><TextStyle ID="font1" FONTFAMILY="times" FONTSIZE="6.500" FONTTYPE="serif" FONTWIDTH="proportional" FONTCOLOR="#WWWWWW" FONTSTYLE="superscript"/></Styles><Layout><Page ID="Page687" PHYSICAL_IMG_NR="687" WIDTH="2512" HEIGHT="3417"><PrintSpace><TextLine WIDTH="237" HEIGHT="75" ID="p687_t1" HPOS="569" VPOS="142"><String ID="p687_w1" CONTENT="BOD" HPOS="569" VPOS="142" WIDTH="237" HEIGHT="75" STYLEREFS="font0"/></TextLine><TextLine WIDTH="241" HEIGHT="75" ID="p687_t2" HPOS="1125" VPOS="142"><String ID="p687_w2" CONTENT="(" HPOS="1125" VPOS="142" WIDTH="20" HEIGHT="75" STYLEREFS="font0"/><SP WIDTH="59" VPOS="142" HPOS="1145"/><String ID="p687_w3" CONTENT="577" HPOS="1204" VPOS="142" WIDTH="84" HEIGHT="75" STYLEREFS="font0"/><SP WIDTH="60" VPOS="142" HPOS="1288"/><String ID="p687_w4" CONTENT=")" HPOS="1348" VPOS="142" WIDTH="18" HEIGHT="75" STYLEREFS="font0"/></TextLine><TextLine WIDTH="237" HEIGHT="75" ID="p687_t3" HPOS="1695" VPOS="142"><String ID="p687_w5" CONTENT="BOG" HPOS="1695" VPOS="142" WIDTH="237" HEIGHT="75" STYLEREFS="font0"/></TextLine><TextLine WIDTH="935" HEIGHT="75" ID="p687_t4" HPOS="284" VPOS="215"><String ID="p687_w6" CONTENT="He" HPOS="284" VPOS="215" WIDTH="55" HEIGHT="75" STYLEREFS="font0"/><SP WIDTH="16" VPOS="215" HPOS="339"/><String ID="p687_w7" CONTENT="calls" HPOS="355" VPOS="215" WIDTH="77" HEIGHT="75" STYLEREFS="font0"/><SP WIDTH="12" VPOS="215" HPOS="432"/><String ID="p687_w8" CONTENT="out" HPOS="444" VPOS="215" WIDTH="57" HEIGHT="75" STYLEREFS="font0"/><SP WIDTH="12" VPOS="215" HPOS="501"/><String ID="p687_w9" CONTENT="the" HPOS="513" VPOS="215" WIDTH="55" HEIGHT="75" STYLEREFS="font0"/><SP WIDTH="11" VPOS="215" HPOS="568"/><String ID="p687_w10" CONTENT="feveral" HPOS="579" VPOS="215" WIDTH="119" HEIGHT="75" STYLEREFS="font0"/><SP WIDTH="12" VPOS="215" HPOS="698"/><String ID="p687_w11" CONTENT="gangs" HPOS="710" VPOS="215" WIDTH="97" HEIGHT="75" STYLEREFS="font0"/><SP WIDTH="13" VPOS="215" HPOS="807"/><String ID="p687_w12" CONTENT="and" HPOS="820" VPOS="215" WIDTH="60" HEIGHT="75" STYLEREFS="font0"/><SP WIDTH="15" VPOS="215" HPOS="880"/><String ID="p687_w13" CONTENT="companies" HPOS="895" VPOS="215" WIDTH="179" HEIGHT="75" STYLEREFS="font0"/><SP WIDTH="12" VPOS="215" HPOS="1074"/><String ID="p687_w14" CONTENT="aboard," HPOS="1086" VPOS="215" WIDTH="133" HEIGHT="75" STYLEREFS="font0"/></TextLine><TextLine WIDTH="985" HEIGHT="75" ID="p687_t5" HPOS="234" VPOS="262"><String ID="p687_w15" CONTENT="to" HPOS="234" VPOS="262" WIDTH="37" HEIGHT="75" STYLEREFS="font0"/><SP WIDTH="18" VPOS="262" HPOS="271"/><String ID="p687_w16" CONTENT="the" HPOS="289" VPOS="262" WIDTH="54" HEIGHT="75" STYLEREFS="font0"/><SP WIDTH="17" VPOS="262" HPOS="343"/><String ID="p687_w17" CONTENT="due" HPOS="360" VPOS="262" WIDTH="62" HEIGHT="75" STYLEREFS="font0"/><SP WIDTH="16" VPOS="262" HPOS="422"/><String ID="p687_w18" CONTENT="execation" HPOS="438" VPOS="262" WIDTH="170" HEIGHT="75" STYLEREFS="font0"/><SP WIDTH="17" VPOS="262" HPOS="608"/><String ID="p687_w19" CONTENT="of" HPOS="625" VPOS="262" WIDTH="41" HEIGHT="75" STYLEREFS="font0"/><SP WIDTH="18" VPOS="262" HPOS="666"/><String ID="p687_w20" CONTENT="their" HPOS="684" VPOS="262" WIDTH="82" HEIGHT="75" STYLEREFS="font0"/><SP WIDTH="25" VPOS="262" HPOS="766"/><String ID="p687_w21" CONTENT="watches," HPOS="791" VPOS="262" WIDTH="153" HEIGHT="75" STYLEREFS="font0"/><SP WIDTH="25" VPOS="262" HPOS="944"/><String ID="p687_w22" CONTENT="works," HPOS="969" VPOS="262" WIDTH="119" HEIGHT="75" STYLEREFS="font0"/><SP WIDTH="25" VPOS="262" HPOS="1088"/><String ID="p687_w23" CONTENT="fpells," HPOS="1113" VPOS="262" WIDTH="106" HEIGHT="75" STYLEREFS="font0"/></TextLine><TextLine WIDTH="874" HEIGHT="75" ID="p687_t6" HPOS="345" VPOS="308"><String ID="p687_w24" CONTENT="He" HPOS="345" VPOS="308" WIDTH="51" HEIGHT="75" STYLEREFS="font0"/><SP WIDTH="11" VPOS="308" HPOS="396"/><String ID="p687_w25" CONTENT="is" HPOS="407" VPOS="308" WIDTH="27" HEIGHT="75" STYLEREFS="font0"/><SP WIDTH="17" VPOS="308" HPOS="434"/><String ID="p687_w26" CONTENT="likewife" HPOS="451" VPOS="308" WIDTH="139" HEIGHT="75" STYLEREFS="font0"/><SP WIDTH="16" VPOS="308" HPOS="590"/><String ID="p687_w27" CONTENT="provoft-marlhal," HPOS="606" VPOS="308" WIDTH="288" HEIGHT="75" STYLEREFS="font0"/><SP WIDTH="16" VPOS="308" HPOS="894"/><String ID="p687_w28" CONTENT="who" HPOS="910" VPOS="308" WIDTH="75" HEIGHT="75" STYLEREFS="font0"/><SP WIDTH="16" VPOS="308" HPOS="985"/><String ID="p687_w29" CONTENT="fees" HPOS="1001" VPOS="308" WIDTH="65" HEIGHT="75" STYLEREFS="font0"/><SP WIDTH="18" VPOS="308" HPOS="1066"/><String ID="p687_w30" CONTENT="and" HPOS="1084" VPOS="308" WIDTH="62" HEIGHT="75" STYLEREFS="font0"/><SP WIDTH="16" VPOS="308" HPOS="1146"/><String ID="p687_w31" CONTENT="pu-" HPOS="1162" VPOS="308" WIDTH="57" HEIGHT="75" STYLEREFS="font0"/></TextLine><TextLine WIDTH="983" HEIGHT="75" ID="p687_t7" HPOS="236" VPOS="355"><String ID="p687_w32" CONTENT="nilhes" HPOS="236" VPOS="355" WIDTH="101" HEIGHT="75" STYLEREFS="font0"/><SP WIDTH="13" VPOS="355" HPOS="337"/><String ID="p687_w33" CONTENT="all" HPOS="350" VPOS="355" WIDTH="41" HEIGHT="75" STYLEREFS="font0"/><SP WIDTH="13" VPOS="355" HPOS="391"/><String ID="p687_w34" CONTENT="offenders" HPOS="404" VPOS="355" WIDTH="161" HEIGHT="75" STYLEREFS="font0"/><SP WIDTH="12" VPOS="355" HPOS="565"/><String ID="p687_w35" CONTENT="fentenced" HPOS="577" VPOS="355" WIDTH="166" HEIGHT="75" STYLEREFS="font0"/><SP WIDTH="12" VPOS="355" HPOS="743"/><String ID="p687_w36" CONTENT="by" HPOS="755" VPOS="355" WIDTH="43" HEIGHT="75" STYLEREFS="font0"/><SP WIDTH="12" VPOS="355" HPOS="798"/><String ID="p687_w37" CONTENT="the" HPOS="810" VPOS="355" WIDTH="55" HEIGHT="75" STYLEREFS="font0"/><SP WIDTH="13" VPOS="355" HPOS="865"/><String ID="p687_w38" CONTENT="captain," HPOS="878" VPOS="355" WIDTH="137" HEIGHT="75" STYLEREFS="font0"/><SP WIDTH="16" VPOS="355" HPOS="1015"/><String ID="p687_w39" CONTENT="or" HPOS="1031" VPOS="355" WIDTH="38" HEIGHT="75" STYLEREFS="font0"/><SP WIDTH="12" VPOS="355" HPOS="1069"/><String ID="p687_w40" CONTENT="a" HPOS="1081" VPOS="355" WIDTH="19" HEIGHT="75" STYLEREFS="font0"/><SP WIDTH="11" VPOS="355" HPOS="1100"/><String ID="p687_w41" CONTENT="court-" HPOS="1111" VPOS="355" WIDTH="108" HEIGHT="75" STYLEREFS="font0"/></TextLine><TextLine WIDTH="357" HEIGHT="75" ID="p687_t8" HPOS="236" VPOS="400"><String ID="p687_w42" CONTENT="martial" HPOS="236" VPOS="400" WIDTH="123" HEIGHT="75" STYLEREFS="font0"/><SP WIDTH="17" VPOS="400" HPOS="359"/><String ID="p687_w43" CONTENT="of" HPOS="376" VPOS="400" WIDTH="40" HEIGHT="75" STYLEREFS="font0"/><SP WIDTH="19" VPOS="400" HPOS="416"/><String ID="p687_w44" CONTENT="the" HPOS="435" VPOS="400" WIDTH="55" HEIGHT="75" STYLEREFS="font0"/><SP WIDTH="17" VPOS="400" HPOS="490"/><String ID="p687_w45" CONTENT="fleet." HPOS="507" VPOS="400" WIDTH="86" HEIGHT="75" STYLEREFS="font0"/></TextLine><TextLine WIDTH="1031" HEIGHT="75" ID="p687_t9" HPOS="188" VPOS="447"><String ID="p687_w46" CONTENT="Boatswain’s" HPOS="188" VPOS="447" WIDTH="269" HEIGHT="75" STYLEREFS="font0"/><SP WIDTH="18" VPOS="447" HPOS="457"/><String ID="p687_w47" CONTENT="mat?" HPOS="475" VPOS="447" WIDTH="86" HEIGHT="75" STYLEREFS="font0"/><SP WIDTH="22" VPOS="447" HPOS="561"/><String ID="p687_w48" CONTENT="has" HPOS="583" VPOS="447" WIDTH="58" HEIGHT="75" STYLEREFS="font0"/><SP WIDTH="21" VPOS="447" HPOS="641"/><String ID="p687_w49" CONTENT="the" HPOS="662" VPOS="447" WIDTH="57" HEIGHT="75" STYLEREFS="font0"/><SP WIDTH="22" VPOS="447" HPOS="719"/><String ID="p687_w50" CONTENT="peculiar" HPOS="741" VPOS="447" WIDTH="141" HEIGHT="75" STYLEREFS="font0"/><SP WIDTH="23" VPOS="447" HPOS="882"/><String ID="p687_w51" CONTENT="command" HPOS="905" VPOS="447" WIDTH="169" HEIGHT="75" STYLEREFS="font0"/><SP WIDTH="28" VPOS="447" HPOS="1074"/><String ID="p687_w52" CONTENT="of" HPOS="1102" VPOS="447" WIDTH="39" HEIGHT="75" STYLEREFS="font0"/><SP WIDTH="21" VPOS="447" HPOS="1141"/><String ID="p687_w53" CONTENT="the" HPOS="1162" VPOS="447" WIDTH="57" HEIGHT="75" STYLEREFS="font0"/></TextLine><TextLine WIDTH="985" HEIGHT="75" ID="p687_t10" HPOS="234" VPOS="493"><String ID="p687_w54" CONTENT="long" HPOS="234" VPOS="493" WIDTH="76" HEIGHT="75" STYLEREFS="font0"/><SP WIDTH="17" VPOS="493" HPOS="310"/><String ID="p687_w55" CONTENT="boat," HPOS="327" VPOS="493" WIDTH="89" HEIGHT="75" STYLEREFS="font0"/><SP WIDTH="25" VPOS="493" HPOS="416"/><String ID="p687_w56" CONTENT="for" HPOS="441" VPOS="493" WIDTH="52" HEIGHT="75" STYLEREFS="font0"/><SP WIDTH="17" VPOS="493" HPOS="493"/><String ID="p687_w57" CONTENT="the" HPOS="510" VPOS="493" WIDTH="55" HEIGHT="75" STYLEREFS="font0"/><SP WIDTH="22" VPOS="493" HPOS="565"/><String ID="p687_w58" CONTENT="fetting" HPOS="587" VPOS="493" WIDTH="116" HEIGHT="75" STYLEREFS="font0"/><SP WIDTH="17" VPOS="493" HPOS="703"/><String ID="p687_w59" CONTENT="forth" HPOS="720" VPOS="493" WIDTH="89" HEIGHT="75" STYLEREFS="font0"/><SP WIDTH="17" VPOS="493" HPOS="809"/><String ID="p687_w60" CONTENT="of" HPOS="826" VPOS="493" WIDTH="40" HEIGHT="75" STYLEREFS="font0"/><SP WIDTH="18" VPOS="493" HPOS="866"/><String ID="p687_w61" CONTENT="anchors," HPOS="884" VPOS="493" WIDTH="147" HEIGHT="75" STYLEREFS="font0"/><SP WIDTH="26" VPOS="493" HPOS="1031"/><String ID="p687_w62" CONTENT="weighing" HPOS="1057" VPOS="493" WIDTH="162" HEIGHT="75" STYLEREFS="font0"/></TextLine><TextLine WIDTH="983" HEIGHT="75" ID="p687_t11" HPOS="235" VPOS="540"><String ID="p687_w63" CONTENT="or" HPOS="235" VPOS="540" WIDTH="38" HEIGHT="75" STYLEREFS="font0"/><SP WIDTH="27" VPOS="540" HPOS="273"/><String ID="p687_w64" CONTENT="fetching" HPOS="300" VPOS="540" WIDTH="145" HEIGHT="75" STYLEREFS="font0"/><SP WIDTH="26" VPOS="540" HPOS="445"/><String ID="p687_w65" CONTENT="home" HPOS="471" VPOS="540" WIDTH="96" HEIGHT="75" STYLEREFS="font0"/><SP WIDTH="28" VPOS="540" HPOS="567"/><String ID="p687_w66" CONTENT="an" HPOS="595" VPOS="540" WIDTH="38" HEIGHT="75" STYLEREFS="font0"/><SP WIDTH="28" VPOS="540" HPOS="633"/><String ID="p687_w67" CONTENT="anchor," HPOS="661" VPOS="540" WIDTH="130" HEIGHT="75" STYLEREFS="font0"/><SP WIDTH="37" VPOS="540" HPOS="791"/><String ID="p687_w68" CONTENT="warping," HPOS="828" VPOS="540" WIDTH="154" HEIGHT="75" STYLEREFS="font0"/><SP WIDTH="31" VPOS="540" HPOS="982"/><String ID="p687_w69" CONTENT="towing," HPOS="1013" VPOS="540" WIDTH="133" HEIGHT="75" STYLEREFS="font0"/><SP WIDTH="33" VPOS="540" HPOS="1146"/><String ID="p687_w70" CONTENT="or" HPOS="1179" VPOS="540" WIDTH="39" HEIGHT="75" STYLEREFS="font0"/></TextLine><TextLine WIDTH="876" HEIGHT="75" ID="p687_t12" HPOS="234" VPOS="585"><String ID="p687_w71" CONTENT="mooring;" HPOS="234" VPOS="585" WIDTH="168" HEIGHT="75" STYLEREFS="font0"/><SP WIDTH="27" VPOS="585" HPOS="402"/><String ID="p687_w72" CONTENT="and" HPOS="429" VPOS="585" WIDTH="62" HEIGHT="75" STYLEREFS="font0"/><SP WIDTH="16" VPOS="585" HPOS="491"/><String ID="p687_w73" CONTENT="is" HPOS="507" VPOS="585" WIDTH="26" HEIGHT="75" STYLEREFS="font0"/><SP WIDTH="17" VPOS="585" HPOS="533"/><String ID="p687_w74" CONTENT="to" HPOS="550" VPOS="585" WIDTH="35" HEIGHT="75" STYLEREFS="font0"/><SP WIDTH="17" VPOS="585" HPOS="585"/><String ID="p687_w75" CONTENT="give" HPOS="602" VPOS="585" WIDTH="71" HEIGHT="75" STYLEREFS="font0"/><SP WIDTH="16" VPOS="585" HPOS="673"/><String ID="p687_w76" CONTENT="an" HPOS="689" VPOS="585" WIDTH="39" HEIGHT="75" STYLEREFS="font0"/><SP WIDTH="13" VPOS="585" HPOS="728"/><String ID="p687_w77" CONTENT="account" HPOS="741" VPOS="585" WIDTH="134" HEIGHT="75" STYLEREFS="font0"/><SP WIDTH="17" VPOS="585" HPOS="875"/><String ID="p687_w78" CONTENT="of" HPOS="892" VPOS="585" WIDTH="39" HEIGHT="75" STYLEREFS="font0"/><SP WIDTH="18" VPOS="585" HPOS="931"/><String ID="p687_w79" CONTENT="his" HPOS="949" VPOS="585" WIDTH="49" HEIGHT="75" STYLEREFS="font0"/><SP WIDTH="18" VPOS="585" HPOS="998"/><String ID="p687_w80" CONTENT="ftore." HPOS="1016" VPOS="585" WIDTH="94" HEIGHT="75" STYLEREFS="font0"/></TextLine><TextLine WIDTH="955" HEIGHT="75" ID="p687_t13" HPOS="186" VPOS="633"><String ID="p687_w81" CONTENT="BOB," HPOS="186" VPOS="633" WIDTH="109" HEIGHT="75" STYLEREFS="font0"/><SP WIDTH="26" VPOS="633" HPOS="295"/><String ID="p687_w82" CONTENT="a" HPOS="321" VPOS="633" WIDTH="19" HEIGHT="75" STYLEREFS="font0"/><SP WIDTH="14" VPOS="633" HPOS="340"/><String ID="p687_w83" CONTENT="term" HPOS="354" VPOS="633" WIDTH="85" HEIGHT="75" STYLEREFS="font0"/><SP WIDTH="18" VPOS="633" HPOS="439"/><String ID="p687_w84" CONTENT="ufed" HPOS="457" VPOS="633" WIDTH="74" HEIGHT="75" STYLEREFS="font0"/><SP WIDTH="13" VPOS="633" HPOS="531"/><String ID="p687_w85" CONTENT="for" HPOS="544" VPOS="633" WIDTH="51" HEIGHT="75" STYLEREFS="font0"/><SP WIDTH="16" VPOS="633" HPOS="595"/><String ID="p687_w86" CONTENT="the" HPOS="611" VPOS="633" WIDTH="55" HEIGHT="75" STYLEREFS="font0"/><SP WIDTH="16" VPOS="633" HPOS="666"/><String ID="p687_w87" CONTENT="ball" HPOS="682" VPOS="633" WIDTH="64" HEIGHT="75" STYLEREFS="font0"/><SP WIDTH="17" VPOS="633" HPOS="746"/><String ID="p687_w88" CONTENT="of" HPOS="763" VPOS="633" WIDTH="39" HEIGHT="75" STYLEREFS="font0"/><SP WIDTH="20" VPOS="633" HPOS="802"/><String ID="p687_w89" CONTENT="a" HPOS="822" VPOS="633" WIDTH="18" HEIGHT="75" STYLEREFS="font0"/><SP WIDTH="14" VPOS="633" HPOS="840"/><String ID="p687_w90" CONTENT="fhort" HPOS="854" VPOS="633" WIDTH="87" HEIGHT="75" STYLEREFS="font0"/><SP WIDTH="16" VPOS="633" HPOS="941"/><String ID="p687_w91" CONTENT="pendulum." HPOS="957" VPOS="633" WIDTH="184" HEIGHT="75" STYLEREFS="font0"/></TextLine><TextLine WIDTH="1028" HEIGHT="75" ID="p687_t14" HPOS="187" VPOS="678"><String ID="p687_w92" CONTENT="BOBARTIA," HPOS="187" VPOS="678" WIDTH="265" HEIGHT="75" STYLEREFS="font0"/><SP WIDTH="25" VPOS="678" HPOS="452"/><String ID="p687_w93" CONTENT="in" HPOS="477" VPOS="678" WIDTH="32" HEIGHT="75" STYLEREFS="font0"/><SP WIDTH="18" VPOS="678" HPOS="509"/><String ID="p687_w94" CONTENT="botany," HPOS="527" VPOS="678" WIDTH="131" HEIGHT="75" STYLEREFS="font0"/><SP WIDTH="25" VPOS="678" HPOS="658"/><String ID="p687_w95" CONTENT="a" HPOS="683" VPOS="678" WIDTH="18" HEIGHT="75" STYLEREFS="font0"/><SP WIDTH="16" VPOS="678" HPOS="701"/><String ID="p687_w96" CONTENT="genus" HPOS="717" VPOS="678" WIDTH="98" HEIGHT="75" STYLEREFS="font0"/><SP WIDTH="12" VPOS="678" HPOS="815"/><String ID="p687_w97" CONTENT="of" HPOS="827" VPOS="678" WIDTH="40" HEIGHT="75" STYLEREFS="font0"/><SP WIDTH="20" VPOS="678" HPOS="867"/><String ID="p687_w98" CONTENT="the" HPOS="887" VPOS="678" WIDTH="55" HEIGHT="75" STYLEREFS="font0"/><SP WIDTH="13" VPOS="678" HPOS="942"/><String ID="p687_w99" CONTENT="triandria" HPOS="955" VPOS="678" WIDTH="153" HEIGHT="75" STYLEREFS="font0"/><SP WIDTH="15" VPOS="678" HPOS="1108"/><String ID="p687_w100" CONTENT="digy-" HPOS="1123" VPOS="678" WIDTH="92" HEIGHT="75" STYLEREFS="font0"/></TextLine><TextLine WIDTH="983" HEIGHT="75" ID="p687_t15" HPOS="235" VPOS="725"><String ID="p687_w101" CONTENT="nia" HPOS="235" VPOS="725" WIDTH="51" HEIGHT="75" STYLEREFS="font0"/><SP WIDTH="16" VPOS="725" HPOS="286"/><String ID="p687_w102" CONTENT="clfifs." HPOS="302" VPOS="725" WIDTH="92" HEIGHT="75" STYLEREFS="font0"/><SP WIDTH="49" VPOS="725" HPOS="394"/><String ID="p687_w103" CONTENT="The" HPOS="443" VPOS="725" WIDTH="76" HEIGHT="75" STYLEREFS="font0"/><SP WIDTH="24" VPOS="725" HPOS="519"/><String ID="p687_w104" CONTENT="calix" HPOS="543" VPOS="725" WIDTH="85" HEIGHT="75" STYLEREFS="font0"/><SP WIDTH="24" VPOS="725" HPOS="628"/><String ID="p687_w105" CONTENT="is" HPOS="652" VPOS="725" WIDTH="26" HEIGHT="75" STYLEREFS="font0"/><SP WIDTH="25" VPOS="725" HPOS="678"/><String ID="p687_w106" CONTENT="imbricated;" HPOS="703" VPOS="725" WIDTH="207" HEIGHT="75" STYLEREFS="font0"/><SP WIDTH="28" VPOS="725" HPOS="910"/><String ID="p687_w107" CONTENT="and" HPOS="938" VPOS="725" WIDTH="63" HEIGHT="75" STYLEREFS="font0"/><SP WIDTH="23" VPOS="725" HPOS="1001"/><String ID="p687_w108" CONTENT="the" HPOS="1024" VPOS="725" WIDTH="55" HEIGHT="75" STYLEREFS="font0"/><SP WIDTH="17" VPOS="725" HPOS="1079"/><String ID="p687_w109" CONTENT="corolla" HPOS="1096" VPOS="725" WIDTH="122" HEIGHT="75" STYLEREFS="font0"/></TextLine><TextLine WIDTH="982" HEIGHT="75" ID="p687_t16" HPOS="234" VPOS="771"><String ID="p687_w110" CONTENT="confifts" HPOS="234" VPOS="771" WIDTH="124" HEIGHT="75" STYLEREFS="font0"/><SP WIDTH="17" VPOS="771" HPOS="358"/><String ID="p687_w111" CONTENT="of" HPOS="375" VPOS="771" WIDTH="40" HEIGHT="75" STYLEREFS="font0"/><SP WIDTH="18" VPOS="771" HPOS="415"/><String ID="p687_w112" CONTENT="a" HPOS="433" VPOS="771" WIDTH="19" HEIGHT="75" STYLEREFS="font0"/><SP WIDTH="15" VPOS="771" HPOS="452"/><String ID="p687_w113" CONTENT="double-valved" HPOS="467" VPOS="771" WIDTH="250" HEIGHT="75" STYLEREFS="font0"/><SP WIDTH="15" VPOS="771" HPOS="717"/><String ID="p687_w114" CONTENT="gliima." HPOS="732" VPOS="771" WIDTH="120" HEIGHT="75" STYLEREFS="font0"/><SP WIDTH="46" VPOS="771" HPOS="852"/><String ID="p687_w115" CONTENT="There" HPOS="898" VPOS="771" WIDTH="113" HEIGHT="75" STYLEREFS="font0"/><SP WIDTH="21" VPOS="771" HPOS="1011"/><String ID="p687_w116" CONTENT="is" HPOS="1032" VPOS="771" WIDTH="26" HEIGHT="75" STYLEREFS="font0"/><SP WIDTH="24" VPOS="771" HPOS="1058"/><String ID="p687_w117" CONTENT="but" HPOS="1082" VPOS="771" WIDTH="57" HEIGHT="75" STYLEREFS="font0"/><SP WIDTH="16" VPOS="771" HPOS="1139"/><String ID="p687_w118" CONTENT="one" HPOS="1155" VPOS="771" WIDTH="61" HEIGHT="75" STYLEREFS="font0"/></TextLine><TextLine WIDTH="869" HEIGHT="75" ID="p687_t17" HPOS="234" VPOS="817"><String ID="p687_w119" CONTENT="fpecies," HPOS="234" VPOS="817" WIDTH="129" HEIGHT="75" STYLEREFS="font0"/><SP WIDTH="25" VPOS="817" HPOS="363"/><String ID="p687_w120" CONTENT="viz." HPOS="388" VPOS="817" WIDTH="69" HEIGHT="75" STYLEREFS="font0"/><SP WIDTH="26" VPOS="817" HPOS="457"/><String ID="p687_w121" CONTENT="the" HPOS="483" VPOS="817" WIDTH="55" HEIGHT="75" STYLEREFS="font0"/><SP WIDTH="15" VPOS="817" HPOS="538"/><String ID="p687_w122" CONTENT="indica," HPOS="553" VPOS="817" WIDTH="117" HEIGHT="75" STYLEREFS="font0"/><SP WIDTH="25" VPOS="817" HPOS="670"/><String ID="p687_w123" CONTENT="a" HPOS="695" VPOS="817" WIDTH="18" HEIGHT="75" STYLEREFS="font0"/><SP WIDTH="16" VPOS="817" HPOS="713"/><String ID="p687_w124" CONTENT="native" HPOS="729" VPOS="817" WIDTH="105" HEIGHT="75" STYLEREFS="font0"/><SP WIDTH="17" VPOS="817" HPOS="834"/><String ID="p687_w125" CONTENT="of" HPOS="851" VPOS="817" WIDTH="40" HEIGHT="75" STYLEREFS="font0"/><SP WIDTH="18" VPOS="817" HPOS="891"/><String ID="p687_w126" CONTENT="the" HPOS="909" VPOS="817" WIDTH="56" HEIGHT="75" STYLEREFS="font0"/><SP WIDTH="16" VPOS="817" HPOS="965"/><String ID="p687_w127" CONTENT="Indies." HPOS="981" VPOS="817" WIDTH="122" HEIGHT="75" STYLEREFS="font0"/></TextLine><TextLine WIDTH="1035" HEIGHT="75" ID="p687_t18" HPOS="186" VPOS="865"><String ID="p687_w128" CONTENT="BOBBIN," HPOS="186" VPOS="865" WIDTH="193" HEIGHT="75" STYLEREFS="font0"/><SP WIDTH="26" VPOS="865" HPOS="379"/><String ID="p687_w129" CONTENT="a" HPOS="405" VPOS="865" WIDTH="19" HEIGHT="75" STYLEREFS="font0"/><SP WIDTH="14" VPOS="865" HPOS="424"/><String ID="p687_w130" CONTENT="fmall" HPOS="438" VPOS="865" WIDTH="90" HEIGHT="75" STYLEREFS="font0"/><SP WIDTH="24" VPOS="865" HPOS="528"/><String ID="p687_w131" CONTENT="piece" HPOS="552" VPOS="865" WIDTH="87" HEIGHT="75" STYLEREFS="font0"/><SP WIDTH="19" VPOS="865" HPOS="639"/><String ID="p687_w132" CONTENT="of" HPOS="658" VPOS="865" WIDTH="40" HEIGHT="75" STYLEREFS="font0"/><SP WIDTH="18" VPOS="865" HPOS="698"/><String ID="p687_w133" CONTENT="wood" HPOS="716" VPOS="865" WIDTH="96" HEIGHT="75" STYLEREFS="font0"/><SP WIDTH="17" VPOS="865" HPOS="812"/><String ID="p687_w134" CONTENT="turned" HPOS="829" VPOS="865" WIDTH="114" HEIGHT="75" STYLEREFS="font0"/><SP WIDTH="15" VPOS="865" HPOS="943"/><String ID="p687_w135" CONTENT="in" HPOS="958" VPOS="865" WIDTH="33" HEIGHT="75" STYLEREFS="font0"/><SP WIDTH="16" VPOS="865" HPOS="991"/><String ID="p687_w136" CONTENT="the" HPOS="1007" VPOS="865" WIDTH="56" HEIGHT="75" STYLEREFS="font0"/><SP WIDTH="16" VPOS="865" HPOS="1063"/><String ID="p687_w137" CONTENT="form" HPOS="1079" VPOS="865" WIDTH="85" HEIGHT="75" STYLEREFS="font0"/><SP WIDTH="16" VPOS="865" HPOS="1164"/><String ID="p687_w138" CONTENT="of" HPOS="1180" VPOS="865" WIDTH="41" HEIGHT="75" STYLEREFS="font0"/></TextLine><TextLine WIDTH="984" HEIGHT="75" ID="p687_t19" HPOS="230" VPOS="911"><String ID="p687_w139" CONTENT="a" HPOS="230" VPOS="911" WIDTH="21" HEIGHT="75" STYLEREFS="font0"/><SP WIDTH="11" VPOS="911" HPOS="251"/><String ID="p687_w140" CONTENT="cylinder," HPOS="262" VPOS="911" WIDTH="154" HEIGHT="75" STYLEREFS="font0"/><SP WIDTH="19" VPOS="911" HPOS="416"/><String ID="p687_w141" CONTENT="with" HPOS="435" VPOS="911" WIDTH="78" HEIGHT="75" STYLEREFS="font0"/><SP WIDTH="18" VPOS="911" HPOS="513"/><String ID="p687_w142" CONTENT="a" HPOS="531" VPOS="911" WIDTH="18" HEIGHT="75" STYLEREFS="font0"/><SP WIDTH="11" VPOS="911" HPOS="549"/><String ID="p687_w143" CONTENT="little" HPOS="560" VPOS="911" WIDTH="84" HEIGHT="75" STYLEREFS="font0"/><SP WIDTH="14" VPOS="911" HPOS="644"/><String ID="p687_w144" CONTENT="border" HPOS="658" VPOS="911" WIDTH="118" HEIGHT="75" STYLEREFS="font0"/><SP WIDTH="13" VPOS="911" HPOS="776"/><String ID="p687_w145" CONTENT="jutting" HPOS="789" VPOS="911" WIDTH="121" HEIGHT="75" STYLEREFS="font0"/><SP WIDTH="16" VPOS="911" HPOS="910"/><String ID="p687_w146" CONTENT="out" HPOS="926" VPOS="911" WIDTH="57" HEIGHT="75" STYLEREFS="font0"/><SP WIDTH="17" VPOS="911" HPOS="983"/><String ID="p687_w147" CONTENT="at" HPOS="1000" VPOS="911" WIDTH="32" HEIGHT="75" STYLEREFS="font0"/><SP WIDTH="12" VPOS="911" HPOS="1032"/><String ID="p687_w148" CONTENT="each" HPOS="1044" VPOS="911" WIDTH="78" HEIGHT="75" STYLEREFS="font0"/><SP WIDTH="17" VPOS="911" HPOS="1122"/><String ID="p687_w149" CONTENT="end," HPOS="1139" VPOS="911" WIDTH="75" HEIGHT="75" STYLEREFS="font0"/></TextLine><TextLine WIDTH="982" HEIGHT="75" ID="p687_t20" HPOS="231" VPOS="957"><String ID="p687_w150" CONTENT="bored" HPOS="231" VPOS="957" WIDTH="101" HEIGHT="75" STYLEREFS="font0"/><SP WIDTH="15" VPOS="957" HPOS="332"/><String ID="p687_w151" CONTENT="through" HPOS="347" VPOS="957" WIDTH="142" HEIGHT="75" STYLEREFS="font0"/><SP WIDTH="17" VPOS="957" HPOS="489"/><String ID="p687_w152" CONTENT="to" HPOS="506" VPOS="957" WIDTH="35" HEIGHT="75" STYLEREFS="font0"/><SP WIDTH="12" VPOS="957" HPOS="541"/><String ID="p687_w153" CONTENT="receive" HPOS="553" VPOS="957" WIDTH="124" HEIGHT="75" STYLEREFS="font0"/><SP WIDTH="17" VPOS="957" HPOS="677"/><String ID="p687_w154" CONTENT="a" HPOS="694" VPOS="957" WIDTH="18" HEIGHT="75" STYLEREFS="font0"/><SP WIDTH="16" VPOS="957" HPOS="712"/><String ID="p687_w155" CONTENT="fmall" HPOS="728" VPOS="957" WIDTH="90" HEIGHT="75" STYLEREFS="font0"/><SP WIDTH="11" VPOS="957" HPOS="818"/><String ID="p687_w156" CONTENT="iron" HPOS="829" VPOS="957" WIDTH="71" HEIGHT="75" STYLEREFS="font0"/><SP WIDTH="17" VPOS="957" HPOS="900"/><String ID="p687_w157" CONTENT="pivot." HPOS="917" VPOS="957" WIDTH="101" HEIGHT="75" STYLEREFS="font0"/><SP WIDTH="49" VPOS="957" HPOS="1018"/><String ID="p687_w158" CONTENT="It" HPOS="1067" VPOS="957" WIDTH="32" HEIGHT="75" STYLEREFS="font0"/><SP WIDTH="13" VPOS="957" HPOS="1099"/><String ID="p687_w159" CONTENT="ferves" HPOS="1112" VPOS="957" WIDTH="101" HEIGHT="75" STYLEREFS="font0"/></TextLine><TextLine WIDTH="981" HEIGHT="75" ID="p687_t21" HPOS="232" VPOS="1004"><String ID="p687_w160" CONTENT="to" HPOS="232" VPOS="1004" WIDTH="34" HEIGHT="75" STYLEREFS="font0"/><SP WIDTH="24" VPOS="1004" HPOS="266"/><String ID="p687_w161" CONTENT="fpin" HPOS="290" VPOS="1004" WIDTH="68" HEIGHT="75" STYLEREFS="font0"/><SP WIDTH="22" VPOS="1004" HPOS="358"/><String ID="p687_w162" CONTENT="with" HPOS="380" VPOS="1004" WIDTH="79" HEIGHT="75" STYLEREFS="font0"/><SP WIDTH="25" VPOS="1004" HPOS="459"/><String ID="p687_w163" CONTENT="the" HPOS="484" VPOS="1004" WIDTH="56" HEIGHT="75" STYLEREFS="font0"/><SP WIDTH="24" VPOS="1004" HPOS="540"/><String ID="p687_w164" CONTENT="fpinning-wheel," HPOS="564" VPOS="1004" WIDTH="276" HEIGHT="75" STYLEREFS="font0"/><SP WIDTH="25" VPOS="1004" HPOS="840"/><String ID="p687_w165" CONTENT="or" HPOS="865" VPOS="1004" WIDTH="38" HEIGHT="75" STYLEREFS="font0"/><SP WIDTH="23" VPOS="1004" HPOS="903"/><String ID="p687_w166" CONTENT="to" HPOS="926" VPOS="1004" WIDTH="35" HEIGHT="75" STYLEREFS="font0"/><SP WIDTH="17" VPOS="1004" HPOS="961"/><String ID="p687_w167" CONTENT="wind" HPOS="978" VPOS="1004" WIDTH="87" HEIGHT="75" STYLEREFS="font0"/><SP WIDTH="23" VPOS="1004" HPOS="1065"/><String ID="p687_w168" CONTENT="thread," HPOS="1088" VPOS="1004" WIDTH="125" HEIGHT="75" STYLEREFS="font0"/></TextLine><TextLine WIDTH="817" HEIGHT="75" ID="p687_t22" HPOS="231" VPOS="1050"><String ID="p687_w169" CONTENT="worfted," HPOS="231" VPOS="1050" WIDTH="148" HEIGHT="75" STYLEREFS="font0"/><SP WIDTH="24" VPOS="1050" HPOS="379"/><String ID="p687_w170" CONTENT="hair," HPOS="403" VPOS="1050" WIDTH="83" HEIGHT="75" STYLEREFS="font0"/><SP WIDTH="25" VPOS="1050" HPOS="486"/><String ID="p687_w171" CONTENT="cotton," HPOS="511" VPOS="1050" WIDTH="124" HEIGHT="75" STYLEREFS="font0"/><SP WIDTH="24" VPOS="1050" HPOS="635"/><String ID="p687_w172" CONTENT="filk," HPOS="659" VPOS="1050" WIDTH="69" HEIGHT="75" STYLEREFS="font0"/><SP WIDTH="26" VPOS="1050" HPOS="728"/><String ID="p687_w173" CONTENT="gold," HPOS="754" VPOS="1050" WIDTH="89" HEIGHT="75" STYLEREFS="font0"/><SP WIDTH="25" VPOS="1050" HPOS="843"/><String ID="p687_w174" CONTENT="and" HPOS="868" VPOS="1050" WIDTH="62" HEIGHT="75" STYLEREFS="font0"/><SP WIDTH="15" VPOS="1050" HPOS="930"/><String ID="p687_w175" CONTENT="filver." HPOS="945" VPOS="1050" WIDTH="103" HEIGHT="75" STYLEREFS="font0"/></TextLine><TextLine WIDTH="925" HEIGHT="75" ID="p687_t23" HPOS="185" VPOS="1096"><String ID="p687_w176" CONTENT="BOBBING," HPOS="185" VPOS="1096" WIDTH="231" HEIGHT="75" STYLEREFS="font0"/><SP WIDTH="26" VPOS="1096" HPOS="416"/><String ID="p687_w177" CONTENT="a" HPOS="442" VPOS="1096" WIDTH="18" HEIGHT="75" STYLEREFS="font0"/><SP WIDTH="12" VPOS="1096" HPOS="460"/><String ID="p687_w178" CONTENT="method" HPOS="472" VPOS="1096" WIDTH="132" HEIGHT="75" STYLEREFS="font0"/><SP WIDTH="16" VPOS="1096" HPOS="604"/><String ID="p687_w179" CONTENT="of" HPOS="620" VPOS="1096" WIDTH="39" HEIGHT="75" STYLEREFS="font0"/><SP WIDTH="20" VPOS="1096" HPOS="659"/><String ID="p687_w180" CONTENT="fifhing." HPOS="679" VPOS="1096" WIDTH="120" HEIGHT="75" STYLEREFS="font0"/><SP WIDTH="51" VPOS="1096" HPOS="799"/><String ID="p687_w181" CONTENT="See" HPOS="850" VPOS="1096" WIDTH="61" HEIGHT="75" STYLEREFS="font0"/><SP WIDTH="17" VPOS="1096" HPOS="911"/><String ID="p687_w182" CONTENT="Fishing." HPOS="928" VPOS="1096" WIDTH="182" HEIGHT="75" STYLEREFS="font0"/></TextLine><TextLine WIDTH="1031" HEIGHT="75" ID="p687_t24" HPOS="184" VPOS="1143"><String ID="p687_w183" CONTENT="BOBBIO," HPOS="184" VPOS="1143" WIDTH="193" HEIGHT="75" STYLEREFS="font0"/><SP WIDTH="36" VPOS="1143" HPOS="377"/><String ID="p687_w184" CONTENT="a" HPOS="413" VPOS="1143" WIDTH="19" HEIGHT="75" STYLEREFS="font0"/><SP WIDTH="27" VPOS="1143" HPOS="432"/><String ID="p687_w185" CONTENT="town" HPOS="459" VPOS="1143" WIDTH="85" HEIGHT="75" STYLEREFS="font0"/><SP WIDTH="29" VPOS="1143" HPOS="544"/><String ID="p687_w186" CONTENT="of" HPOS="573" VPOS="1143" WIDTH="40" HEIGHT="75" STYLEREFS="font0"/><SP WIDTH="22" VPOS="1143" HPOS="613"/><String ID="p687_w187" CONTENT="the" HPOS="635" VPOS="1143" WIDTH="55" HEIGHT="75" STYLEREFS="font0"/><SP WIDTH="26" VPOS="1143" HPOS="690"/><String ID="p687_w188" CONTENT="Milanefe," HPOS="716" VPOS="1143" WIDTH="170" HEIGHT="75" STYLEREFS="font0"/><SP WIDTH="36" VPOS="1143" HPOS="886"/><String ID="p687_w189" CONTENT="in" HPOS="922" VPOS="1143" WIDTH="33" HEIGHT="75" STYLEREFS="font0"/><SP WIDTH="27" VPOS="1143" HPOS="955"/><String ID="p687_w190" CONTENT="Italy," HPOS="982" VPOS="1143" WIDTH="98" HEIGHT="75" STYLEREFS="font0"/><SP WIDTH="24" VPOS="1143" HPOS="1080"/><String ID="p687_w191" CONTENT="-about" HPOS="1104" VPOS="1143" WIDTH="111" HEIGHT="75" STYLEREFS="font0"/></TextLine><TextLine WIDTH="982" HEIGHT="75" ID="p687_t25" HPOS="231" VPOS="1170"><String ID="p687_w192" CONTENT="twenty-eight" HPOS="231" VPOS="1188" WIDTH="228" HEIGHT="75" STYLEREFS="font0"/><SP WIDTH="16" VPOS="1188" HPOS="459"/><String ID="p687_w193" CONTENT="miles" HPOS="475" VPOS="1188" WIDTH="91" HEIGHT="75" STYLEREFS="font0"/><SP WIDTH="15" VPOS="1188" HPOS="566"/><String ID="p687_w194" CONTENT="fouth-eaft" HPOS="581" VPOS="1188" WIDTH="173" HEIGHT="75" STYLEREFS="font0"/><SP WIDTH="17" VPOS="1188" HPOS="754"/><String ID="p687_w195" CONTENT="of" HPOS="771" VPOS="1188" WIDTH="40" HEIGHT="75" STYLEREFS="font0"/><SP WIDTH="10" VPOS="1188" HPOS="811"/><String ID="p687_w196" CONTENT="Pavia" HPOS="821" VPOS="1188" WIDTH="100" HEIGHT="75" STYLEREFS="font0"/><SP WIDTH="9" VPOS="1188" HPOS="921"/><String ID="p687_w197" CONTENT="5" HPOS="930" VPOS="1188" WIDTH="12" HEIGHT="75" STYLEREFS="font0"/><SP WIDTH="26" VPOS="1188" HPOS="942"/><String ID="p687_w198" CONTENT="E." HPOS="968" VPOS="1188" WIDTH="44" HEIGHT="75" STYLEREFS="font0"/><SP WIDTH="17" VPOS="1188" HPOS="1012"/><String ID="p687_w199" CONTENT="long," HPOS="1029" VPOS="1188" WIDTH="90" HEIGHT="75" STYLEREFS="font0"/><SP WIDTH="23" VPOS="1188" HPOS="1119"/><String ID="p687_w200" CONTENT="to" HPOS="1142" VPOS="1188" WIDTH="39" HEIGHT="75" STYLEREFS="font0"/><String ID="p687_w201" CONTENT="0" HPOS="1181" VPOS="1170" WIDTH="18" HEIGHT="49" STYLEREFS="font1"/><String ID="p687_w202" CONTENT="," HPOS="1199" VPOS="1188" WIDTH="14" HEIGHT="75" STYLEREFS="font0"/></TextLine><TextLine WIDTH="292" HEIGHT="75" ID="p687_t26" HPOS="231" VPOS="1218"><String ID="p687_w203" CONTENT="N" HPOS="231" VPOS="1236" WIDTH="34" HEIGHT="75" STYLEREFS="font0"/><SP WIDTH="27" VPOS="1236" HPOS="265"/><String ID="p687_w204" CONTENT="lat." HPOS="292" VPOS="1236" WIDTH="57" HEIGHT="75" STYLEREFS="font0"/><SP WIDTH="21" VPOS="1236" HPOS="349"/><String ID="p687_w205" CONTENT="44" HPOS="370" VPOS="1236" WIDTH="43" HEIGHT="75" STYLEREFS="font0"/><String ID="p687_w206" CONTENT="0" HPOS="413" VPOS="1218" WIDTH="22" HEIGHT="49" STYLEREFS="font1"/><SP WIDTH="21" VPOS="1218" HPOS="435"/><String ID="p687_w207" CONTENT="35'." HPOS="456" VPOS="1236" WIDTH="67" HEIGHT="75" STYLEREFS="font0"/></TextLine><TextLine WIDTH="734" HEIGHT="75" ID="p687_t27" HPOS="183" VPOS="1281"><String ID="p687_w208" CONTENT="BOCA," HPOS="183" VPOS="1281" WIDTH="143" HEIGHT="75" STYLEREFS="font0"/><SP WIDTH="25" VPOS="1281" HPOS="326"/><String ID="p687_w209" CONTENT="in" HPOS="351" VPOS="1281" WIDTH="32" HEIGHT="75" STYLEREFS="font0"/><SP WIDTH="16" VPOS="1281" HPOS="383"/><String ID="p687_w210" CONTENT="ichthyology." HPOS="399" VPOS="1281" WIDTH="224" HEIGHT="75" STYLEREFS="font0"/><SP WIDTH="50" VPOS="1281" HPOS="623"/><String ID="p687_w211" CONTENT="See" HPOS="673" VPOS="1281" WIDTH="61" HEIGHT="75" STYLEREFS="font0"/><SP WIDTH="18" VPOS="1281" HPOS="734"/><String ID="p687_w212" CONTENT="Sparus." HPOS="752" VPOS="1281" WIDTH="165" HEIGHT="75" STYLEREFS="font0"/></TextLine><TextLine WIDTH="1029" HEIGHT="75" ID="p687_t28" HPOS="182" VPOS="1328"><String ID="p687_w213" CONTENT="Boca-chica," HPOS="182" VPOS="1328" WIDTH="264" HEIGHT="75" STYLEREFS="font0"/><SP WIDTH="26" VPOS="1328" HPOS="446"/><String ID="p687_w214" CONTENT="the" HPOS="472" VPOS="1328" WIDTH="55" HEIGHT="75" STYLEREFS="font0"/><SP WIDTH="16" VPOS="1328" HPOS="527"/><String ID="p687_w215" CONTENT="entrance" HPOS="543" VPOS="1328" WIDTH="149" HEIGHT="75" STYLEREFS="font0"/><SP WIDTH="16" VPOS="1328" HPOS="692"/><String ID="p687_w216" CONTENT="into" HPOS="708" VPOS="1328" WIDTH="68" HEIGHT="75" STYLEREFS="font0"/><SP WIDTH="13" VPOS="1328" HPOS="776"/><String ID="p687_w217" CONTENT="the" HPOS="789" VPOS="1328" WIDTH="55" HEIGHT="75" STYLEREFS="font0"/><SP WIDTH="12" VPOS="1328" HPOS="844"/><String ID="p687_w218" CONTENT="harbour" HPOS="856" VPOS="1328" WIDTH="140" HEIGHT="75" STYLEREFS="font0"/><SP WIDTH="16" VPOS="1328" HPOS="996"/><String ID="p687_w219" CONTENT="of" HPOS="1012" VPOS="1328" WIDTH="41" HEIGHT="75" STYLEREFS="font0"/><SP WIDTH="18" VPOS="1328" HPOS="1053"/><String ID="p687_w220" CONTENT="Cartha-" HPOS="1071" VPOS="1328" WIDTH="140" HEIGHT="75" STYLEREFS="font0"/></TextLine><TextLine WIDTH="931" HEIGHT="75" ID="p687_t29" HPOS="231" VPOS="1374"><String ID="p687_w221" CONTENT="gena," HPOS="231" VPOS="1374" WIDTH="91" HEIGHT="75" STYLEREFS="font0"/><SP WIDTH="23" VPOS="1374" HPOS="322"/><String ID="p687_w222" CONTENT="in" HPOS="345" VPOS="1374" WIDTH="33" HEIGHT="75" STYLEREFS="font0"/><SP WIDTH="19" VPOS="1374" HPOS="378"/><String ID="p687_w223" CONTENT="South" HPOS="397" VPOS="1374" WIDTH="104" HEIGHT="75" STYLEREFS="font0"/><SP WIDTH="12" VPOS="1374" HPOS="501"/><String ID="p687_w224" CONTENT="America," HPOS="513" VPOS="1374" WIDTH="163" HEIGHT="75" STYLEREFS="font0"/><SP WIDTH="25" VPOS="1374" HPOS="676"/><String ID="p687_w225" CONTENT="defended" HPOS="701" VPOS="1374" WIDTH="158" HEIGHT="75" STYLEREFS="font0"/><SP WIDTH="17" VPOS="1374" HPOS="859"/><String ID="p687_w226" CONTENT="by" HPOS="876" VPOS="1374" WIDTH="44" HEIGHT="75" STYLEREFS="font0"/><SP WIDTH="11" VPOS="1374" HPOS="920"/><String ID="p687_w227" CONTENT="feveral" HPOS="931" VPOS="1374" WIDTH="119" HEIGHT="75" STYLEREFS="font0"/><SP WIDTH="17" VPOS="1374" HPOS="1050"/><String ID="p687_w228" CONTENT="forts." HPOS="1067" VPOS="1374" WIDTH="95" HEIGHT="75" STYLEREFS="font0"/></TextLine><TextLine WIDTH="1029" HEIGHT="75" ID="p687_t30" HPOS="182" VPOS="1421"><String ID="p687_w229" CONTENT="Boca" HPOS="182" VPOS="1421" WIDTH="106" HEIGHT="75" STYLEREFS="font0"/><SP WIDTH="20" VPOS="1421" HPOS="288"/><String ID="p687_w230" CONTENT="del" HPOS="308" VPOS="1421" WIDTH="72" HEIGHT="75" STYLEREFS="font0"/><SP WIDTH="21" VPOS="1421" HPOS="380"/><String ID="p687_w231" CONTENT="drago," HPOS="401" VPOS="1421" WIDTH="148" HEIGHT="75" STYLEREFS="font0"/><SP WIDTH="25" VPOS="1421" HPOS="549"/><String ID="p687_w232" CONTENT="a" HPOS="574" VPOS="1421" WIDTH="19" HEIGHT="75" STYLEREFS="font0"/><SP WIDTH="11" VPOS="1421" HPOS="593"/><String ID="p687_w233" CONTENT="ftrait" HPOS="604" VPOS="1421" WIDTH="88" HEIGHT="75" STYLEREFS="font0"/><SP WIDTH="12" VPOS="1421" HPOS="692"/><String ID="p687_w234" CONTENT="between" HPOS="704" VPOS="1421" WIDTH="143" HEIGHT="75" STYLEREFS="font0"/><SP WIDTH="13" VPOS="1421" HPOS="847"/><String ID="p687_w235" CONTENT="the" HPOS="860" VPOS="1421" WIDTH="55" HEIGHT="75" STYLEREFS="font0"/><SP WIDTH="16" VPOS="1421" HPOS="915"/><String ID="p687_w236" CONTENT="iflandof" HPOS="931" VPOS="1421" WIDTH="149" HEIGHT="75" STYLEREFS="font0"/><SP WIDTH="17" VPOS="1421" HPOS="1080"/><String ID="p687_w237" CONTENT="Trini-" HPOS="1097" VPOS="1421" WIDTH="114" HEIGHT="75" STYLEREFS="font0"/></TextLine><TextLine WIDTH="980" HEIGHT="75" ID="p687_t31" HPOS="230" VPOS="1466"><String ID="p687_w238" CONTENT="dad" HPOS="230" VPOS="1466" WIDTH="63" HEIGHT="75" STYLEREFS="font0"/><SP WIDTH="15" VPOS="1466" HPOS="293"/><String ID="p687_w239" CONTENT="and" HPOS="308" VPOS="1466" WIDTH="63" HEIGHT="75" STYLEREFS="font0"/><SP WIDTH="16" VPOS="1466" HPOS="371"/><String ID="p687_w240" CONTENT="New" HPOS="387" VPOS="1466" WIDTH="86" HEIGHT="75" STYLEREFS="font0"/><SP WIDTH="16" VPOS="1466" HPOS="473"/><String ID="p687_w241" CONTENT="Andalufia," HPOS="489" VPOS="1466" WIDTH="183" HEIGHT="75" STYLEREFS="font0"/><SP WIDTH="25" VPOS="1466" HPOS="672"/><String ID="p687_w242" CONTENT="a" HPOS="697" VPOS="1466" WIDTH="20" HEIGHT="75" STYLEREFS="font0"/><SP WIDTH="15" VPOS="1466" HPOS="717"/><String ID="p687_w243" CONTENT="province" HPOS="732" VPOS="1466" WIDTH="150" HEIGHT="75" STYLEREFS="font0"/><SP WIDTH="17" VPOS="1466" HPOS="882"/><String ID="p687_w244" CONTENT="of" HPOS="899" VPOS="1466" WIDTH="40" HEIGHT="75" STYLEREFS="font0"/><SP WIDTH="18" VPOS="1466" HPOS="939"/><String ID="p687_w245" CONTENT="Terra" HPOS="957" VPOS="1466" WIDTH="109" HEIGHT="75" STYLEREFS="font0"/><SP WIDTH="23" VPOS="1466" HPOS="1066"/><String ID="p687_w246" CONTENT="Firma." HPOS="1089" VPOS="1466" WIDTH="121" HEIGHT="75" STYLEREFS="font0"/></TextLine><TextLine WIDTH="377" HEIGHT="75" ID="p687_t32" HPOS="232" VPOS="1513"><String ID="p687_w247" CONTENT="See" HPOS="232" VPOS="1513" WIDTH="62" HEIGHT="75" STYLEREFS="font0"/><SP WIDTH="16" VPOS="1513" HPOS="294"/><String ID="p687_w248" CONTENT="Terra" HPOS="310" VPOS="1513" WIDTH="138" HEIGHT="75" STYLEREFS="font0"/><SP WIDTH="20" VPOS="1513" HPOS="448"/><String ID="p687_w249" CONTENT="Firma." HPOS="468" VPOS="1513" WIDTH="141" HEIGHT="75" STYLEREFS="font0"/></TextLine><TextLine WIDTH="1032" HEIGHT="75" ID="p687_t33" HPOS="179" VPOS="1559"><String ID="p687_w250" CONTENT="BOCARDO," HPOS="179" VPOS="1559" WIDTH="253" HEIGHT="75" STYLEREFS="font0"/><SP WIDTH="24" VPOS="1559" HPOS="432"/><String ID="p687_w251" CONTENT="among" HPOS="456" VPOS="1559" WIDTH="115" HEIGHT="75" STYLEREFS="font0"/><SP WIDTH="25" VPOS="1559" HPOS="571"/><String ID="p687_w252" CONTENT="logicians," HPOS="596" VPOS="1559" WIDTH="166" HEIGHT="75" STYLEREFS="font0"/><SP WIDTH="29" VPOS="1559" HPOS="762"/><String ID="p687_w253" CONTENT="the" HPOS="791" VPOS="1559" WIDTH="58" HEIGHT="75" STYLEREFS="font0"/><SP WIDTH="27" VPOS="1559" HPOS="849"/><String ID="p687_w254" CONTENT="fifth" HPOS="876" VPOS="1559" WIDTH="73" HEIGHT="75" STYLEREFS="font0"/><SP WIDTH="28" VPOS="1559" HPOS="949"/><String ID="p687_w255" CONTENT="made" HPOS="977" VPOS="1559" WIDTH="94" HEIGHT="75" STYLEREFS="font0"/><SP WIDTH="25" VPOS="1559" HPOS="1071"/><String ID="p687_w256" CONTENT="of" HPOS="1096" VPOS="1559" WIDTH="40" HEIGHT="75" STYLEREFS="font0"/><SP WIDTH="19" VPOS="1559" HPOS="1136"/><String ID="p687_w257" CONTENT="the" HPOS="1155" VPOS="1559" WIDTH="56" HEIGHT="75" STYLEREFS="font0"/></TextLine><TextLine WIDTH="980" HEIGHT="75" ID="p687_t34" HPOS="229" VPOS="1605"><String ID="p687_w258" CONTENT="third" HPOS="229" VPOS="1605" WIDTH="86" HEIGHT="75" STYLEREFS="font0"/><SP WIDTH="16" VPOS="1605" HPOS="315"/><String ID="p687_w259" CONTENT="figure" HPOS="331" VPOS="1605" WIDTH="100" HEIGHT="75" STYLEREFS="font0"/><SP WIDTH="17" VPOS="1605" HPOS="431"/><String ID="p687_w260" CONTENT="of" HPOS="448" VPOS="1605" WIDTH="40" HEIGHT="75" STYLEREFS="font0"/><SP WIDTH="17" VPOS="1605" HPOS="488"/><String ID="p687_w261" CONTENT="fyllogifms," HPOS="505" VPOS="1605" WIDTH="189" HEIGHT="75" STYLEREFS="font0"/><SP WIDTH="25" VPOS="1605" HPOS="694"/><String ID="p687_w262" CONTENT="in" HPOS="719" VPOS="1605" WIDTH="32" HEIGHT="75" STYLEREFS="font0"/><SP WIDTH="16" VPOS="1605" HPOS="751"/><String ID="p687_w263" CONTENT="which" HPOS="767" VPOS="1605" WIDTH="105" HEIGHT="75" STYLEREFS="font0"/><SP WIDTH="18" VPOS="1605" HPOS="872"/><String ID="p687_w264" CONTENT="the" HPOS="890" VPOS="1605" WIDTH="55" HEIGHT="75" STYLEREFS="font0"/><SP WIDTH="12" VPOS="1605" HPOS="945"/><String ID="p687_w265" CONTENT="middle" HPOS="957" VPOS="1605" WIDTH="120" HEIGHT="75" STYLEREFS="font0"/><SP WIDTH="16" VPOS="1605" HPOS="1077"/><String ID="p687_w266" CONTENT="propo-" HPOS="1093" VPOS="1605" WIDTH="116" HEIGHT="75" STYLEREFS="font0"/></TextLine><TextLine WIDTH="985" HEIGHT="75" ID="p687_t35" HPOS="226" VPOS="1651"><String ID="p687_w267" CONTENT="fition" HPOS="226" VPOS="1651" WIDTH="89" HEIGHT="75" STYLEREFS="font0"/><SP WIDTH="17" VPOS="1651" HPOS="315"/><String ID="p687_w268" CONTENT="is" HPOS="332" VPOS="1651" WIDTH="27" HEIGHT="75" STYLEREFS="font0"/><SP WIDTH="17" VPOS="1651" HPOS="359"/><String ID="p687_w269" CONTENT="an" HPOS="376" VPOS="1651" WIDTH="39" HEIGHT="75" STYLEREFS="font0"/><SP WIDTH="16" VPOS="1651" HPOS="415"/><String ID="p687_w270" CONTENT="univerfal" HPOS="431" VPOS="1651" WIDTH="155" HEIGHT="75" STYLEREFS="font0"/><SP WIDTH="17" VPOS="1651" HPOS="586"/><String ID="p687_w271" CONTENT="affirmative," HPOS="603" VPOS="1651" WIDTH="198" HEIGHT="75" STYLEREFS="font0"/><SP WIDTH="26" VPOS="1651" HPOS="801"/><String ID="p687_w272" CONTENT="and" HPOS="827" VPOS="1651" WIDTH="62" HEIGHT="75" STYLEREFS="font0"/><SP WIDTH="18" VPOS="1651" HPOS="889"/><String ID="p687_w273" CONTENT="the" HPOS="907" VPOS="1651" WIDTH="53" HEIGHT="75" STYLEREFS="font0"/><SP WIDTH="24" VPOS="1651" HPOS="960"/><String ID="p687_w274" CONTENT="firft" HPOS="984" VPOS="1651" WIDTH="65" HEIGHT="75" STYLEREFS="font0"/><SP WIDTH="22" VPOS="1651" HPOS="1049"/><String ID="p687_w275" CONTENT="and" HPOS="1071" VPOS="1651" WIDTH="63" HEIGHT="75" STYLEREFS="font0"/><SP WIDTH="19" VPOS="1651" HPOS="1134"/><String ID="p687_w276" CONTENT="laft" HPOS="1153" VPOS="1651" WIDTH="58" HEIGHT="75" STYLEREFS="font0"/></TextLine><TextLine WIDTH="482" HEIGHT="75" ID="p687_t36" HPOS="227" VPOS="1697"><String ID="p687_w277" CONTENT="particular" HPOS="227" VPOS="1697" WIDTH="173" HEIGHT="75" STYLEREFS="font0"/><SP WIDTH="16" VPOS="1697" HPOS="400"/><String ID="p687_w278" CONTENT="negatives," HPOS="416" VPOS="1697" WIDTH="174" HEIGHT="75" STYLEREFS="font0"/><SP WIDTH="25" VPOS="1697" HPOS="590"/><String ID="p687_w279" CONTENT="thus:" HPOS="615" VPOS="1697" WIDTH="94" HEIGHT="75" STYLEREFS="font0"/></TextLine><TextLine WIDTH="778" HEIGHT="75" ID="p687_t37" HPOS="274" VPOS="1744"><String ID="p687_w280" CONTENT="Bo" HPOS="274" VPOS="1744" WIDTH="55" HEIGHT="75" STYLEREFS="font0"/><SP WIDTH="49" VPOS="1744" HPOS="329"/><String ID="p687_w281" CONTENT="Some" HPOS="378" VPOS="1744" WIDTH="98" HEIGHT="75" STYLEREFS="font0"/><SP WIDTH="16" VPOS="1744" HPOS="476"/><String ID="p687_w282" CONTENT="ficklyperfons" HPOS="492" VPOS="1744" WIDTH="235" HEIGHT="75" STYLEREFS="font0"/><SP WIDTH="17" VPOS="1744" HPOS="727"/><String ID="p687_w283" CONTENT="are" HPOS="744" VPOS="1744" WIDTH="53" HEIGHT="75" STYLEREFS="font0"/><SP WIDTH="18" VPOS="1744" HPOS="797"/><String ID="p687_w284" CONTENT="not" HPOS="815" VPOS="1744" WIDTH="55" HEIGHT="75" STYLEREFS="font0"/><SP WIDTH="17" VPOS="1744" HPOS="870"/><String ID="p687_w285" CONTENT="ftudents" HPOS="887" VPOS="1744" WIDTH="139" HEIGHT="75" STYLEREFS="font0"/><SP WIDTH="15" VPOS="1744" HPOS="1026"/><String ID="p687_w286" CONTENT=";" HPOS="1041" VPOS="1744" WIDTH="11" HEIGHT="75" STYLEREFS="font0"/></TextLine><TextLine WIDTH="602" HEIGHT="75" ID="p687_t38" HPOS="278" VPOS="1790"><String ID="p687_w287" CONTENT="car" HPOS="278" VPOS="1790" WIDTH="72" HEIGHT="75" STYLEREFS="font0"/><SP WIDTH="29" VPOS="1790" HPOS="350"/><String ID="p687_w288" CONTENT="Every" HPOS="379" VPOS="1790" WIDTH="110" HEIGHT="75" STYLEREFS="font0"/><SP WIDTH="16" VPOS="1790" HPOS="489"/><String ID="p687_w289" CONTENT="fickly" HPOS="505" VPOS="1790" WIDTH="98" HEIGHT="75" STYLEREFS="font0"/><SP WIDTH="15" VPOS="1790" HPOS="603"/><String ID="p687_w290" CONTENT="perfon" HPOS="618" VPOS="1790" WIDTH="111" HEIGHT="75" STYLEREFS="font0"/><SP WIDTH="17" VPOS="1790" HPOS="729"/><String ID="p687_w291" CONTENT="is" HPOS="746" VPOS="1790" WIDTH="26" HEIGHT="75" STYLEREFS="font0"/><SP WIDTH="17" VPOS="1790" HPOS="772"/><String ID="p687_w292" CONTENT="pale" HPOS="789" VPOS="1790" WIDTH="70" HEIGHT="75" STYLEREFS="font0"/><SP WIDTH="12" VPOS="1790" HPOS="859"/><String ID="p687_w293" CONTENT=";" HPOS="871" VPOS="1790" WIDTH="9" HEIGHT="75" STYLEREFS="font0"/></TextLine><TextLine WIDTH="932" HEIGHT="75" ID="p687_t39" HPOS="276" VPOS="1836"><String ID="p687_w294" CONTENT="do" HPOS="276" VPOS="1836" WIDTH="52" HEIGHT="75" STYLEREFS="font0"/><SP WIDTH="49" VPOS="1836" HPOS="328"/><String ID="p687_w295" CONTENT="Therefore-fome" HPOS="377" VPOS="1836" WIDTH="282" HEIGHT="75" STYLEREFS="font0"/><SP WIDTH="16" VPOS="1836" HPOS="659"/><String ID="p687_w296" CONTENT="perfons" HPOS="675" VPOS="1836" WIDTH="127" HEIGHT="75" STYLEREFS="font0"/><SP WIDTH="23" VPOS="1836" HPOS="802"/><String ID="p687_w297" CONTENT="are" HPOS="825" VPOS="1836" WIDTH="54" HEIGHT="75" STYLEREFS="font0"/><SP WIDTH="22" VPOS="1836" HPOS="879"/><String ID="p687_w298" CONTENT="pale" HPOS="901" VPOS="1836" WIDTH="70" HEIGHT="75" STYLEREFS="font0"/><SP WIDTH="21" VPOS="1836" HPOS="971"/><String ID="p687_w299" CONTENT="that" HPOS="992" VPOS="1836" WIDTH="72" HEIGHT="75" STYLEREFS="font0"/><SP WIDTH="17" VPOS="1836" HPOS="1064"/><String ID="p687_w300" CONTENT="are" HPOS="1081" VPOS="1836" WIDTH="54" HEIGHT="75" STYLEREFS="font0"/><SP WIDTH="16" VPOS="1836" HPOS="1135"/><String ID="p687_w301" CONTENT="not" HPOS="1151" VPOS="1836" WIDTH="57" HEIGHT="75" STYLEREFS="font0"/></TextLine><TextLine WIDTH="152" HEIGHT="75" ID="p687_t40" HPOS="426" VPOS="1882"><String ID="p687_w302" CONTENT="ftudents." HPOS="426" VPOS="1882" WIDTH="152" HEIGHT="75" STYLEREFS="font0"/></TextLine><TextLine WIDTH="1031" HEIGHT="75" ID="p687_t41" HPOS="176" VPOS="1932"><String ID="p687_w303" CONTENT="BOCCONIA," HPOS="176" VPOS="1932" WIDTH="264" HEIGHT="75" STYLEREFS="font0"/><SP WIDTH="25" VPOS="1932" HPOS="440"/><String ID="p687_w304" CONTENT="in" HPOS="465" VPOS="1932" WIDTH="33" HEIGHT="75" STYLEREFS="font0"/><SP WIDTH="26" VPOS="1932" HPOS="498"/><String ID="p687_w305" CONTENT="botany," HPOS="524" VPOS="1932" WIDTH="133" HEIGHT="75" STYLEREFS="font0"/><SP WIDTH="26" VPOS="1932" HPOS="657"/><String ID="p687_w306" CONTENT="a" HPOS="683" VPOS="1932" WIDTH="19" HEIGHT="75" STYLEREFS="font0"/><SP WIDTH="26" VPOS="1932" HPOS="702"/><String ID="p687_w307" CONTENT="genus" HPOS="728" VPOS="1932" WIDTH="98" HEIGHT="75" STYLEREFS="font0"/><SP WIDTH="26" VPOS="1932" HPOS="826"/><String ID="p687_w308" CONTENT="of" HPOS="852" VPOS="1932" WIDTH="40" HEIGHT="75" STYLEREFS="font0"/><SP WIDTH="18" VPOS="1932" HPOS="892"/><String ID="p687_w309" CONTENT="the" HPOS="910" VPOS="1932" WIDTH="56" HEIGHT="75" STYLEREFS="font0"/><SP WIDTH="25" VPOS="1932" HPOS="966"/><String ID="p687_w310" CONTENT="dodecandria" HPOS="991" VPOS="1932" WIDTH="216" HEIGHT="75" STYLEREFS="font0"/></TextLine><TextLine WIDTH="982" HEIGHT="75" ID="p687_t42" HPOS="224" VPOS="1975"><String ID="p687_w311" CONTENT="monogynia" HPOS="224" VPOS="1975" WIDTH="190" HEIGHT="75" STYLEREFS="font0"/><SP WIDTH="15" VPOS="1975" HPOS="414"/><String ID="p687_w312" CONTENT="clafs." HPOS="429" VPOS="1975" WIDTH="92" HEIGHT="75" STYLEREFS="font0"/><SP WIDTH="48" VPOS="1975" HPOS="521"/><String ID="p687_w313" CONTENT="There" HPOS="569" VPOS="1975" WIDTH="112" HEIGHT="75" STYLEREFS="font0"/><SP WIDTH="15" VPOS="1975" HPOS="681"/><String ID="p687_w314" CONTENT="is" HPOS="696" VPOS="1975" WIDTH="27" HEIGHT="75" STYLEREFS="font0"/><SP WIDTH="18" VPOS="1975" HPOS="723"/><String ID="p687_w315" CONTENT="only" HPOS="741" VPOS="1975" WIDTH="76" HEIGHT="75" STYLEREFS="font0"/><SP WIDTH="16" VPOS="1975" HPOS="817"/><String ID="p687_w316" CONTENT="one" HPOS="833" VPOS="1975" WIDTH="60" HEIGHT="75" STYLEREFS="font0"/><SP WIDTH="16" VPOS="1975" HPOS="893"/><String ID="p687_w317" CONTENT="fpecies," HPOS="909" VPOS="1975" WIDTH="130" HEIGHT="75" STYLEREFS="font0"/><SP WIDTH="18" VPOS="1975" HPOS="1039"/><String ID="p687_w318" CONTENT="viz." HPOS="1057" VPOS="1975" WIDTH="69" HEIGHT="75" STYLEREFS="font0"/><SP WIDTH="24" VPOS="1975" HPOS="1126"/><String ID="p687_w319" CONTENT="the" HPOS="1150" VPOS="1975" WIDTH="56" HEIGHT="75" STYLEREFS="font0"/></TextLine><TextLine WIDTH="579" HEIGHT="75" ID="p687_t43" HPOS="225" VPOS="2021"><String ID="p687_w320" CONTENT="frutefcens," HPOS="225" VPOS="2021" WIDTH="184" HEIGHT="75" STYLEREFS="font0"/><SP WIDTH="26" VPOS="2021" HPOS="409"/><String ID="p687_w321" CONTENT="a" HPOS="435" VPOS="2021" WIDTH="18" HEIGHT="75" STYLEREFS="font0"/><SP WIDTH="17" VPOS="2021" HPOS="453"/><String ID="p687_w322" CONTENT="native" HPOS="470" VPOS="2021" WIDTH="104" HEIGHT="75" STYLEREFS="font0"/><SP WIDTH="16" VPOS="2021" HPOS="574"/><String ID="p687_w323" CONTENT="of" HPOS="590" VPOS="2021" WIDTH="39" HEIGHT="75" STYLEREFS="font0"/><SP WIDTH="13" VPOS="2021" HPOS="629"/><String ID="p687_w324" CONTENT="America." HPOS="642" VPOS="2021" WIDTH="162" HEIGHT="75" STYLEREFS="font0"/></TextLine><TextLine WIDTH="731" HEIGHT="75" ID="p687_t44" HPOS="174" VPOS="2067"><String ID="p687_w325" CONTENT="BOCE," HPOS="174" VPOS="2067" WIDTH="142" HEIGHT="75" STYLEREFS="font0"/><SP WIDTH="25" VPOS="2067" HPOS="316"/><String ID="p687_w326" CONTENT="in" HPOS="341" VPOS="2067" WIDTH="32" HEIGHT="75" STYLEREFS="font0"/><SP WIDTH="16" VPOS="2067" HPOS="373"/><String ID="p687_w327" CONTENT="ichthyology." HPOS="389" VPOS="2067" WIDTH="223" HEIGHT="75" STYLEREFS="font0"/><SP WIDTH="51" VPOS="2067" HPOS="612"/><String ID="p687_w328" CONTENT="See" HPOS="663" VPOS="2067" WIDTH="61" HEIGHT="75" STYLEREFS="font0"/><SP WIDTH="18" VPOS="2067" HPOS="724"/><String ID="p687_w329" CONTENT="Sparus." HPOS="742" VPOS="2067" WIDTH="163" HEIGHT="75" STYLEREFS="font0"/></TextLine><TextLine WIDTH="1030" HEIGHT="75" ID="p687_t45" HPOS="175" VPOS="2112"><String ID="p687_w330" CONTENT="BOCHARA," HPOS="175" VPOS="2112" WIDTH="247" HEIGHT="75" STYLEREFS="font0"/><SP WIDTH="26" VPOS="2112" HPOS="422"/><String ID="p687_w331" CONTENT="a" HPOS="448" VPOS="2112" WIDTH="19" HEIGHT="75" STYLEREFS="font0"/><SP WIDTH="23" VPOS="2112" HPOS="467"/><String ID="p687_w332" CONTENT="large" HPOS="490" VPOS="2112" WIDTH="87" HEIGHT="75" STYLEREFS="font0"/><SP WIDTH="25" VPOS="2112" HPOS="577"/><String ID="p687_w333" CONTENT="town" HPOS="602" VPOS="2112" WIDTH="86" HEIGHT="75" STYLEREFS="font0"/><SP WIDTH="17" VPOS="2112" HPOS="688"/><String ID="p687_w334" CONTENT="of" HPOS="705" VPOS="2112" WIDTH="40" HEIGHT="75" STYLEREFS="font0"/><SP WIDTH="19" VPOS="2112" HPOS="745"/><String ID="p687_w335" CONTENT="Ulbec" HPOS="764" VPOS="2112" WIDTH="106" HEIGHT="75" STYLEREFS="font0"/><SP WIDTH="18" VPOS="2112" HPOS="870"/><String ID="p687_w336" CONTENT="Tartary," HPOS="888" VPOS="2112" WIDTH="156" HEIGHT="75" STYLEREFS="font0"/><SP WIDTH="26" VPOS="2112" HPOS="1044"/><String ID="p687_w337" CONTENT="fituated" HPOS="1070" VPOS="2112" WIDTH="135" HEIGHT="75" STYLEREFS="font0"/></TextLine><TextLine WIDTH="980" HEIGHT="75" ID="p687_t46" HPOS="223" VPOS="2157"><String ID="p687_w338" CONTENT="on" HPOS="223" VPOS="2157" WIDTH="41" HEIGHT="75" STYLEREFS="font0"/><SP WIDTH="17" VPOS="2157" HPOS="264"/><String ID="p687_w339" CONTENT="the" HPOS="281" VPOS="2157" WIDTH="55" HEIGHT="75" STYLEREFS="font0"/><SP WIDTH="17" VPOS="2157" HPOS="336"/><String ID="p687_w340" CONTENT="river" HPOS="353" VPOS="2157" WIDTH="83" HEIGHT="75" STYLEREFS="font0"/><SP WIDTH="16" VPOS="2157" HPOS="436"/><String ID="p687_w341" CONTENT="Oxus," HPOS="452" VPOS="2157" WIDTH="108" HEIGHT="75" STYLEREFS="font0"/><SP WIDTH="25" VPOS="2157" HPOS="560"/><String ID="p687_w342" CONTENT="about" HPOS="585" VPOS="2157" WIDTH="98" HEIGHT="75" STYLEREFS="font0"/><SP WIDTH="21" VPOS="2157" HPOS="683"/><String ID="p687_w343" CONTENT="fixty" HPOS="704" VPOS="2157" WIDTH="84" HEIGHT="75" STYLEREFS="font0"/><SP WIDTH="17" VPOS="2157" HPOS="788"/><String ID="p687_w344" CONTENT="miles" HPOS="805" VPOS="2157" WIDTH="89" HEIGHT="75" STYLEREFS="font0"/><SP WIDTH="25" VPOS="2157" HPOS="894"/><String ID="p687_w345" CONTENT="weft" HPOS="919" VPOS="2157" WIDTH="74" HEIGHT="75" STYLEREFS="font0"/><SP WIDTH="22" VPOS="2157" HPOS="993"/><String ID="p687_w346" CONTENT="of" HPOS="1015" VPOS="2157" WIDTH="41" HEIGHT="75" STYLEREFS="font0"/><SP WIDTH="20" VPOS="2157" HPOS="1056"/><String ID="p687_w347" CONTENT="Samar-" HPOS="1076" VPOS="2157" WIDTH="127" HEIGHT="75" STYLEREFS="font0"/></TextLine><TextLine WIDTH="707" HEIGHT="75" ID="p687_t47" HPOS="224" VPOS="2202"><String ID="p687_w348" CONTENT="cand," HPOS="224" VPOS="2202" WIDTH="91" HEIGHT="75" STYLEREFS="font0"/><SP WIDTH="27" VPOS="2202" HPOS="315"/><String ID="p687_w349" CONTENT="in" HPOS="342" VPOS="2202" WIDTH="30" HEIGHT="75" STYLEREFS="font0"/><SP WIDTH="17" VPOS="2202" HPOS="372"/><String ID="p687_w350" CONTENT="65°" HPOS="389" VPOS="2202" WIDTH="65" HEIGHT="75" STYLEREFS="font0"/><SP WIDTH="14" VPOS="2202" HPOS="454"/><String ID="p687_w351" CONTENT="E." HPOS="468" VPOS="2202" WIDTH="43" HEIGHT="75" STYLEREFS="font0"/><SP WIDTH="19" VPOS="2202" HPOS="511"/><String ID="p687_w352" CONTENT="long," HPOS="530" VPOS="2202" WIDTH="89" HEIGHT="75" STYLEREFS="font0"/><SP WIDTH="26" VPOS="2202" HPOS="619"/><String ID="p687_w353" CONTENT="and" HPOS="645" VPOS="2202" WIDTH="63" HEIGHT="75" STYLEREFS="font0"/><SP WIDTH="17" VPOS="2202" HPOS="708"/><String ID="p687_w354" CONTENT="40°" HPOS="725" VPOS="2202" WIDTH="66" HEIGHT="75" STYLEREFS="font0"/><SP WIDTH="19" VPOS="2202" HPOS="791"/><String ID="p687_w355" CONTENT="N." HPOS="810" VPOS="2202" WIDTH="47" HEIGHT="75" STYLEREFS="font0"/><SP WIDTH="17" VPOS="2202" HPOS="857"/><String ID="p687_w356" CONTENT="lat." HPOS="874" VPOS="2202" WIDTH="57" HEIGHT="75" STYLEREFS="font0"/></TextLine><TextLine WIDTH="1026" HEIGHT="75" ID="p687_t48" HPOS="176" VPOS="2249"><String ID="p687_w357" CONTENT="BOCKHOLT," HPOS="176" VPOS="2249" WIDTH="281" HEIGHT="75" STYLEREFS="font0"/><SP WIDTH="26" VPOS="2249" HPOS="457"/><String ID="p687_w358" CONTENT="a" HPOS="483" VPOS="2249" WIDTH="18" HEIGHT="75" STYLEREFS="font0"/><SP WIDTH="23" VPOS="2249" HPOS="501"/><String ID="p687_w359" CONTENT="town" HPOS="524" VPOS="2249" WIDTH="84" HEIGHT="75" STYLEREFS="font0"/><SP WIDTH="22" VPOS="2249" HPOS="608"/><String ID="p687_w360" CONTENT="of" HPOS="630" VPOS="2249" WIDTH="41" HEIGHT="75" STYLEREFS="font0"/><SP WIDTH="18" VPOS="2249" HPOS="671"/><String ID="p687_w361" CONTENT="Munfter," HPOS="689" VPOS="2249" WIDTH="158" HEIGHT="75" STYLEREFS="font0"/><SP WIDTH="24" VPOS="2249" HPOS="847"/><String ID="p687_w362" CONTENT="in" HPOS="871" VPOS="2249" WIDTH="33" HEIGHT="75" STYLEREFS="font0"/><SP WIDTH="25" VPOS="2249" HPOS="904"/><String ID="p687_w363" CONTENT="Weftphalia," HPOS="929" VPOS="2249" WIDTH="211" HEIGHT="75" STYLEREFS="font0"/><SP WIDTH="24" VPOS="2249" HPOS="1140"/><String ID="p687_w364" CONTENT="fi-" HPOS="1164" VPOS="2249" WIDTH="38" HEIGHT="75" STYLEREFS="font0"/></TextLine><TextLine WIDTH="839" HEIGHT="75" ID="p687_t49" HPOS="223" VPOS="2279"><String ID="p687_w365" CONTENT="tuated" HPOS="223" VPOS="2297" WIDTH="110" HEIGHT="75" STYLEREFS="font0"/><SP WIDTH="16" VPOS="2297" HPOS="333"/><String ID="p687_w366" CONTENT="in" HPOS="349" VPOS="2297" WIDTH="31" HEIGHT="75" STYLEREFS="font0"/><SP WIDTH="19" VPOS="2297" HPOS="380"/><String ID="p687_w367" CONTENT="6°" HPOS="399" VPOS="2297" WIDTH="40" HEIGHT="75" STYLEREFS="font0"/><SP WIDTH="19" VPOS="2297" HPOS="439"/><String ID="p687_w368" CONTENT="20'" HPOS="458" VPOS="2297" WIDTH="53" HEIGHT="75" STYLEREFS="font0"/><SP WIDTH="18" VPOS="2297" HPOS="511"/><String ID="p687_w369" CONTENT="E." HPOS="529" VPOS="2297" WIDTH="41" HEIGHT="75" STYLEREFS="font0"/><SP WIDTH="20" VPOS="2297" HPOS="570"/><String ID="p687_w370" CONTENT="long," HPOS="590" VPOS="2297" WIDTH="87" HEIGHT="75" STYLEREFS="font0"/><SP WIDTH="26" VPOS="2297" HPOS="677"/><String ID="p687_w371" CONTENT="and" HPOS="703" VPOS="2297" WIDTH="62" HEIGHT="75" STYLEREFS="font0"/><SP WIDTH="20" VPOS="2297" HPOS="765"/><String ID="p687_w372" CONTENT="51" HPOS="785" VPOS="2297" WIDTH="37" HEIGHT="75" STYLEREFS="font0"/><String ID="p687_w373" CONTENT="0" HPOS="822" VPOS="2279" WIDTH="26" HEIGHT="49" STYLEREFS="font1"/><SP WIDTH="22" VPOS="2279" HPOS="848"/><String ID="p687_w374" CONTENT="40'" HPOS="870" VPOS="2297" WIDTH="54" HEIGHT="75" STYLEREFS="font0"/><SP WIDTH="17" VPOS="2297" HPOS="924"/><String ID="p687_w375" CONTENT="N." HPOS="941" VPOS="2297" WIDTH="46" HEIGHT="75" STYLEREFS="font0"/><SP WIDTH="18" VPOS="2297" HPOS="987"/><String ID="p687_w376" CONTENT="lat." HPOS="1005" VPOS="2297" WIDTH="57" HEIGHT="75" STYLEREFS="font0"/></TextLine><TextLine WIDTH="1029" HEIGHT="75" ID="p687_t50" HPOS="173" VPOS="2343"><String ID="p687_w377" CONTENT="BOCK-EAND," HPOS="173" VPOS="2343" WIDTH="302" HEIGHT="75" STYLEREFS="font0"/><SP WIDTH="17" VPOS="2343" HPOS="475"/><String ID="p687_w378" CONTENT="in" HPOS="492" VPOS="2343" WIDTH="31" HEIGHT="75" STYLEREFS="font0"/><SP WIDTH="17" VPOS="2343" HPOS="523"/><String ID="p687_w379" CONTENT="the" HPOS="540" VPOS="2343" WIDTH="55" HEIGHT="75" STYLEREFS="font0"/><SP WIDTH="13" VPOS="2343" HPOS="595"/><String ID="p687_w380" CONTENT="Saxons" HPOS="608" VPOS="2343" WIDTH="127" HEIGHT="75" STYLEREFS="font0"/><SP WIDTH="18" VPOS="2343" HPOS="735"/><String ID="p687_w381" CONTENT="time," HPOS="753" VPOS="2343" WIDTH="88" HEIGHT="75" STYLEREFS="font0"/><SP WIDTH="18" VPOS="2343" HPOS="841"/><String ID="p687_w382" CONTENT="is" HPOS="859" VPOS="2343" WIDTH="26" HEIGHT="75" STYLEREFS="font0"/><SP WIDTH="14" VPOS="2343" HPOS="885"/><String ID="p687_w383" CONTENT="what" HPOS="899" VPOS="2343" WIDTH="84" HEIGHT="75" STYLEREFS="font0"/><SP WIDTH="13" VPOS="2343" HPOS="983"/><String ID="p687_w384" CONTENT="we" HPOS="996" VPOS="2343" WIDTH="47" HEIGHT="75" STYLEREFS="font0"/><SP WIDTH="13" VPOS="2343" HPOS="1043"/><String ID="p687_w385" CONTENT="now" HPOS="1056" VPOS="2343" WIDTH="73" HEIGHT="75" STYLEREFS="font0"/><SP WIDTH="12" VPOS="2343" HPOS="1129"/><String ID="p687_w386" CONTENT="call" HPOS="1141" VPOS="2343" WIDTH="61" HEIGHT="75" STYLEREFS="font0"/></TextLine><TextLine WIDTH="980" HEIGHT="75" ID="p687_t51" HPOS="222" VPOS="2387"><String ID="p687_w387" CONTENT="freehold" HPOS="222" VPOS="2387" WIDTH="147" HEIGHT="75" STYLEREFS="font0"/><SP WIDTH="15" VPOS="2387" HPOS="369"/><String ID="p687_w388" CONTENT="lands," HPOS="384" VPOS="2387" WIDTH="103" HEIGHT="75" STYLEREFS="font0"/><SP WIDTH="26" VPOS="2387" HPOS="487"/><String ID="p687_w389" CONTENT="held" HPOS="513" VPOS="2387" WIDTH="76" HEIGHT="75" STYLEREFS="font0"/><SP WIDTH="17" VPOS="2387" HPOS="589"/><String ID="p687_w390" CONTENT="by" HPOS="606" VPOS="2387" WIDTH="41" HEIGHT="75" STYLEREFS="font0"/><SP WIDTH="24" VPOS="2387" HPOS="647"/><String ID="p687_w391" CONTENT="the" HPOS="671" VPOS="2387" WIDTH="56" HEIGHT="75" STYLEREFS="font0"/><SP WIDTH="22" VPOS="2387" HPOS="727"/><String ID="p687_w392" CONTENT="better" HPOS="749" VPOS="2387" WIDTH="104" HEIGHT="75" STYLEREFS="font0"/><SP WIDTH="17" VPOS="2387" HPOS="853"/><String ID="p687_w393" CONTENT="fort" HPOS="870" VPOS="2387" WIDTH="64" HEIGHT="75" STYLEREFS="font0"/><SP WIDTH="21" VPOS="2387" HPOS="934"/><String ID="p687_w394" CONTENT="of" HPOS="955" VPOS="2387" WIDTH="40" HEIGHT="75" STYLEREFS="font0"/><SP WIDTH="19" VPOS="2387" HPOS="995"/><String ID="p687_w395" CONTENT="perfons" HPOS="1014" VPOS="2387" WIDTH="127" HEIGHT="75" STYLEREFS="font0"/><SP WIDTH="11" VPOS="2387" HPOS="1141"/><String ID="p687_w396" CONTENT="-by" HPOS="1152" VPOS="2387" WIDTH="50" HEIGHT="75" STYLEREFS="font0"/></TextLine><TextLine WIDTH="979" HEIGHT="75" ID="p687_t52" HPOS="220" VPOS="2433"><String ID="p687_w397" CONTENT="charter" HPOS="220" VPOS="2433" WIDTH="128" HEIGHT="75" STYLEREFS="font0"/><SP WIDTH="16" VPOS="2433" HPOS="348"/><String ID="p687_w398" CONTENT="or" HPOS="364" VPOS="2433" WIDTH="38" HEIGHT="75" STYLEREFS="font0"/><SP WIDTH="14" VPOS="2433" HPOS="402"/><String ID="p687_w399" CONTENT="deed" HPOS="416" VPOS="2433" WIDTH="83" HEIGHT="75" STYLEREFS="font0"/><SP WIDTH="5" VPOS="2433" HPOS="499"/><String ID="p687_w400" CONTENT="In" HPOS="504" VPOS="2433" WIDTH="42" HEIGHT="75" STYLEREFS="font0"/><SP WIDTH="17" VPOS="2433" HPOS="546"/><String ID="p687_w401" CONTENT="writing" HPOS="563" VPOS="2433" WIDTH="127" HEIGHT="75" STYLEREFS="font0"/><SP WIDTH="10" VPOS="2433" HPOS="690"/><String ID="p687_w402" CONTENT=";" HPOS="700" VPOS="2433" WIDTH="11" HEIGHT="75" STYLEREFS="font0"/><SP WIDTH="27" VPOS="2433" HPOS="711"/><String ID="p687_w403" CONTENT="by" HPOS="738" VPOS="2433" WIDTH="43" HEIGHT="75" STYLEREFS="font0"/><SP WIDTH="17" VPOS="2433" HPOS="781"/><String ID="p687_w404" CONTENT="which" HPOS="798" VPOS="2433" WIDTH="105" HEIGHT="75" STYLEREFS="font0"/><SP WIDTH="16" VPOS="2433" HPOS="903"/><String ID="p687_w405" CONTENT="name" HPOS="919" VPOS="2433" WIDTH="92" HEIGHT="75" STYLEREFS="font0"/><SP WIDTH="16" VPOS="2433" HPOS="1011"/><String ID="p687_w406" CONTENT="it" HPOS="1027" VPOS="2433" WIDTH="26" HEIGHT="75" STYLEREFS="font0"/><SP WIDTH="18" VPOS="2433" HPOS="1053"/><String ID="p687_w407" CONTENT="was" HPOS="1071" VPOS="2433" WIDTH="63" HEIGHT="75" STYLEREFS="font0"/><SP WIDTH="16" VPOS="2433" HPOS="1134"/><String ID="p687_w408" CONTENT="di-" HPOS="1150" VPOS="2433" WIDTH="49" HEIGHT="75" STYLEREFS="font0"/></TextLine><TextLine WIDTH="981" HEIGHT="75" ID="p687_t53" HPOS="219" VPOS="2480"><String ID="p687_w409" CONTENT="ftinguiffied" HPOS="219" VPOS="2480" WIDTH="189" HEIGHT="75" STYLEREFS="font0"/><SP WIDTH="21" VPOS="2480" HPOS="408"/><String ID="p687_w410" CONTENT="from" HPOS="429" VPOS="2480" WIDTH="85" HEIGHT="75" STYLEREFS="font0"/><SP WIDTH="25" VPOS="2480" HPOS="514"/><String ID="p687_w411" CONTENT="folkland," HPOS="539" VPOS="2480" WIDTH="158" HEIGHT="75" STYLEREFS="font0"/><SP WIDTH="25" VPOS="2480" HPOS="697"/><String ID="p687_w412" CONTENT="or" HPOS="722" VPOS="2480" WIDTH="38" HEIGHT="75" STYLEREFS="font0"/><SP WIDTH="16" VPOS="2480" HPOS="760"/><String ID="p687_w413" CONTENT="copy-hold" HPOS="776" VPOS="2480" WIDTH="177" HEIGHT="75" STYLEREFS="font0"/><SP WIDTH="17" VPOS="2480" HPOS="953"/><String ID="p687_w414" CONTENT="land," HPOS="970" VPOS="2480" WIDTH="86" HEIGHT="75" STYLEREFS="font0"/><SP WIDTH="25" VPOS="2480" HPOS="1056"/><String ID="p687_w415" CONTENT="holden" HPOS="1081" VPOS="2480" WIDTH="119" HEIGHT="75" STYLEREFS="font0"/></TextLine><TextLine WIDTH="703" HEIGHT="75" ID="p687_t54" HPOS="220" VPOS="2526"><String ID="p687_w416" CONTENT="by" HPOS="220" VPOS="2526" WIDTH="44" HEIGHT="75" STYLEREFS="font0"/><SP WIDTH="11" VPOS="2526" HPOS="264"/><String ID="p687_w417" CONTENT="the" HPOS="275" VPOS="2526" WIDTH="55" HEIGHT="75" STYLEREFS="font0"/><SP WIDTH="17" VPOS="2526" HPOS="330"/><String ID="p687_w418" CONTENT="common" HPOS="347" VPOS="2526" WIDTH="146" HEIGHT="75" STYLEREFS="font0"/><SP WIDTH="12" VPOS="2526" HPOS="493"/><String ID="p687_w419" CONTENT="people" HPOS="505" VPOS="2526" WIDTH="110" HEIGHT="75" STYLEREFS="font0"/><SP WIDTH="17" VPOS="2526" HPOS="615"/><String ID="p687_w420" CONTENT="without" HPOS="632" VPOS="2526" WIDTH="135" HEIGHT="75" STYLEREFS="font0"/><SP WIDTH="18" VPOS="2526" HPOS="767"/><String ID="p687_w421" CONTENT="writing." HPOS="785" VPOS="2526" WIDTH="138" HEIGHT="75" STYLEREFS="font0"/></TextLine><TextLine WIDTH="1027" HEIGHT="75" ID="p687_t55" HPOS="171" VPOS="2574"><String ID="p687_w422" CONTENT="BODKIN," HPOS="171" VPOS="2574" WIDTH="203" HEIGHT="75" STYLEREFS="font0"/><SP WIDTH="27" VPOS="2574" HPOS="374"/><String ID="p687_w423" CONTENT="a" HPOS="401" VPOS="2574" WIDTH="17" HEIGHT="75" STYLEREFS="font0"/><SP WIDTH="12" VPOS="2574" HPOS="418"/><String ID="p687_w424" CONTENT="fmall" HPOS="430" VPOS="2574" WIDTH="88" HEIGHT="75" STYLEREFS="font0"/><SP WIDTH="14" VPOS="2574" HPOS="518"/><String ID="p687_w425" CONTENT="inftrument" HPOS="532" VPOS="2574" WIDTH="184" HEIGHT="75" STYLEREFS="font0"/><SP WIDTH="13" VPOS="2574" HPOS="716"/><String ID="p687_w426" CONTENT="made" HPOS="729" VPOS="2574" WIDTH="91" HEIGHT="75" STYLEREFS="font0"/><SP WIDTH="16" VPOS="2574" HPOS="820"/><String ID="p687_w427" CONTENT="of" HPOS="836" VPOS="2574" WIDTH="40" HEIGHT="75" STYLEREFS="font0"/><SP WIDTH="19" VPOS="2574" HPOS="876"/><String ID="p687_w428" CONTENT="fteel," HPOS="895" VPOS="2574" WIDTH="87" HEIGHT="75" STYLEREFS="font0"/><SP WIDTH="25" VPOS="2574" HPOS="982"/><String ID="p687_w429" CONTENT="bone," HPOS="1007" VPOS="2574" WIDTH="95" HEIGHT="75" STYLEREFS="font0"/><SP WIDTH="27" VPOS="2574" HPOS="1102"/><String ID="p687_w430" CONTENT="ivo-" HPOS="1129" VPOS="2574" WIDTH="69" HEIGHT="75" STYLEREFS="font0"/></TextLine><TextLine WIDTH="562" HEIGHT="75" ID="p687_t56" HPOS="220" VPOS="2620"><String ID="p687_w431" CONTENT="ry," HPOS="220" VPOS="2620" WIDTH="49" HEIGHT="75" STYLEREFS="font0"/><SP WIDTH="26" VPOS="2620" HPOS="269"/><String ID="p687_w432" CONTENT="&lt;bc." HPOS="295" VPOS="2620" WIDTH="65" HEIGHT="75" STYLEREFS="font0"/><SP WIDTH="25" VPOS="2620" HPOS="360"/><String ID="p687_w433" CONTENT="ufed" HPOS="385" VPOS="2620" WIDTH="73" HEIGHT="75" STYLEREFS="font0"/><SP WIDTH="17" VPOS="2620" HPOS="458"/><String ID="p687_w434" CONTENT="for" HPOS="475" VPOS="2620" WIDTH="51" HEIGHT="75" STYLEREFS="font0"/><SP WIDTH="12" VPOS="2620" HPOS="526"/><String ID="p687_w435" CONTENT="making" HPOS="538" VPOS="2620" WIDTH="125" HEIGHT="75" STYLEREFS="font0"/><SP WIDTH="16" VPOS="2620" HPOS="663"/><String ID="p687_w436" CONTENT="holes." HPOS="679" VPOS="2620" WIDTH="103" HEIGHT="75" STYLEREFS="font0"/></TextLine><TextLine WIDTH="933" HEIGHT="75" ID="p687_t57" HPOS="263" VPOS="2666"><String ID="p687_w437" CONTENT="The" HPOS="263" VPOS="2666" WIDTH="76" HEIGHT="75" STYLEREFS="font0"/><SP WIDTH="12" VPOS="2666" HPOS="339"/><String ID="p687_w438" CONTENT="fmall" HPOS="351" VPOS="2666" WIDTH="89" HEIGHT="75" STYLEREFS="font0"/><SP WIDTH="18" VPOS="2666" HPOS="440"/><String ID="p687_w439" CONTENT="grofs," HPOS="458" VPOS="2666" WIDTH="98" HEIGHT="75" STYLEREFS="font0"/><SP WIDTH="25" VPOS="2666" HPOS="556"/><String ID="p687_w440" CONTENT="or." HPOS="581" VPOS="2666" WIDTH="45" HEIGHT="75" STYLEREFS="font0"/><SP WIDTH="9" VPOS="2666" HPOS="626"/><String ID="p687_w441" CONTENT="twelve" HPOS="635" VPOS="2666" WIDTH="114" HEIGHT="75" STYLEREFS="font0"/><SP WIDTH="17" VPOS="2666" HPOS="749"/><String ID="p687_w442" CONTENT="dozen," HPOS="766" VPOS="2666" WIDTH="116" HEIGHT="75" STYLEREFS="font0"/><SP WIDTH="26" VPOS="2666" HPOS="882"/><String ID="p687_w443" CONTENT="of" HPOS="908" VPOS="2666" WIDTH="40" HEIGHT="75" STYLEREFS="font0"/><SP WIDTH="17" VPOS="2666" HPOS="948"/><String ID="p687_w444" CONTENT="bodkins" HPOS="965" VPOS="2666" WIDTH="135" HEIGHT="75" STYLEREFS="font0"/><SP WIDTH="18" VPOS="2666" HPOS="1100"/><String ID="p687_w445" CONTENT="pays" HPOS="1118" VPOS="2666" WIDTH="78" HEIGHT="75" STYLEREFS="font0"/></TextLine><TextLine WIDTH="976" HEIGHT="75" ID="p687_t58" HPOS="218" VPOS="2712"><String ID="p687_w446" CONTENT="on" HPOS="218" VPOS="2712" WIDTH="40" HEIGHT="75" STYLEREFS="font0"/><SP WIDTH="23" VPOS="2712" HPOS="258"/><String ID="p687_w447" CONTENT="importation" HPOS="281" VPOS="2712" WIDTH="204" HEIGHT="75" STYLEREFS="font0"/><SP WIDTH="23" VPOS="2712" HPOS="485"/><String ID="p687_w448" CONTENT="is." HPOS="508" VPOS="2712" WIDTH="53" HEIGHT="75" STYLEREFS="font0"/><SP WIDTH="21" VPOS="2712" HPOS="561"/><String ID="p687_w449" CONTENT="3-r|§d.;" HPOS="582" VPOS="2712" WIDTH="149" HEIGHT="75" STYLEREFS="font0"/><SP WIDTH="25" VPOS="2712" HPOS="731"/><String ID="p687_w450" CONTENT="if" HPOS="756" VPOS="2712" WIDTH="31" HEIGHT="75" STYLEREFS="font0"/><SP WIDTH="19" VPOS="2712" HPOS="787"/><String ID="p687_w451" CONTENT="of.iron" HPOS="806" VPOS="2712" WIDTH="127" HEIGHT="75" STYLEREFS="font0"/><SP WIDTH="25" VPOS="2712" HPOS="933"/><String ID="p687_w452" CONTENT="or" HPOS="958" VPOS="2712" WIDTH="36" HEIGHT="75" STYLEREFS="font0"/><SP WIDTH="26" VPOS="2712" HPOS="994"/><String ID="p687_w453" CONTENT="fteel," HPOS="1020" VPOS="2712" WIDTH="89" HEIGHT="75" STYLEREFS="font0"/><SP WIDTH="26" VPOS="2712" HPOS="1109"/><String ID="p687_w454" CONTENT="4s." HPOS="1135" VPOS="2712" WIDTH="59" HEIGHT="75" STYLEREFS="font0"/></TextLine><TextLine WIDTH="709" HEIGHT="75" ID="p687_t59" HPOS="218" VPOS="2764"><String ID="p687_w455" CONTENT="8-rMd.;" HPOS="218" VPOS="2764" WIDTH="151" HEIGHT="75" STYLEREFS="font0"/><SP WIDTH="25" VPOS="2764" HPOS="369"/><String ID="p687_w456" CONTENT="and.if" HPOS="394" VPOS="2764" WIDTH="112" HEIGHT="75" STYLEREFS="font0"/><SP WIDTH="19" VPOS="2764" HPOS="506"/><String ID="p687_w457" CONTENT="of" HPOS="525" VPOS="2764" WIDTH="40" HEIGHT="75" STYLEREFS="font0"/><SP WIDTH="19" VPOS="2764" HPOS="565"/><String ID="p687_w458" CONTENT="brafs," HPOS="584" VPOS="2764" WIDTH="96" HEIGHT="75" STYLEREFS="font0"/><SP WIDTH="26" VPOS="2764" HPOS="680"/><String ID="p687_w459" CONTENT="only" HPOS="706" VPOS="2764" WIDTH="76" HEIGHT="75" STYLEREFS="font0"/><SP WIDTH="19" VPOS="2764" HPOS="782"/><String ID="p687_w460" CONTENT="3" HPOS="801" VPOS="2764" WIDTH="17" HEIGHT="75" STYLEREFS="font0"/><SP WIDTH="26" VPOS="2764" HPOS="818"/><String ID="p687_w461" CONTENT="^di" HPOS="844" VPOS="2764" WIDTH="83" HEIGHT="75" STYLEREFS="font0"/></TextLine><TextLine WIDTH="1024" HEIGHT="75" ID="p687_t60" HPOS="168" VPOS="2804"><String ID="p687_w462" CONTENT="BODMIN," HPOS="168" VPOS="2804" WIDTH="212" HEIGHT="75" STYLEREFS="font0"/><SP WIDTH="25" VPOS="2804" HPOS="380"/><String ID="p687_w463" CONTENT="a" HPOS="405" VPOS="2804" WIDTH="18" HEIGHT="75" STYLEREFS="font0"/><SP WIDTH="12" VPOS="2804" HPOS="423"/><String ID="p687_w464" CONTENT="borough-town" HPOS="435" VPOS="2804" WIDTH="247" HEIGHT="75" STYLEREFS="font0"/><SP WIDTH="12" VPOS="2804" HPOS="682"/><String ID="p687_w465" CONTENT="of" HPOS="694" VPOS="2804" WIDTH="40" HEIGHT="75" STYLEREFS="font0"/><SP WIDTH="11" VPOS="2804" HPOS="734"/><String ID="p687_w466" CONTENT="Cornwall," HPOS="745" VPOS="2804" WIDTH="176" HEIGHT="75" STYLEREFS="font0"/><SP WIDTH="25" VPOS="2804" HPOS="921"/><String ID="p687_w467" CONTENT="about" HPOS="946" VPOS="2804" WIDTH="99" HEIGHT="75" STYLEREFS="font0"/><SP WIDTH="11" VPOS="2804" HPOS="1045"/><String ID="p687_w468" CONTENT="twenty-" HPOS="1056" VPOS="2804" WIDTH="136" HEIGHT="75" STYLEREFS="font0"/></TextLine><TextLine WIDTH="976" HEIGHT="75" ID="p687_t61" HPOS="215" VPOS="2832"><String ID="p687_w469" CONTENT="fix" HPOS="215" VPOS="2850" WIDTH="48" HEIGHT="75" STYLEREFS="font0"/><SP WIDTH="17" VPOS="2850" HPOS="263"/><String ID="p687_w470" CONTENT="miles" HPOS="280" VPOS="2850" WIDTH="88" HEIGHT="75" STYLEREFS="font0"/><SP WIDTH="17" VPOS="2850" HPOS="368"/><String ID="p687_w471" CONTENT="north-eaft" HPOS="385" VPOS="2850" WIDTH="175" HEIGHT="75" STYLEREFS="font0"/><SP WIDTH="18" VPOS="2850" HPOS="560"/><String ID="p687_w472" CONTENT="of" HPOS="578" VPOS="2850" WIDTH="41" HEIGHT="75" STYLEREFS="font0"/><SP WIDTH="18" VPOS="2850" HPOS="619"/><String ID="p687_w473" CONTENT="Falmouth," HPOS="637" VPOS="2850" WIDTH="182" HEIGHT="75" STYLEREFS="font0"/><SP WIDTH="25" VPOS="2850" HPOS="819"/><String ID="p687_w474" CONTENT="in" HPOS="844" VPOS="2850" WIDTH="32" HEIGHT="75" STYLEREFS="font0"/><SP WIDTH="17" VPOS="2850" HPOS="876"/><String ID="p687_w475" CONTENT="5" HPOS="893" VPOS="2850" WIDTH="16" HEIGHT="75" STYLEREFS="font0"/><String ID="p687_w476" CONTENT="0" HPOS="909" VPOS="2832" WIDTH="24" HEIGHT="49" STYLEREFS="font1"/><SP WIDTH="24" VPOS="2832" HPOS="933"/><String ID="p687_w477" CONTENT="10'" HPOS="957" VPOS="2850" WIDTH="50" HEIGHT="75" STYLEREFS="font0"/><SP WIDTH="16" VPOS="2850" HPOS="1007"/><String ID="p687_w478" CONTENT="W." HPOS="1023" VPOS="2850" WIDTH="60" HEIGHT="75" STYLEREFS="font0"/><SP WIDTH="15" VPOS="2850" HPOS="1083"/><String ID="p687_w479" CONTENT="Jong," HPOS="1098" VPOS="2850" WIDTH="93" HEIGHT="75" STYLEREFS="font0"/></TextLine><TextLine WIDTH="977" HEIGHT="75" ID="p687_t62" HPOS="215" VPOS="2897"><String ID="p687_w480" CONTENT="and" HPOS="215" VPOS="2897" WIDTH="62" HEIGHT="75" STYLEREFS="font0"/><SP WIDTH="19" VPOS="2897" HPOS="277"/><String ID="p687_w481" CONTENT="50°" HPOS="296" VPOS="2897" WIDTH="59" HEIGHT="75" STYLEREFS="font0"/><SP WIDTH="21" VPOS="2897" HPOS="355"/><String ID="p687_w482" CONTENT="32'" HPOS="376" VPOS="2897" WIDTH="54" HEIGHT="75" STYLEREFS="font0"/><SP WIDTH="16" VPOS="2897" HPOS="430"/><String ID="p687_w483" CONTENT="N." HPOS="446" VPOS="2897" WIDTH="47" HEIGHT="75" STYLEREFS="font0"/><SP WIDTH="17" VPOS="2897" HPOS="493"/><String ID="p687_w484" CONTENT="lat." HPOS="510" VPOS="2897" WIDTH="57" HEIGHT="75" STYLEREFS="font0"/><SP WIDTH="51" VPOS="2897" HPOS="567"/><String ID="p687_w485" CONTENT="It" HPOS="618" VPOS="2897" WIDTH="31" HEIGHT="75" STYLEREFS="font0"/><SP WIDTH="17" VPOS="2897" HPOS="649"/><String ID="p687_w486" CONTENT="fends" HPOS="666" VPOS="2897" WIDTH="88" HEIGHT="75" STYLEREFS="font0"/><SP WIDTH="19" VPOS="2897" HPOS="754"/><String ID="p687_w487" CONTENT="two" HPOS="773" VPOS="2897" WIDTH="65" HEIGHT="75" STYLEREFS="font0"/><SP WIDTH="15" VPOS="2897" HPOS="838"/><String ID="p687_w488" CONTENT="members" HPOS="853" VPOS="2897" WIDTH="155" HEIGHT="75" STYLEREFS="font0"/><SP WIDTH="17" VPOS="2897" HPOS="1008"/><String ID="p687_w489" CONTENT="to" HPOS="1025" VPOS="2897" WIDTH="36" HEIGHT="75" STYLEREFS="font0"/><SP WIDTH="16" VPOS="2897" HPOS="1061"/><String ID="p687_w490" CONTENT="parlia-" HPOS="1077" VPOS="2897" WIDTH="115" HEIGHT="75" STYLEREFS="font0"/></TextLine><TextLine WIDTH="985" HEIGHT="75" ID="p687_t63" HPOS="212" VPOS="2941"><String ID="p687_w491" CONTENT="ment," HPOS="212" VPOS="2941" WIDTH="100" HEIGHT="75" STYLEREFS="font0"/><SP WIDTH="26" VPOS="2941" HPOS="312"/><String ID="p687_w492" CONTENT="and" HPOS="338" VPOS="2941" WIDTH="61" HEIGHT="75" STYLEREFS="font0"/><SP WIDTH="20" VPOS="2941" HPOS="399"/><String ID="p687_w493" CONTENT="gives" HPOS="419" VPOS="2941" WIDTH="88" HEIGHT="75" STYLEREFS="font0"/><SP WIDTH="24" VPOS="2941" HPOS="507"/><String ID="p687_w494" CONTENT="the" HPOS="531" VPOS="2941" WIDTH="55" HEIGHT="75" STYLEREFS="font0"/><SP WIDTH="25" VPOS="2941" HPOS="586"/><String ID="p687_w495" CONTENT="title" HPOS="611" VPOS="2941" WIDTH="70" HEIGHT="75" STYLEREFS="font0"/><SP WIDTH="24" VPOS="2941" HPOS="681"/><String ID="p687_w496" CONTENT="of" HPOS="705" VPOS="2941" WIDTH="40" HEIGHT="75" STYLEREFS="font0"/><SP WIDTH="19" VPOS="2941" HPOS="745"/><String ID="p687_w497" CONTENT="vifcount" HPOS="764" VPOS="2941" WIDTH="142" HEIGHT="75" STYLEREFS="font0"/><SP WIDTH="22" VPOS="2941" HPOS="906"/><String ID="p687_w498" CONTENT="to" HPOS="928" VPOS="2941" WIDTH="36" HEIGHT="75" STYLEREFS="font0"/><SP WIDTH="22" VPOS="2941" HPOS="964"/><String ID="p687_w499" CONTENT="the" HPOS="986" VPOS="2941" WIDTH="54" HEIGHT="75" STYLEREFS="font0"/><SP WIDTH="23" VPOS="2941" HPOS="1040"/><String ID="p687_w500" CONTENT="earl" HPOS="1063" VPOS="2941" WIDTH="65" HEIGHT="75" STYLEREFS="font0"/><SP WIDTH="28" VPOS="2941" HPOS="1128"/><String ID="p687_w501" CONTENT="of" HPOS="1156" VPOS="2941" WIDTH="41" HEIGHT="75" STYLEREFS="font0"/></TextLine><TextLine WIDTH="146" HEIGHT="75" ID="p687_t64" HPOS="215" VPOS="2989"><String ID="p687_w502" CONTENT="Radnor,." HPOS="215" VPOS="2989" WIDTH="146" HEIGHT="75" STYLEREFS="font0"/></TextLine><TextLine WIDTH="386" HEIGHT="75" ID="p687_t65" HPOS="261" VPOS="3036"><String ID="p687_w503" CONTENT="Vol.I." HPOS="261" VPOS="3036" WIDTH="146" HEIGHT="75" STYLEREFS="font0"/><SP WIDTH="42" VPOS="3036" HPOS="407"/><String ID="p687_w504" CONTENT="Numb." HPOS="449" VPOS="3036" WIDTH="122" HEIGHT="75" STYLEREFS="font0"/><SP WIDTH="20" VPOS="3036" HPOS="571"/><String ID="p687_w505" CONTENT="25." HPOS="591" VPOS="3036" WIDTH="56" HEIGHT="75" STYLEREFS="font0"/></TextLine><TextLine WIDTH="17" HEIGHT="75" ID="p687_t66" HPOS="1124" VPOS="3036"><String ID="p687_w506" CONTENT="3" HPOS="1124" VPOS="3036" WIDTH="17" HEIGHT="75" STYLEREFS="font0"/></TextLine><TextLine WIDTH="1033" HEIGHT="75" ID="p687_t67" HPOS="1272" VPOS="212"><String ID="p687_w507" CONTENT="BODROCH," HPOS="1272" VPOS="212" WIDTH="250" HEIGHT="75" STYLEREFS="font0"/><SP WIDTH="35" VPOS="212" HPOS="1522"/><String ID="p687_w508" CONTENT="a" HPOS="1557" VPOS="212" WIDTH="19" HEIGHT="75" STYLEREFS="font0"/><SP WIDTH="24" VPOS="212" HPOS="1576"/><String ID="p687_w509" CONTENT="town" HPOS="1600" VPOS="212" WIDTH="88" HEIGHT="75" STYLEREFS="font0"/><SP WIDTH="23" VPOS="212" HPOS="1688"/><String ID="p687_w510" CONTENT="of" HPOS="1711" VPOS="212" WIDTH="41" HEIGHT="75" STYLEREFS="font0"/><SP WIDTH="19" VPOS="212" HPOS="1752"/><String ID="p687_w511" CONTENT="Hungary," HPOS="1771" VPOS="212" WIDTH="170" HEIGHT="75" STYLEREFS="font0"/><SP WIDTH="31" VPOS="212" HPOS="1941"/><String ID="p687_w512" CONTENT="about" HPOS="1972" VPOS="212" WIDTH="98" HEIGHT="75" STYLEREFS="font0"/><SP WIDTH="23" VPOS="212" HPOS="2070"/><String ID="p687_w513" CONTENT="an" HPOS="2093" VPOS="212" WIDTH="38" HEIGHT="75" STYLEREFS="font0"/><SP WIDTH="26" VPOS="212" HPOS="2131"/><String ID="p687_w514" CONTENT="hundred" HPOS="2157" VPOS="212" WIDTH="148" HEIGHT="75" STYLEREFS="font0"/></TextLine><TextLine WIDTH="984" HEIGHT="75" ID="p687_t68" HPOS="1320" VPOS="256"><String ID="p687_w515" CONTENT="miles" HPOS="1320" VPOS="256" WIDTH="89" HEIGHT="75" STYLEREFS="font0"/><SP WIDTH="17" VPOS="256" HPOS="1409"/><String ID="p687_w516" CONTENT="fouth-eaft" HPOS="1426" VPOS="256" WIDTH="172" HEIGHT="75" STYLEREFS="font0"/><SP WIDTH="17" VPOS="256" HPOS="1598"/><String ID="p687_w517" CONTENT="of" HPOS="1615" VPOS="256" WIDTH="40" HEIGHT="75" STYLEREFS="font0"/><SP WIDTH="19" VPOS="256" HPOS="1655"/><String ID="p687_w518" CONTENT="Buda," HPOS="1674" VPOS="256" WIDTH="105" HEIGHT="75" STYLEREFS="font0"/><SP WIDTH="27" VPOS="256" HPOS="1779"/><String ID="p687_w519" CONTENT="and" HPOS="1806" VPOS="256" WIDTH="61" HEIGHT="75" STYLEREFS="font0"/><SP WIDTH="23" VPOS="256" HPOS="1867"/><String ID="p687_w520" CONTENT="fituated" HPOS="1890" VPOS="256" WIDTH="135" HEIGHT="75" STYLEREFS="font0"/><SP WIDTH="24" VPOS="256" HPOS="2025"/><String ID="p687_w521" CONTENT="on" HPOS="2049" VPOS="256" WIDTH="41" HEIGHT="75" STYLEREFS="font0"/><SP WIDTH="25" VPOS="256" HPOS="2090"/><String ID="p687_w522" CONTENT="the" HPOS="2115" VPOS="256" WIDTH="54" HEIGHT="75" STYLEREFS="font0"/><SP WIDTH="23" VPOS="256" HPOS="2169"/><String ID="p687_w523" CONTENT="north-" HPOS="2192" VPOS="256" WIDTH="112" HEIGHT="75" STYLEREFS="font0"/></TextLine><TextLine WIDTH="981" HEIGHT="75" ID="p687_t69" HPOS="1320" VPOS="301"><String ID="p687_w524" CONTENT="eaft" HPOS="1320" VPOS="301" WIDTH="61" HEIGHT="75" STYLEREFS="font0"/><SP WIDTH="17" VPOS="301" HPOS="1381"/><String ID="p687_w525" CONTENT="ffiore" HPOS="1398" VPOS="301" WIDTH="89" HEIGHT="75" STYLEREFS="font0"/><SP WIDTH="16" VPOS="301" HPOS="1487"/><String ID="p687_w526" CONTENT="of" HPOS="1503" VPOS="301" WIDTH="39" HEIGHT="75" STYLEREFS="font0"/><SP WIDTH="12" VPOS="301" HPOS="1542"/><String ID="p687_w527" CONTENT="the" HPOS="1554" VPOS="301" WIDTH="55" HEIGHT="75" STYLEREFS="font0"/><SP WIDTH="18" VPOS="301" HPOS="1609"/><String ID="p687_w528" CONTENT="Danube," HPOS="1627" VPOS="301" WIDTH="151" HEIGHT="75" STYLEREFS="font0"/><SP WIDTH="17" VPOS="301" HPOS="1778"/><String ID="p687_w529" CONTENT="in" HPOS="1795" VPOS="301" WIDTH="32" HEIGHT="75" STYLEREFS="font0"/><SP WIDTH="15" VPOS="301" HPOS="1827"/><String ID="p687_w530" CONTENT="20°" HPOS="1842" VPOS="301" WIDTH="62" HEIGHT="75" STYLEREFS="font0"/><SP WIDTH="23" VPOS="301" HPOS="1904"/><String ID="p687_w531" CONTENT="15'E." HPOS="1927" VPOS="301" WIDTH="105" HEIGHT="75" STYLEREFS="font0"/><SP WIDTH="14" VPOS="301" HPOS="2032"/><String ID="p687_w532" CONTENT="long," HPOS="2046" VPOS="301" WIDTH="89" HEIGHT="75" STYLEREFS="font0"/><SP WIDTH="19" VPOS="301" HPOS="2135"/><String ID="p687_w533" CONTENT="and" HPOS="2154" VPOS="301" WIDTH="62" HEIGHT="75" STYLEREFS="font0"/><SP WIDTH="18" VPOS="301" HPOS="2216"/><String ID="p687_w534" CONTENT="46°" HPOS="2234" VPOS="301" WIDTH="67" HEIGHT="75" STYLEREFS="font0"/></TextLine><TextLine WIDTH="191" HEIGHT="75" ID="p687_t70" HPOS="1325" VPOS="350"><String ID="p687_w535" CONTENT="15'" HPOS="1325" VPOS="350" WIDTH="51" HEIGHT="75" STYLEREFS="font0"/><SP WIDTH="16" VPOS="350" HPOS="1376"/><String ID="p687_w536" CONTENT="N." HPOS="1392" VPOS="350" WIDTH="48" HEIGHT="75" STYLEREFS="font0"/><SP WIDTH="17" VPOS="350" HPOS="1440"/><String ID="p687_w537" CONTENT="lat." HPOS="1457" VPOS="350" WIDTH="59" HEIGHT="75" STYLEREFS="font0"/></TextLine><TextLine WIDTH="1037" HEIGHT="75" ID="p687_t71" HPOS="1272" VPOS="395"><String ID="p687_w538" CONTENT="BODY," HPOS="1272" VPOS="395" WIDTH="145" HEIGHT="75" STYLEREFS="font0"/><SP WIDTH="26" VPOS="395" HPOS="1417"/><String ID="p687_w539" CONTENT="in" HPOS="1443" VPOS="395" WIDTH="32" HEIGHT="75" STYLEREFS="font0"/><SP WIDTH="17" VPOS="395" HPOS="1475"/><String ID="p687_w540" CONTENT="phyfics," HPOS="1492" VPOS="395" WIDTH="134" HEIGHT="75" STYLEREFS="font0"/><SP WIDTH="18" VPOS="395" HPOS="1626"/><String ID="p687_w541" CONTENT="an" HPOS="1644" VPOS="395" WIDTH="39" HEIGHT="75" STYLEREFS="font0"/><SP WIDTH="17" VPOS="395" HPOS="1683"/><String ID="p687_w542" CONTENT="extended" HPOS="1700" VPOS="395" WIDTH="164" HEIGHT="75" STYLEREFS="font0"/><SP WIDTH="10" VPOS="395" HPOS="1864"/><String ID="p687_w543" CONTENT="folid" HPOS="1874" VPOS="395" WIDTH="81" HEIGHT="75" STYLEREFS="font0"/><SP WIDTH="15" VPOS="395" HPOS="1955"/><String ID="p687_w544" CONTENT="fubftance," HPOS="1970" VPOS="395" WIDTH="172" HEIGHT="75" STYLEREFS="font0"/><SP WIDTH="26" VPOS="395" HPOS="2142"/><String ID="p687_w545" CONTENT="of" HPOS="2168" VPOS="395" WIDTH="40" HEIGHT="75" STYLEREFS="font0"/><SP WIDTH="10" VPOS="395" HPOS="2208"/><String ID="p687_w546" CONTENT="itfelf" HPOS="2218" VPOS="395" WIDTH="91" HEIGHT="75" STYLEREFS="font0"/></TextLine><TextLine WIDTH="982" HEIGHT="75" ID="p687_t72" HPOS="1320" VPOS="441"><String ID="p687_w547" CONTENT="utterly" HPOS="1320" VPOS="441" WIDTH="120" HEIGHT="75" STYLEREFS="font0"/><SP WIDTH="14" VPOS="441" HPOS="1440"/><String ID="p687_w548" CONTENT="pallive" HPOS="1454" VPOS="441" WIDTH="113" HEIGHT="75" STYLEREFS="font0"/><SP WIDTH="12" VPOS="441" HPOS="1567"/><String ID="p687_w549" CONTENT="and" HPOS="1579" VPOS="441" WIDTH="61" HEIGHT="75" STYLEREFS="font0"/><SP WIDTH="12" VPOS="441" HPOS="1640"/><String ID="p687_w550" CONTENT="inadive," HPOS="1652" VPOS="441" WIDTH="144" HEIGHT="75" STYLEREFS="font0"/><SP WIDTH="25" VPOS="441" HPOS="1796"/><String ID="p687_w551" CONTENT="indifferent" HPOS="1821" VPOS="441" WIDTH="184" HEIGHT="75" STYLEREFS="font0"/><SP WIDTH="13" VPOS="441" HPOS="2005"/><String ID="p687_w552" CONTENT="either" HPOS="2018" VPOS="441" WIDTH="103" HEIGHT="75" STYLEREFS="font0"/><SP WIDTH="9" VPOS="441" HPOS="2121"/><String ID="p687_w553" CONTENT="to" HPOS="2130" VPOS="441" WIDTH="37" HEIGHT="75" STYLEREFS="font0"/><SP WIDTH="12" VPOS="441" HPOS="2167"/><String ID="p687_w554" CONTENT="motion" HPOS="2179" VPOS="441" WIDTH="123" HEIGHT="75" STYLEREFS="font0"/></TextLine><TextLine WIDTH="791" HEIGHT="75" ID="p687_t73" HPOS="1319" VPOS="489"><String ID="p687_w555" CONTENT="or" HPOS="1319" VPOS="489" WIDTH="35" HEIGHT="75" STYLEREFS="font0"/><SP WIDTH="17" VPOS="489" HPOS="1354"/><String ID="p687_w556" CONTENT="reft." HPOS="1371" VPOS="489" WIDTH="74" HEIGHT="75" STYLEREFS="font0"/><SP WIDTH="50" VPOS="489" HPOS="1445"/><String ID="p687_w557" CONTENT="See" HPOS="1495" VPOS="489" WIDTH="61" HEIGHT="75" STYLEREFS="font0"/><SP WIDTH="16" VPOS="489" HPOS="1556"/><String ID="p687_w558" CONTENT="Matter," HPOS="1572" VPOS="489" WIDTH="188" HEIGHT="75" STYLEREFS="font0"/><SP WIDTH="26" VPOS="489" HPOS="1760"/><String ID="p687_w559" CONTENT="and" HPOS="1786" VPOS="489" WIDTH="62" HEIGHT="75" STYLEREFS="font0"/><SP WIDTH="11" VPOS="489" HPOS="1848"/><String ID="p687_w560" CONTENT="Mechanics." HPOS="1859" VPOS="489" WIDTH="251" HEIGHT="75" STYLEREFS="font0"/></TextLine><TextLine WIDTH="652" HEIGHT="75" ID="p687_t74" HPOS="1270" VPOS="535"><String ID="p687_w561" CONTENT="Colour" HPOS="1270" VPOS="535" WIDTH="117" HEIGHT="75" STYLEREFS="font0"/><SP WIDTH="22" VPOS="535" HPOS="1387"/><String ID="p687_w562" CONTENT="of" HPOS="1409" VPOS="535" WIDTH="44" HEIGHT="75" STYLEREFS="font0"/><SP WIDTH="13" VPOS="535" HPOS="1453"/><String ID="p687_w563" CONTENT="Hornes." HPOS="1466" VPOS="535" WIDTH="165" HEIGHT="75" STYLEREFS="font0"/><SP WIDTH="51" VPOS="535" HPOS="1631"/><String ID="p687_w564" CONTENT="See" HPOS="1682" VPOS="535" WIDTH="62" HEIGHT="75" STYLEREFS="font0"/><SP WIDTH="16" VPOS="535" HPOS="1744"/><String ID="p687_w565" CONTENT="Optics." HPOS="1760" VPOS="535" WIDTH="162" HEIGHT="75" STYLEREFS="font0"/></TextLine><TextLine WIDTH="757" HEIGHT="75" ID="p687_t75" HPOS="1271" VPOS="581"><String ID="p687_w566" CONTENT="Defcent" HPOS="1271" VPOS="581" WIDTH="141" HEIGHT="75" STYLEREFS="font0"/><SP WIDTH="17" VPOS="581" HPOS="1412"/><String ID="p687_w567" CONTENT="of" HPOS="1429" VPOS="581" WIDTH="43" HEIGHT="75" STYLEREFS="font0"/><SP WIDTH="15" VPOS="581" HPOS="1472"/><String ID="p687_w568" CONTENT="Bodies." HPOS="1487" VPOS="581" WIDTH="160" HEIGHT="75" STYLEREFS="font0"/><SP WIDTH="51" VPOS="581" HPOS="1647"/><String ID="p687_w569" CONTENT="See" HPOS="1698" VPOS="581" WIDTH="61" HEIGHT="75" STYLEREFS="font0"/><SP WIDTH="17" VPOS="581" HPOS="1759"/><String ID="p687_w570" CONTENT="Mechanics." HPOS="1776" VPOS="581" WIDTH="252" HEIGHT="75" STYLEREFS="font0"/></TextLine><TextLine WIDTH="767" HEIGHT="75" ID="p687_t76" HPOS="1272" VPOS="630"><String ID="p687_w571" CONTENT="Divifon" HPOS="1272" VPOS="630" WIDTH="150" HEIGHT="75" STYLEREFS="font0"/><SP WIDTH="16" VPOS="630" HPOS="1422"/><String ID="p687_w572" CONTENT="of" HPOS="1438" VPOS="630" WIDTH="43" HEIGHT="75" STYLEREFS="font0"/><SP WIDTH="14" VPOS="630" HPOS="1481"/><String ID="p687_w573" CONTENT="moons." HPOS="1495" VPOS="630" WIDTH="164" HEIGHT="75" STYLEREFS="font0"/><SP WIDTH="51" VPOS="630" HPOS="1659"/><String ID="p687_w574" CONTENT="See" HPOS="1710" VPOS="630" WIDTH="61" HEIGHT="75" STYLEREFS="font0"/><SP WIDTH="17" VPOS="630" HPOS="1771"/><String ID="p687_w575" CONTENT="Chemistry." HPOS="1788" VPOS="630" WIDTH="251" HEIGHT="75" STYLEREFS="font0"/></TextLine><TextLine WIDTH="1032" HEIGHT="75" ID="p687_t77" HPOS="1269" VPOS="673"><String ID="p687_w576" CONTENT="Body," HPOS="1269" VPOS="673" WIDTH="128" HEIGHT="75" STYLEREFS="font0"/><SP WIDTH="26" VPOS="673" HPOS="1397"/><String ID="p687_w577" CONTENT="with" HPOS="1423" VPOS="673" WIDTH="79" HEIGHT="75" STYLEREFS="font0"/><SP WIDTH="17" VPOS="673" HPOS="1502"/><String ID="p687_w578" CONTENT="regard" HPOS="1519" VPOS="673" WIDTH="114" HEIGHT="75" STYLEREFS="font0"/><SP WIDTH="17" VPOS="673" HPOS="1633"/><String ID="p687_w579" CONTENT="to" HPOS="1650" VPOS="673" WIDTH="35" HEIGHT="75" STYLEREFS="font0"/><SP WIDTH="27" VPOS="673" HPOS="1685"/><String ID="p687_w580" CONTENT="animals," HPOS="1712" VPOS="673" WIDTH="145" HEIGHT="75" STYLEREFS="font0"/><SP WIDTH="25" VPOS="673" HPOS="1857"/><String ID="p687_w581" CONTENT="is" HPOS="1882" VPOS="673" WIDTH="26" HEIGHT="75" STYLEREFS="font0"/><SP WIDTH="20" VPOS="673" HPOS="1908"/><String ID="p687_w582" CONTENT="ufed" HPOS="1928" VPOS="673" WIDTH="74" HEIGHT="75" STYLEREFS="font0"/><SP WIDTH="23" VPOS="673" HPOS="2002"/><String ID="p687_w583" CONTENT="in" HPOS="2025" VPOS="673" WIDTH="30" HEIGHT="75" STYLEREFS="font0"/><SP WIDTH="18" VPOS="673" HPOS="2055"/><String ID="p687_w584" CONTENT="oppofition" HPOS="2073" VPOS="673" WIDTH="174" HEIGHT="75" STYLEREFS="font0"/><SP WIDTH="18" VPOS="673" HPOS="2247"/><String ID="p687_w585" CONTENT="to" HPOS="2265" VPOS="673" WIDTH="36" HEIGHT="75" STYLEREFS="font0"/></TextLine><TextLine WIDTH="983" HEIGHT="75" ID="p687_t78" HPOS="1314" VPOS="719"><String ID="p687_w586" CONTENT="foul," HPOS="1314" VPOS="719" WIDTH="82" HEIGHT="75" STYLEREFS="font0"/><SP WIDTH="25" VPOS="719" HPOS="1396"/><String ID="p687_w587" CONTENT="in" HPOS="1421" VPOS="719" WIDTH="32" HEIGHT="75" STYLEREFS="font0"/><SP WIDTH="18" VPOS="719" HPOS="1453"/><String ID="p687_w588" CONTENT="which" HPOS="1471" VPOS="719" WIDTH="104" HEIGHT="75" STYLEREFS="font0"/><SP WIDTH="18" VPOS="719" HPOS="1575"/><String ID="p687_w589" CONTENT="fenfe" HPOS="1593" VPOS="719" WIDTH="84" HEIGHT="75" STYLEREFS="font0"/><SP WIDTH="17" VPOS="719" HPOS="1677"/><String ID="p687_w590" CONTENT="it" HPOS="1694" VPOS="719" WIDTH="25" HEIGHT="75" STYLEREFS="font0"/><SP WIDTH="17" VPOS="719" HPOS="1719"/><String ID="p687_w591" CONTENT="makes" HPOS="1736" VPOS="719" WIDTH="107" HEIGHT="75" STYLEREFS="font0"/><SP WIDTH="25" VPOS="719" HPOS="1843"/><String ID="p687_w592" CONTENT="the" HPOS="1868" VPOS="719" WIDTH="55" HEIGHT="75" STYLEREFS="font0"/><SP WIDTH="17" VPOS="719" HPOS="1923"/><String ID="p687_w593" CONTENT="fubjeft" HPOS="1940" VPOS="719" WIDTH="120" HEIGHT="75" STYLEREFS="font0"/><SP WIDTH="16" VPOS="719" HPOS="2060"/><String ID="p687_w594" CONTENT="of" HPOS="2076" VPOS="719" WIDTH="39" HEIGHT="75" STYLEREFS="font0"/><SP WIDTH="18" VPOS="719" HPOS="2115"/><String ID="p687_w595" CONTENT="anatomy." HPOS="2133" VPOS="719" WIDTH="164" HEIGHT="75" STYLEREFS="font0"/></TextLine><TextLine WIDTH="1029" HEIGHT="75" ID="p687_t79" HPOS="1269" VPOS="767"><String ID="p687_w596" CONTENT="Body," HPOS="1269" VPOS="767" WIDTH="124" HEIGHT="75" STYLEREFS="font0"/><SP WIDTH="26" VPOS="767" HPOS="1393"/><String ID="p687_w597" CONTENT="among" HPOS="1419" VPOS="767" WIDTH="115" HEIGHT="75" STYLEREFS="font0"/><SP WIDTH="16" VPOS="767" HPOS="1534"/><String ID="p687_w598" CONTENT="painters," HPOS="1550" VPOS="767" WIDTH="153" HEIGHT="75" STYLEREFS="font0"/><SP WIDTH="25" VPOS="767" HPOS="1703"/><String ID="p687_w599" CONTENT="as" HPOS="1728" VPOS="767" WIDTH="33" HEIGHT="75" STYLEREFS="font0"/><SP WIDTH="30" VPOS="767" HPOS="1761"/><String ID="p687_w600" CONTENT="to" HPOS="1791" VPOS="767" WIDTH="34" HEIGHT="75" STYLEREFS="font0"/><SP WIDTH="22" VPOS="767" HPOS="1825"/><String ID="p687_w601" CONTENT="bear" HPOS="1847" VPOS="767" WIDTH="77" HEIGHT="75" STYLEREFS="font0"/><SP WIDTH="16" VPOS="767" HPOS="1924"/><String ID="p687_w602" CONTENT="a" HPOS="1940" VPOS="767" WIDTH="19" HEIGHT="75" STYLEREFS="font0"/><SP WIDTH="16" VPOS="767" HPOS="1959"/><String ID="p687_w603" CONTENT="body," HPOS="1975" VPOS="767" WIDTH="98" HEIGHT="75" STYLEREFS="font0"/><SP WIDTH="28" VPOS="767" HPOS="2073"/><String ID="p687_w604" CONTENT="a" HPOS="2101" VPOS="767" WIDTH="18" HEIGHT="75" STYLEREFS="font0"/><SP WIDTH="17" VPOS="767" HPOS="2119"/><String ID="p687_w605" CONTENT="term" HPOS="2136" VPOS="767" WIDTH="79" HEIGHT="75" STYLEREFS="font0"/><SP WIDTH="24" VPOS="767" HPOS="2215"/><String ID="p687_w606" CONTENT="fig-" HPOS="2239" VPOS="767" WIDTH="59" HEIGHT="75" STYLEREFS="font0"/></TextLine><TextLine WIDTH="983" HEIGHT="75" ID="p687_t80" HPOS="1315" VPOS="813"><String ID="p687_w607" CONTENT="nifying" HPOS="1315" VPOS="813" WIDTH="122" HEIGHT="75" STYLEREFS="font0"/><SP WIDTH="17" VPOS="813" HPOS="1437"/><String ID="p687_w608" CONTENT="that" HPOS="1454" VPOS="813" WIDTH="70" HEIGHT="75" STYLEREFS="font0"/><SP WIDTH="12" VPOS="813" HPOS="1524"/><String ID="p687_w609" CONTENT="the" HPOS="1536" VPOS="813" WIDTH="54" HEIGHT="75" STYLEREFS="font0"/><SP WIDTH="17" VPOS="813" HPOS="1590"/><String ID="p687_w610" CONTENT="colours" HPOS="1607" VPOS="813" WIDTH="127" HEIGHT="75" STYLEREFS="font0"/><SP WIDTH="18" VPOS="813" HPOS="1734"/><String ID="p687_w611" CONTENT="are" HPOS="1752" VPOS="813" WIDTH="53" HEIGHT="75" STYLEREFS="font0"/><SP WIDTH="16" VPOS="813" HPOS="1805"/><String ID="p687_w612" CONTENT="of" HPOS="1821" VPOS="813" WIDTH="40" HEIGHT="75" STYLEREFS="font0"/><SP WIDTH="12" VPOS="813" HPOS="1861"/><String ID="p687_w613" CONTENT="fuch" HPOS="1873" VPOS="813" WIDTH="76" HEIGHT="75" STYLEREFS="font0"/><SP WIDTH="17" VPOS="813" HPOS="1949"/><String ID="p687_w614" CONTENT="a" HPOS="1966" VPOS="813" WIDTH="19" HEIGHT="75" STYLEREFS="font0"/><SP WIDTH="15" VPOS="813" HPOS="1985"/><String ID="p687_w615" CONTENT="nature," HPOS="2000" VPOS="813" WIDTH="126" HEIGHT="75" STYLEREFS="font0"/><SP WIDTH="26" VPOS="813" HPOS="2126"/><String ID="p687_w616" CONTENT="as" HPOS="2152" VPOS="813" WIDTH="33" HEIGHT="75" STYLEREFS="font0"/><SP WIDTH="18" VPOS="813" HPOS="2185"/><String ID="p687_w617" CONTENT="to" HPOS="2203" VPOS="813" WIDTH="34" HEIGHT="75" STYLEREFS="font0"/><SP WIDTH="22" VPOS="813" HPOS="2237"/><String ID="p687_w618" CONTENT="be" HPOS="2259" VPOS="813" WIDTH="39" HEIGHT="75" STYLEREFS="font0"/></TextLine><TextLine WIDTH="983" HEIGHT="75" ID="p687_t81" HPOS="1315" VPOS="861"><String ID="p687_w619" CONTENT="capable" HPOS="1315" VPOS="861" WIDTH="128" HEIGHT="75" STYLEREFS="font0"/><SP WIDTH="17" VPOS="861" HPOS="1443"/><String ID="p687_w620" CONTENT="of" HPOS="1460" VPOS="861" WIDTH="40" HEIGHT="75" STYLEREFS="font0"/><SP WIDTH="18" VPOS="861" HPOS="1500"/><String ID="p687_w621" CONTENT="being" HPOS="1518" VPOS="861" WIDTH="97" HEIGHT="75" STYLEREFS="font0"/><SP WIDTH="14" VPOS="861" HPOS="1615"/><String ID="p687_w622" CONTENT="ground" HPOS="1629" VPOS="861" WIDTH="124" HEIGHT="75" STYLEREFS="font0"/><SP WIDTH="17" VPOS="861" HPOS="1753"/><String ID="p687_w623" CONTENT="fo" HPOS="1770" VPOS="861" WIDTH="32" HEIGHT="75" STYLEREFS="font0"/><SP WIDTH="25" VPOS="861" HPOS="1802"/><String ID="p687_w624" CONTENT="fine," HPOS="1827" VPOS="861" WIDTH="74" HEIGHT="75" STYLEREFS="font0"/><SP WIDTH="26" VPOS="861" HPOS="1901"/><String ID="p687_w625" CONTENT="and" HPOS="1927" VPOS="861" WIDTH="60" HEIGHT="75" STYLEREFS="font0"/><SP WIDTH="19" VPOS="861" HPOS="1987"/><String ID="p687_w626" CONTENT="mixing" HPOS="2006" VPOS="861" WIDTH="124" HEIGHT="75" STYLEREFS="font0"/><SP WIDTH="17" VPOS="861" HPOS="2130"/><String ID="p687_w627" CONTENT="with" HPOS="2147" VPOS="861" WIDTH="77" HEIGHT="75" STYLEREFS="font0"/><SP WIDTH="18" VPOS="861" HPOS="2224"/><String ID="p687_w628" CONTENT="the" HPOS="2242" VPOS="861" WIDTH="56" HEIGHT="75" STYLEREFS="font0"/></TextLine><TextLine WIDTH="984" HEIGHT="75" ID="p687_t82" HPOS="1314" VPOS="905"><String ID="p687_w629" CONTENT="oil" HPOS="1314" VPOS="905" WIDTH="43" HEIGHT="75" STYLEREFS="font0"/><SP WIDTH="17" VPOS="905" HPOS="1357"/><String ID="p687_w630" CONTENT="fo" HPOS="1374" VPOS="905" WIDTH="34" HEIGHT="75" STYLEREFS="font0"/><SP WIDTH="16" VPOS="905" HPOS="1408"/><String ID="p687_w631" CONTENT="intirely," HPOS="1424" VPOS="905" WIDTH="141" HEIGHT="75" STYLEREFS="font0"/><SP WIDTH="26" VPOS="905" HPOS="1565"/><String ID="p687_w632" CONTENT="as" HPOS="1591" VPOS="905" WIDTH="34" HEIGHT="75" STYLEREFS="font0"/><SP WIDTH="18" VPOS="905" HPOS="1625"/><String ID="p687_w633" CONTENT="to" HPOS="1643" VPOS="905" WIDTH="34" HEIGHT="75" STYLEREFS="font0"/><SP WIDTH="16" VPOS="905" HPOS="1677"/><String ID="p687_w634" CONTENT="feem" HPOS="1693" VPOS="905" WIDTH="83" HEIGHT="75" STYLEREFS="font0"/><SP WIDTH="15" VPOS="905" HPOS="1776"/><String ID="p687_w635" CONTENT="only" HPOS="1791" VPOS="905" WIDTH="78" HEIGHT="75" STYLEREFS="font0"/><SP WIDTH="17" VPOS="905" HPOS="1869"/><String ID="p687_w636" CONTENT="a" HPOS="1886" VPOS="905" WIDTH="18" HEIGHT="75" STYLEREFS="font0"/><SP WIDTH="18" VPOS="905" HPOS="1904"/><String ID="p687_w637" CONTENT="very" HPOS="1922" VPOS="905" WIDTH="76" HEIGHT="75" STYLEREFS="font0"/><SP WIDTH="17" VPOS="905" HPOS="1998"/><String ID="p687_w638" CONTENT="thick" HPOS="2015" VPOS="905" WIDTH="89" HEIGHT="75" STYLEREFS="font0"/><SP WIDTH="17" VPOS="905" HPOS="2104"/><String ID="p687_w639" CONTENT="oil" HPOS="2121" VPOS="905" WIDTH="44" HEIGHT="75" STYLEREFS="font0"/><SP WIDTH="16" VPOS="905" HPOS="2165"/><String ID="p687_w640" CONTENT="of" HPOS="2181" VPOS="905" WIDTH="41" HEIGHT="75" STYLEREFS="font0"/><SP WIDTH="19" VPOS="905" HPOS="2222"/><String ID="p687_w641" CONTENT="the" HPOS="2241" VPOS="905" WIDTH="57" HEIGHT="75" STYLEREFS="font0"/></TextLine><TextLine WIDTH="222" HEIGHT="75" ID="p687_t83" HPOS="1314" VPOS="953"><String ID="p687_w642" CONTENT="fame" HPOS="1314" VPOS="953" WIDTH="82" HEIGHT="75" STYLEREFS="font0"/><SP WIDTH="16" VPOS="953" HPOS="1396"/><String ID="p687_w643" CONTENT="colour." HPOS="1412" VPOS="953" WIDTH="124" HEIGHT="75" STYLEREFS="font0"/></TextLine><TextLine WIDTH="1030" HEIGHT="75" ID="p687_t84" HPOS="1267" VPOS="999"><String ID="p687_w644" CONTENT="Body," HPOS="1267" VPOS="999" WIDTH="124" HEIGHT="75" STYLEREFS="font0"/><SP WIDTH="24" VPOS="999" HPOS="1391"/><String ID="p687_w645" CONTENT="in" HPOS="1415" VPOS="999" WIDTH="32" HEIGHT="75" STYLEREFS="font0"/><SP WIDTH="18" VPOS="999" HPOS="1447"/><String ID="p687_w646" CONTENT="the" HPOS="1465" VPOS="999" WIDTH="55" HEIGHT="75" STYLEREFS="font0"/><SP WIDTH="15" VPOS="999" HPOS="1520"/><String ID="p687_w647" CONTENT="manege." HPOS="1535" VPOS="999" WIDTH="144" HEIGHT="75" STYLEREFS="font0"/><SP WIDTH="51" VPOS="999" HPOS="1679"/><String ID="p687_w648" CONTENT="A" HPOS="1730" VPOS="999" WIDTH="33" HEIGHT="75" STYLEREFS="font0"/><SP WIDTH="28" VPOS="999" HPOS="1763"/><String ID="p687_w649" CONTENT="horfe" HPOS="1791" VPOS="999" WIDTH="91" HEIGHT="75" STYLEREFS="font0"/><SP WIDTH="16" VPOS="999" HPOS="1882"/><String ID="p687_w650" CONTENT="is" HPOS="1898" VPOS="999" WIDTH="27" HEIGHT="75" STYLEREFS="font0"/><SP WIDTH="17" VPOS="999" HPOS="1925"/><String ID="p687_w651" CONTENT="chiefly" HPOS="1942" VPOS="999" WIDTH="116" HEIGHT="75" STYLEREFS="font0"/><SP WIDTH="16" VPOS="999" HPOS="2058"/><String ID="p687_w652" CONTENT="faid" HPOS="2074" VPOS="999" WIDTH="66" HEIGHT="75" STYLEREFS="font0"/><SP WIDTH="24" VPOS="999" HPOS="2140"/><String ID="p687_w653" CONTENT="to" HPOS="2164" VPOS="999" WIDTH="36" HEIGHT="75" STYLEREFS="font0"/><SP WIDTH="15" VPOS="999" HPOS="2200"/><String ID="p687_w654" CONTENT="have" HPOS="2215" VPOS="999" WIDTH="82" HEIGHT="75" STYLEREFS="font0"/></TextLine><TextLine WIDTH="982" HEIGHT="75" ID="p687_t85" HPOS="1315" VPOS="1044"><String ID="p687_w655" CONTENT="a" HPOS="1315" VPOS="1044" WIDTH="17" HEIGHT="75" STYLEREFS="font0"/><SP WIDTH="16" VPOS="1044" HPOS="1332"/><String ID="p687_w656" CONTENT="good" HPOS="1348" VPOS="1044" WIDTH="85" HEIGHT="75" STYLEREFS="font0"/><SP WIDTH="16" VPOS="1044" HPOS="1433"/><String ID="p687_w657" CONTENT="body," HPOS="1449" VPOS="1044" WIDTH="99" HEIGHT="75" STYLEREFS="font0"/><SP WIDTH="26" VPOS="1044" HPOS="1548"/><String ID="p687_w658" CONTENT="when" HPOS="1574" VPOS="1044" WIDTH="92" HEIGHT="75" STYLEREFS="font0"/><SP WIDTH="17" VPOS="1044" HPOS="1666"/><String ID="p687_w659" CONTENT="he" HPOS="1683" VPOS="1044" WIDTH="41" HEIGHT="75" STYLEREFS="font0"/><SP WIDTH="17" VPOS="1044" HPOS="1724"/><String ID="p687_w660" CONTENT="is" HPOS="1741" VPOS="1044" WIDTH="26" HEIGHT="75" STYLEREFS="font0"/><SP WIDTH="17" VPOS="1044" HPOS="1767"/><String ID="p687_w661" CONTENT="full" HPOS="1784" VPOS="1044" WIDTH="60" HEIGHT="75" STYLEREFS="font0"/><SP WIDTH="17" VPOS="1044" HPOS="1844"/><String ID="p687_w662" CONTENT="in" HPOS="1861" VPOS="1044" WIDTH="33" HEIGHT="75" STYLEREFS="font0"/><SP WIDTH="16" VPOS="1044" HPOS="1894"/><String ID="p687_w663" CONTENT="the" HPOS="1910" VPOS="1044" WIDTH="55" HEIGHT="75" STYLEREFS="font0"/><SP WIDTH="16" VPOS="1044" HPOS="1965"/><String ID="p687_w664" CONTENT="flank." HPOS="1981" VPOS="1044" WIDTH="97" HEIGHT="75" STYLEREFS="font0"/><SP WIDTH="50" VPOS="1044" HPOS="2078"/><String ID="p687_w665" CONTENT="If" HPOS="2128" VPOS="1044" WIDTH="37" HEIGHT="75" STYLEREFS="font0"/><SP WIDTH="6" VPOS="1044" HPOS="2165"/><String ID="p687_w666" CONTENT="the" HPOS="2171" VPOS="1044" WIDTH="55" HEIGHT="75" STYLEREFS="font0"/><SP WIDTH="12" VPOS="1044" HPOS="2226"/><String ID="p687_w667" CONTENT="laft" HPOS="2238" VPOS="1044" WIDTH="59" HEIGHT="75" STYLEREFS="font0"/></TextLine><TextLine WIDTH="982" HEIGHT="75" ID="p687_t86" HPOS="1314" VPOS="1092"><String ID="p687_w668" CONTENT="of" HPOS="1314" VPOS="1092" WIDTH="39" HEIGHT="75" STYLEREFS="font0"/><SP WIDTH="19" VPOS="1092" HPOS="1353"/><String ID="p687_w669" CONTENT="the" HPOS="1372" VPOS="1092" WIDTH="55" HEIGHT="75" STYLEREFS="font0"/><SP WIDTH="16" VPOS="1092" HPOS="1427"/><String ID="p687_w670" CONTENT="ffiort" HPOS="1443" VPOS="1092" WIDTH="86" HEIGHT="75" STYLEREFS="font0"/><SP WIDTH="16" VPOS="1092" HPOS="1529"/><String ID="p687_w671" CONTENT="ribs" HPOS="1545" VPOS="1092" WIDTH="65" HEIGHT="75" STYLEREFS="font0"/><SP WIDTH="19" VPOS="1092" HPOS="1610"/><String ID="p687_w672" CONTENT="be" HPOS="1629" VPOS="1092" WIDTH="39" HEIGHT="75" STYLEREFS="font0"/><SP WIDTH="16" VPOS="1092" HPOS="1668"/><String ID="p687_w673" CONTENT="at" HPOS="1684" VPOS="1092" WIDTH="34" HEIGHT="75" STYLEREFS="font0"/><SP WIDTH="15" VPOS="1092" HPOS="1718"/><String ID="p687_w674" CONTENT="a" HPOS="1733" VPOS="1092" WIDTH="19" HEIGHT="75" STYLEREFS="font0"/><SP WIDTH="11" VPOS="1092" HPOS="1752"/><String ID="p687_w675" CONTENT="confiderable" HPOS="1763" VPOS="1092" WIDTH="213" HEIGHT="75" STYLEREFS="font0"/><SP WIDTH="9" VPOS="1092" HPOS="1976"/><String ID="p687_w676" CONTENT="diftance" HPOS="1985" VPOS="1092" WIDTH="141" HEIGHT="75" STYLEREFS="font0"/><SP WIDTH="16" VPOS="1092" HPOS="2126"/><String ID="p687_w677" CONTENT="from" HPOS="2142" VPOS="1092" WIDTH="83" HEIGHT="75" STYLEREFS="font0"/><SP WIDTH="14" VPOS="1092" HPOS="2225"/><String ID="p687_w678" CONTENT="the" HPOS="2239" VPOS="1092" WIDTH="57" HEIGHT="75" STYLEREFS="font0"/></TextLine><TextLine WIDTH="980" HEIGHT="75" ID="p687_t87" HPOS="1313" VPOS="1140"><String ID="p687_w679" CONTENT="haunch" HPOS="1313" VPOS="1140" WIDTH="125" HEIGHT="75" STYLEREFS="font0"/><SP WIDTH="27" VPOS="1140" HPOS="1438"/><String ID="p687_w680" CONTENT="bone," HPOS="1465" VPOS="1140" WIDTH="93" HEIGHT="75" STYLEREFS="font0"/><SP WIDTH="26" VPOS="1140" HPOS="1558"/><String ID="p687_w681" CONTENT="although" HPOS="1584" VPOS="1140" WIDTH="155" HEIGHT="75" STYLEREFS="font0"/><SP WIDTH="25" VPOS="1140" HPOS="1739"/><String ID="p687_w682" CONTENT="fuch" HPOS="1764" VPOS="1140" WIDTH="77" HEIGHT="75" STYLEREFS="font0"/><SP WIDTH="24" VPOS="1140" HPOS="1841"/><String ID="p687_w683" CONTENT="horfes" HPOS="1865" VPOS="1140" WIDTH="107" HEIGHT="75" STYLEREFS="font0"/><SP WIDTH="17" VPOS="1140" HPOS="1972"/><String ID="p687_w684" CONTENT="may," HPOS="1989" VPOS="1140" WIDTH="86" HEIGHT="75" STYLEREFS="font0"/><SP WIDTH="26" VPOS="1140" HPOS="2075"/><String ID="p687_w685" CONTENT="for" HPOS="2101" VPOS="1140" WIDTH="51" HEIGHT="75" STYLEREFS="font0"/><SP WIDTH="17" VPOS="1140" HPOS="2152"/><String ID="p687_w686" CONTENT="a" HPOS="2169" VPOS="1140" WIDTH="18" HEIGHT="75" STYLEREFS="font0"/><SP WIDTH="16" VPOS="1140" HPOS="2187"/><String ID="p687_w687" CONTENT="time," HPOS="2203" VPOS="1140" WIDTH="90" HEIGHT="75" STYLEREFS="font0"/></TextLine><TextLine WIDTH="983" HEIGHT="75" ID="p687_t88" HPOS="1311" VPOS="1186"><String ID="p687_w688" CONTENT="have" HPOS="1311" VPOS="1186" WIDTH="80" HEIGHT="75" STYLEREFS="font0"/><SP WIDTH="28" VPOS="1186" HPOS="1391"/><String ID="p687_w689" CONTENT="pretty" HPOS="1419" VPOS="1186" WIDTH="109" HEIGHT="75" STYLEREFS="font0"/><SP WIDTH="26" VPOS="1186" HPOS="1528"/><String ID="p687_w690" CONTENT="good" HPOS="1554" VPOS="1186" WIDTH="87" HEIGHT="75" STYLEREFS="font0"/><SP WIDTH="28" VPOS="1186" HPOS="1641"/><String ID="p687_w691" CONTENT="bodies," HPOS="1669" VPOS="1186" WIDTH="124" HEIGHT="75" STYLEREFS="font0"/><SP WIDTH="27" VPOS="1186" HPOS="1793"/><String ID="p687_w692" CONTENT="yet," HPOS="1820" VPOS="1186" WIDTH="66" HEIGHT="75" STYLEREFS="font0"/><SP WIDTH="25" VPOS="1186" HPOS="1886"/><String ID="p687_w693" CONTENT="if" HPOS="1911" VPOS="1186" WIDTH="31" HEIGHT="75" STYLEREFS="font0"/><SP WIDTH="22" VPOS="1186" HPOS="1942"/><String ID="p687_w694" CONTENT="they" HPOS="1964" VPOS="1186" WIDTH="78" HEIGHT="75" STYLEREFS="font0"/><SP WIDTH="24" VPOS="1186" HPOS="2042"/><String ID="p687_w695" CONTENT="are" HPOS="2066" VPOS="1186" WIDTH="54" HEIGHT="75" STYLEREFS="font0"/><SP WIDTH="17" VPOS="1186" HPOS="2120"/><String ID="p687_w696" CONTENT="much" HPOS="2137" VPOS="1186" WIDTH="93" HEIGHT="75" STYLEREFS="font0"/><SP WIDTH="16" VPOS="1186" HPOS="2230"/><String ID="p687_w697" CONTENT="la-" HPOS="2246" VPOS="1186" WIDTH="48" HEIGHT="75" STYLEREFS="font0"/></TextLine><TextLine WIDTH="983" HEIGHT="75" ID="p687_t89" HPOS="1312" VPOS="1232"><String ID="p687_w698" CONTENT="boured," HPOS="1312" VPOS="1232" WIDTH="133" HEIGHT="75" STYLEREFS="font0"/><SP WIDTH="27" VPOS="1232" HPOS="1445"/><String ID="p687_w699" CONTENT="they" HPOS="1472" VPOS="1232" WIDTH="78" HEIGHT="75" STYLEREFS="font0"/><SP WIDTH="28" VPOS="1232" HPOS="1550"/><String ID="p687_w700" CONTENT="will" HPOS="1578" VPOS="1232" WIDTH="64" HEIGHT="75" STYLEREFS="font0"/><SP WIDTH="29" VPOS="1232" HPOS="1642"/><String ID="p687_w701" CONTENT="lofe" HPOS="1671" VPOS="1232" WIDTH="66" HEIGHT="75" STYLEREFS="font0"/><SP WIDTH="17" VPOS="1232" HPOS="1737"/><String ID="p687_w702" CONTENT="them;" HPOS="1754" VPOS="1232" WIDTH="109" HEIGHT="75" STYLEREFS="font0"/><SP WIDTH="28" VPOS="1232" HPOS="1863"/><String ID="p687_w703" CONTENT="and" HPOS="1891" VPOS="1232" WIDTH="63" HEIGHT="75" STYLEREFS="font0"/><SP WIDTH="15" VPOS="1232" HPOS="1954"/><String ID="p687_w704" CONTENT="thefe" HPOS="1969" VPOS="1232" WIDTH="88" HEIGHT="75" STYLEREFS="font0"/><SP WIDTH="17" VPOS="1232" HPOS="2057"/><String ID="p687_w705" CONTENT="are" HPOS="2074" VPOS="1232" WIDTH="53" HEIGHT="75" STYLEREFS="font0"/><SP WIDTH="18" VPOS="1232" HPOS="2127"/><String ID="p687_w706" CONTENT="properly" HPOS="2145" VPOS="1232" WIDTH="150" HEIGHT="75" STYLEREFS="font0"/></TextLine><TextLine WIDTH="982" HEIGHT="75" ID="p687_t90" HPOS="1312" VPOS="1278"><String ID="p687_w707" CONTENT="the" HPOS="1312" VPOS="1278" WIDTH="55" HEIGHT="75" STYLEREFS="font0"/><SP WIDTH="16" VPOS="1278" HPOS="1367"/><String ID="p687_w708" CONTENT="horfes" HPOS="1383" VPOS="1278" WIDTH="108" HEIGHT="75" STYLEREFS="font0"/><SP WIDTH="30" VPOS="1278" HPOS="1491"/><String ID="p687_w709" CONTENT="that" HPOS="1521" VPOS="1278" WIDTH="70" HEIGHT="75" STYLEREFS="font0"/><SP WIDTH="26" VPOS="1278" HPOS="1591"/><String ID="p687_w710" CONTENT="have" HPOS="1617" VPOS="1278" WIDTH="81" HEIGHT="75" STYLEREFS="font0"/><SP WIDTH="28" VPOS="1278" HPOS="1698"/><String ID="p687_w711" CONTENT="no" HPOS="1726" VPOS="1278" WIDTH="42" HEIGHT="75" STYLEREFS="font0"/><SP WIDTH="24" VPOS="1278" HPOS="1768"/><String ID="p687_w712" CONTENT="flank." HPOS="1792" VPOS="1278" WIDTH="98" HEIGHT="75" STYLEREFS="font0"/><SP WIDTH="49" VPOS="1278" HPOS="1890"/><String ID="p687_w713" CONTENT="It" HPOS="1939" VPOS="1278" WIDTH="33" HEIGHT="75" STYLEREFS="font0"/><SP WIDTH="27" VPOS="1278" HPOS="1972"/><String ID="p687_w714" CONTENT="is" HPOS="1999" VPOS="1278" WIDTH="27" HEIGHT="75" STYLEREFS="font0"/><SP WIDTH="24" VPOS="1278" HPOS="2026"/><String ID="p687_w715" CONTENT="alfo" HPOS="2050" VPOS="1278" WIDTH="65" HEIGHT="75" STYLEREFS="font0"/><SP WIDTH="17" VPOS="1278" HPOS="2115"/><String ID="p687_w716" CONTENT="a" HPOS="2132" VPOS="1278" WIDTH="17" HEIGHT="75" STYLEREFS="font0"/><SP WIDTH="16" VPOS="1278" HPOS="2149"/><String ID="p687_w717" CONTENT="general" HPOS="2165" VPOS="1278" WIDTH="129" HEIGHT="75" STYLEREFS="font0"/></TextLine><TextLine WIDTH="981" HEIGHT="75" ID="p687_t91" HPOS="1312" VPOS="1326"><String ID="p687_w718" CONTENT="rule," HPOS="1312" VPOS="1326" WIDTH="81" HEIGHT="75" STYLEREFS="font0"/><SP WIDTH="24" VPOS="1326" HPOS="1393"/><String ID="p687_w719" CONTENT="that" HPOS="1417" VPOS="1326" WIDTH="71" HEIGHT="75" STYLEREFS="font0"/><SP WIDTH="13" VPOS="1326" HPOS="1488"/><String ID="p687_w720" CONTENT="a" HPOS="1501" VPOS="1326" WIDTH="19" HEIGHT="75" STYLEREFS="font0"/><SP WIDTH="15" VPOS="1326" HPOS="1520"/><String ID="p687_w721" CONTENT="man" HPOS="1535" VPOS="1326" WIDTH="73" HEIGHT="75" STYLEREFS="font0"/><SP WIDTH="17" VPOS="1326" HPOS="1608"/><String ID="p687_w722" CONTENT="ffiould" HPOS="1625" VPOS="1326" WIDTH="112" HEIGHT="75" STYLEREFS="font0"/><SP WIDTH="22" VPOS="1326" HPOS="1737"/><String ID="p687_w723" CONTENT="not" HPOS="1759" VPOS="1326" WIDTH="56" HEIGHT="75" STYLEREFS="font0"/><SP WIDTH="23" VPOS="1326" HPOS="1815"/><String ID="p687_w724" CONTENT="buy" HPOS="1838" VPOS="1326" WIDTH="65" HEIGHT="75" STYLEREFS="font0"/><SP WIDTH="16" VPOS="1326" HPOS="1903"/><String ID="p687_w725" CONTENT="a" HPOS="1919" VPOS="1326" WIDTH="18" HEIGHT="75" STYLEREFS="font0"/><SP WIDTH="15" VPOS="1326" HPOS="1937"/><String ID="p687_w726" CONTENT="light-bodied" HPOS="1952" VPOS="1326" WIDTH="220" HEIGHT="75" STYLEREFS="font0"/><SP WIDTH="12" VPOS="1326" HPOS="2172"/><String ID="p687_w727" CONTENT="horfe," HPOS="2184" VPOS="1326" WIDTH="109" HEIGHT="75" STYLEREFS="font0"/></TextLine><TextLine WIDTH="983" HEIGHT="75" ID="p687_t92" HPOS="1311" VPOS="1372"><String ID="p687_w728" CONTENT="and" HPOS="1311" VPOS="1372" WIDTH="61" HEIGHT="75" STYLEREFS="font0"/><SP WIDTH="27" VPOS="1372" HPOS="1372"/><String ID="p687_w729" CONTENT="one" HPOS="1399" VPOS="1372" WIDTH="61" HEIGHT="75" STYLEREFS="font0"/><SP WIDTH="25" VPOS="1372" HPOS="1460"/><String ID="p687_w730" CONTENT="that" HPOS="1485" VPOS="1372" WIDTH="72" HEIGHT="75" STYLEREFS="font0"/><SP WIDTH="27" VPOS="1372" HPOS="1557"/><String ID="p687_w731" CONTENT="is" HPOS="1584" VPOS="1372" WIDTH="27" HEIGHT="75" STYLEREFS="font0"/><SP WIDTH="27" VPOS="1372" HPOS="1611"/><String ID="p687_w732" CONTENT="fiery," HPOS="1638" VPOS="1372" WIDTH="91" HEIGHT="75" STYLEREFS="font0"/><SP WIDTH="26" VPOS="1372" HPOS="1729"/><String ID="p687_w733" CONTENT="becaufe" HPOS="1755" VPOS="1372" WIDTH="132" HEIGHT="75" STYLEREFS="font0"/><SP WIDTH="24" VPOS="1372" HPOS="1887"/><String ID="p687_w734" CONTENT="he" HPOS="1911" VPOS="1372" WIDTH="41" HEIGHT="75" STYLEREFS="font0"/><SP WIDTH="28" VPOS="1372" HPOS="1952"/><String ID="p687_w735" CONTENT="will" HPOS="1980" VPOS="1372" WIDTH="67" HEIGHT="75" STYLEREFS="font0"/><SP WIDTH="28" VPOS="1372" HPOS="2047"/><String ID="p687_w736" CONTENT="foon" HPOS="2075" VPOS="1372" WIDTH="75" HEIGHT="75" STYLEREFS="font0"/><SP WIDTH="17" VPOS="1372" HPOS="2150"/><String ID="p687_w737" CONTENT="deftrov" HPOS="2167" VPOS="1372" WIDTH="127" HEIGHT="75" STYLEREFS="font0"/></TextLine><TextLine WIDTH="137" HEIGHT="75" ID="p687_t93" HPOS="1310" VPOS="1418"><String ID="p687_w738" CONTENT="himfelf." HPOS="1310" VPOS="1418" WIDTH="137" HEIGHT="75" STYLEREFS="font0"/></TextLine><TextLine WIDTH="1030" HEIGHT="75" ID="p687_t94" HPOS="1262" VPOS="1464"><String ID="p687_w739" CONTENT="Body," HPOS="1262" VPOS="1464" WIDTH="127" HEIGHT="75" STYLEREFS="font0"/><SP WIDTH="26" VPOS="1464" HPOS="1389"/><String ID="p687_w740" CONTENT="in" HPOS="1415" VPOS="1464" WIDTH="32" HEIGHT="75" STYLEREFS="font0"/><SP WIDTH="26" VPOS="1464" HPOS="1447"/><String ID="p687_w741" CONTENT="the" HPOS="1473" VPOS="1464" WIDTH="55" HEIGHT="75" STYLEREFS="font0"/><SP WIDTH="25" VPOS="1464" HPOS="1528"/><String ID="p687_w742" CONTENT="art" HPOS="1553" VPOS="1464" WIDTH="50" HEIGHT="75" STYLEREFS="font0"/><SP WIDTH="23" VPOS="1464" HPOS="1603"/><String ID="p687_w743" CONTENT="of" HPOS="1626" VPOS="1464" WIDTH="40" HEIGHT="75" STYLEREFS="font0"/><SP WIDTH="20" VPOS="1464" HPOS="1666"/><String ID="p687_w744" CONTENT="war," HPOS="1686" VPOS="1464" WIDTH="78" HEIGHT="75" STYLEREFS="font0"/><SP WIDTH="26" VPOS="1464" HPOS="1764"/><String ID="p687_w745" CONTENT="a" HPOS="1790" VPOS="1464" WIDTH="18" HEIGHT="75" STYLEREFS="font0"/><SP WIDTH="25" VPOS="1464" HPOS="1808"/><String ID="p687_w746" CONTENT="number" HPOS="1833" VPOS="1464" WIDTH="133" HEIGHT="75" STYLEREFS="font0"/><SP WIDTH="24" VPOS="1464" HPOS="1966"/><String ID="p687_w747" CONTENT="of" HPOS="1990" VPOS="1464" WIDTH="40" HEIGHT="75" STYLEREFS="font0"/><SP WIDTH="25" VPOS="1464" HPOS="2030"/><String ID="p687_w748" CONTENT="forces," HPOS="2055" VPOS="1464" WIDTH="118" HEIGHT="75" STYLEREFS="font0"/><SP WIDTH="26" VPOS="1464" HPOS="2173"/><String ID="p687_w749" CONTENT="horfe" HPOS="2199" VPOS="1464" WIDTH="93" HEIGHT="75" STYLEREFS="font0"/></TextLine><TextLine WIDTH="983" HEIGHT="75" ID="p687_t95" HPOS="1308" VPOS="1510"><String ID="p687_w750" CONTENT="and" HPOS="1308" VPOS="1510" WIDTH="62" HEIGHT="75" STYLEREFS="font0"/><SP WIDTH="16" VPOS="1510" HPOS="1370"/><String ID="p687_w751" CONTENT="foot," HPOS="1386" VPOS="1510" WIDTH="82" HEIGHT="75" STYLEREFS="font0"/><SP WIDTH="28" VPOS="1510" HPOS="1468"/><String ID="p687_w752" CONTENT="united" HPOS="1496" VPOS="1510" WIDTH="109" HEIGHT="75" STYLEREFS="font0"/><SP WIDTH="16" VPOS="1510" HPOS="1605"/><String ID="p687_w753" CONTENT="and" HPOS="1621" VPOS="1510" WIDTH="63" HEIGHT="75" STYLEREFS="font0"/><SP WIDTH="16" VPOS="1510" HPOS="1684"/><String ID="p687_w754" CONTENT="marching" HPOS="1700" VPOS="1510" WIDTH="164" HEIGHT="75" STYLEREFS="font0"/><SP WIDTH="17" VPOS="1510" HPOS="1864"/><String ID="p687_w755" CONTENT="under" HPOS="1881" VPOS="1510" WIDTH="100" HEIGHT="75" STYLEREFS="font0"/><SP WIDTH="16" VPOS="1510" HPOS="1981"/><String ID="p687_w756" CONTENT="one" HPOS="1997" VPOS="1510" WIDTH="60" HEIGHT="75" STYLEREFS="font0"/><SP WIDTH="17" VPOS="1510" HPOS="2057"/><String ID="p687_w757" CONTENT="commander." HPOS="2074" VPOS="1510" WIDTH="217" HEIGHT="75" STYLEREFS="font0"/></TextLine><TextLine WIDTH="1030" HEIGHT="75" ID="p687_t96" HPOS="1262" VPOS="1558"><String ID="p687_w758" CONTENT="Main" HPOS="1262" VPOS="1558" WIDTH="103" HEIGHT="75" STYLEREFS="font0"/><SP WIDTH="17" VPOS="1558" HPOS="1365"/><String ID="p687_w759" CONTENT="Body" HPOS="1382" VPOS="1558" WIDTH="113" HEIGHT="75" STYLEREFS="font0"/><SP WIDTH="29" VPOS="1558" HPOS="1495"/><String ID="p687_w760" CONTENT="of" HPOS="1524" VPOS="1558" WIDTH="44" HEIGHT="75" STYLEREFS="font0"/><SP WIDTH="12" VPOS="1558" HPOS="1568"/><String ID="p687_w761" CONTENT="an" HPOS="1580" VPOS="1558" WIDTH="45" HEIGHT="75" STYLEREFS="font0"/><SP WIDTH="26" VPOS="1558" HPOS="1625"/><String ID="p687_w762" CONTENT="army," HPOS="1651" VPOS="1558" WIDTH="102" HEIGHT="75" STYLEREFS="font0"/><SP WIDTH="26" VPOS="1558" HPOS="1753"/><String ID="p687_w763" CONTENT="the" HPOS="1779" VPOS="1558" WIDTH="56" HEIGHT="75" STYLEREFS="font0"/><SP WIDTH="26" VPOS="1558" HPOS="1835"/><String ID="p687_w764" CONTENT="troops" HPOS="1861" VPOS="1558" WIDTH="111" HEIGHT="75" STYLEREFS="font0"/><SP WIDTH="25" VPOS="1558" HPOS="1972"/><String ID="p687_w765" CONTENT="encamped" HPOS="1997" VPOS="1558" WIDTH="173" HEIGHT="75" STYLEREFS="font0"/><SP WIDTH="16" VPOS="1558" HPOS="2170"/><String ID="p687_w766" CONTENT="in" HPOS="2186" VPOS="1558" WIDTH="31" HEIGHT="75" STYLEREFS="font0"/><SP WIDTH="19" VPOS="1558" HPOS="2217"/><String ID="p687_w767" CONTENT="the" HPOS="2236" VPOS="1558" WIDTH="56" HEIGHT="75" STYLEREFS="font0"/></TextLine><TextLine WIDTH="979" HEIGHT="75" ID="p687_t97" HPOS="1309" VPOS="1604"><String ID="p687_w768" CONTENT="centre" HPOS="1309" VPOS="1604" WIDTH="107" HEIGHT="75" STYLEREFS="font0"/><SP WIDTH="16" VPOS="1604" HPOS="1416"/><String ID="p687_w769" CONTENT="between" HPOS="1432" VPOS="1604" WIDTH="144" HEIGHT="75" STYLEREFS="font0"/><SP WIDTH="17" VPOS="1604" HPOS="1576"/><String ID="p687_w770" CONTENT="the" HPOS="1593" VPOS="1604" WIDTH="55" HEIGHT="75" STYLEREFS="font0"/><SP WIDTH="11" VPOS="1604" HPOS="1648"/><String ID="p687_w771" CONTENT="two" HPOS="1659" VPOS="1604" WIDTH="67" HEIGHT="75" STYLEREFS="font0"/><SP WIDTH="12" VPOS="1604" HPOS="1726"/><String ID="p687_w772" CONTENT="wings," HPOS="1738" VPOS="1604" WIDTH="114" HEIGHT="75" STYLEREFS="font0"/><SP WIDTH="25" VPOS="1604" HPOS="1852"/><String ID="p687_w773" CONTENT="and" HPOS="1877" VPOS="1604" WIDTH="63" HEIGHT="75" STYLEREFS="font0"/><SP WIDTH="10" VPOS="1604" HPOS="1940"/><String ID="p687_w774" CONTENT="generally" HPOS="1950" VPOS="1604" WIDTH="163" HEIGHT="75" STYLEREFS="font0"/><SP WIDTH="12" VPOS="1604" HPOS="2113"/><String ID="p687_w775" CONTENT="infantry:" HPOS="2125" VPOS="1604" WIDTH="163" HEIGHT="75" STYLEREFS="font0"/></TextLine><TextLine WIDTH="983" HEIGHT="75" ID="p687_t98" HPOS="1307" VPOS="1651"><String ID="p687_w776" CONTENT="the" HPOS="1307" VPOS="1651" WIDTH="55" HEIGHT="75" STYLEREFS="font0"/><SP WIDTH="15" VPOS="1651" HPOS="1362"/><String ID="p687_w777" CONTENT="other" HPOS="1377" VPOS="1651" WIDTH="95" HEIGHT="75" STYLEREFS="font0"/><SP WIDTH="16" VPOS="1651" HPOS="1472"/><String ID="p687_w778" CONTENT="two" HPOS="1488" VPOS="1651" WIDTH="66" HEIGHT="75" STYLEREFS="font0"/><SP WIDTH="17" VPOS="1651" HPOS="1554"/><String ID="p687_w779" CONTENT="bodies" HPOS="1571" VPOS="1651" WIDTH="110" HEIGHT="75" STYLEREFS="font0"/><SP WIDTH="28" VPOS="1651" HPOS="1681"/><String ID="p687_w780" CONTENT="are" HPOS="1709" VPOS="1651" WIDTH="53" HEIGHT="75" STYLEREFS="font0"/><SP WIDTH="29" VPOS="1651" HPOS="1762"/><String ID="p687_w781" CONTENT="the" HPOS="1791" VPOS="1651" WIDTH="55" HEIGHT="75" STYLEREFS="font0"/><SP WIDTH="28" VPOS="1651" HPOS="1846"/><String ID="p687_w782" CONTENT="vanguard" HPOS="1874" VPOS="1651" WIDTH="163" HEIGHT="75" STYLEREFS="font0"/><SP WIDTH="15" VPOS="1651" HPOS="2037"/><String ID="p687_w783" CONTENT="and" HPOS="2052" VPOS="1651" WIDTH="63" HEIGHT="75" STYLEREFS="font0"/><SP WIDTH="17" VPOS="1651" HPOS="2115"/><String ID="p687_w784" CONTENT="the" HPOS="2132" VPOS="1651" WIDTH="55" HEIGHT="75" STYLEREFS="font0"/><SP WIDTH="17" VPOS="1651" HPOS="2187"/><String ID="p687_w785" CONTENT="rear-" HPOS="2204" VPOS="1651" WIDTH="86" HEIGHT="75" STYLEREFS="font0"/></TextLine><TextLine WIDTH="980" HEIGHT="75" ID="p687_t99" HPOS="1308" VPOS="1697"><String ID="p687_w786" CONTENT="guard;" HPOS="1308" VPOS="1697" WIDTH="121" HEIGHT="75" STYLEREFS="font0"/><SP WIDTH="27" VPOS="1697" HPOS="1429"/><String ID="p687_w787" CONTENT="thefe" HPOS="1456" VPOS="1697" WIDTH="88" HEIGHT="75" STYLEREFS="font0"/><SP WIDTH="28" VPOS="1697" HPOS="1544"/><String ID="p687_w788" CONTENT="being" HPOS="1572" VPOS="1697" WIDTH="93" HEIGHT="75" STYLEREFS="font0"/><SP WIDTH="27" VPOS="1697" HPOS="1665"/><String ID="p687_w789" CONTENT="the" HPOS="1692" VPOS="1697" WIDTH="55" HEIGHT="75" STYLEREFS="font0"/><SP WIDTH="28" VPOS="1697" HPOS="1747"/><String ID="p687_w790" CONTENT="three" HPOS="1775" VPOS="1697" WIDTH="91" HEIGHT="75" STYLEREFS="font0"/><SP WIDTH="27" VPOS="1697" HPOS="1866"/><String ID="p687_w791" CONTENT="into" HPOS="1893" VPOS="1697" WIDTH="69" HEIGHT="75" STYLEREFS="font0"/><SP WIDTH="29" VPOS="1697" HPOS="1962"/><String ID="p687_w792" CONTENT="which" HPOS="1991" VPOS="1697" WIDTH="103" HEIGHT="75" STYLEREFS="font0"/><SP WIDTH="29" VPOS="1697" HPOS="2094"/><String ID="p687_w793" CONTENT="an" HPOS="2123" VPOS="1697" WIDTH="39" HEIGHT="75" STYLEREFS="font0"/><SP WIDTH="23" VPOS="1697" HPOS="2162"/><String ID="p687_w794" CONTENT="army," HPOS="2185" VPOS="1697" WIDTH="103" HEIGHT="75" STYLEREFS="font0"/></TextLine><TextLine WIDTH="648" HEIGHT="75" ID="p687_t100" HPOS="1307" VPOS="1744"><String ID="p687_w795" CONTENT="ranged" HPOS="1307" VPOS="1744" WIDTH="120" HEIGHT="75" STYLEREFS="font0"/><SP WIDTH="16" VPOS="1744" HPOS="1427"/><String ID="p687_w796" CONTENT="in" HPOS="1443" VPOS="1744" WIDTH="33" HEIGHT="75" STYLEREFS="font0"/><SP WIDTH="16" VPOS="1744" HPOS="1476"/><String ID="p687_w797" CONTENT="form" HPOS="1492" VPOS="1744" WIDTH="83" HEIGHT="75" STYLEREFS="font0"/><SP WIDTH="13" VPOS="1744" HPOS="1575"/><String ID="p687_w798" CONTENT="of" HPOS="1588" VPOS="1744" WIDTH="40" HEIGHT="75" STYLEREFS="font0"/><SP WIDTH="11" VPOS="1744" HPOS="1628"/><String ID="p687_w799" CONTENT="battle," HPOS="1639" VPOS="1744" WIDTH="112" HEIGHT="75" STYLEREFS="font0"/><SP WIDTH="18" VPOS="1744" HPOS="1751"/><String ID="p687_w800" CONTENT="is" HPOS="1769" VPOS="1744" WIDTH="27" HEIGHT="75" STYLEREFS="font0"/><SP WIDTH="17" VPOS="1744" HPOS="1796"/><String ID="p687_w801" CONTENT="divided." HPOS="1813" VPOS="1744" WIDTH="142" HEIGHT="75" STYLEREFS="font0"/></TextLine><TextLine WIDTH="1044" HEIGHT="75" ID="p687_t101" HPOS="1260" VPOS="1789"><String ID="p687_w802" CONTENT="Body," HPOS="1260" VPOS="1789" WIDTH="126" HEIGHT="75" STYLEREFS="font0"/><SP WIDTH="25" VPOS="1789" HPOS="1386"/><String ID="p687_w803" CONTENT="in" HPOS="1411" VPOS="1789" WIDTH="32" HEIGHT="75" STYLEREFS="font0"/><SP WIDTH="17" VPOS="1789" HPOS="1443"/><String ID="p687_w804" CONTENT="matters" HPOS="1460" VPOS="1789" WIDTH="131" HEIGHT="75" STYLEREFS="font0"/><SP WIDTH="19" VPOS="1789" HPOS="1591"/><String ID="p687_w805" CONTENT="of" HPOS="1610" VPOS="1789" WIDTH="42" HEIGHT="75" STYLEREFS="font0"/><SP WIDTH="11" VPOS="1789" HPOS="1652"/><String ID="p687_w806" CONTENT="literature," HPOS="1663" VPOS="1789" WIDTH="177" HEIGHT="75" STYLEREFS="font0"/><SP WIDTH="24" VPOS="1789" HPOS="1840"/><String ID="p687_w807" CONTENT="denotes" HPOS="1864" VPOS="1789" WIDTH="131" HEIGHT="75" STYLEREFS="font0"/><SP WIDTH="19" VPOS="1789" HPOS="1995"/><String ID="p687_w808" CONTENT="much" HPOS="2014" VPOS="1789" WIDTH="95" HEIGHT="75" STYLEREFS="font0"/><SP WIDTH="20" VPOS="1789" HPOS="2109"/><String ID="p687_w809" CONTENT="the" HPOS="2129" VPOS="1789" WIDTH="55" HEIGHT="75" STYLEREFS="font0"/><SP WIDTH="21" VPOS="1789" HPOS="2184"/><String ID="p687_w810" CONTENT="fame-" HPOS="2205" VPOS="1789" WIDTH="99" HEIGHT="75" STYLEREFS="font0"/></TextLine><TextLine WIDTH="982" HEIGHT="75" ID="p687_t102" HPOS="1305" VPOS="1836"><String ID="p687_w811" CONTENT="with" HPOS="1305" VPOS="1836" WIDTH="77" HEIGHT="75" STYLEREFS="font0"/><SP WIDTH="17" VPOS="1836" HPOS="1382"/><String ID="p687_w812" CONTENT="fyftern," HPOS="1399" VPOS="1836" WIDTH="124" HEIGHT="75" STYLEREFS="font0"/><SP WIDTH="27" VPOS="1836" HPOS="1523"/><String ID="p687_w813" CONTENT="being" HPOS="1550" VPOS="1836" WIDTH="93" HEIGHT="75" STYLEREFS="font0"/><SP WIDTH="17" VPOS="1836" HPOS="1643"/><String ID="p687_w814" CONTENT="a" HPOS="1660" VPOS="1836" WIDTH="19" HEIGHT="75" STYLEREFS="font0"/><SP WIDTH="16" VPOS="1836" HPOS="1679"/><String ID="p687_w815" CONTENT="colledlion" HPOS="1695" VPOS="1836" WIDTH="167" HEIGHT="75" STYLEREFS="font0"/><SP WIDTH="13" VPOS="1836" HPOS="1862"/><String ID="p687_w816" CONTENT="of" HPOS="1875" VPOS="1836" WIDTH="39" HEIGHT="75" STYLEREFS="font0"/><SP WIDTH="19" VPOS="1836" HPOS="1914"/><String ID="p687_w817" CONTENT="every" HPOS="1933" VPOS="1836" WIDTH="96" HEIGHT="75" STYLEREFS="font0"/><SP WIDTH="17" VPOS="1836" HPOS="2029"/><String ID="p687_w818" CONTENT="thing" HPOS="2046" VPOS="1836" WIDTH="93" HEIGHT="75" STYLEREFS="font0"/><SP WIDTH="15" VPOS="1836" HPOS="2139"/><String ID="p687_w819" CONTENT="belong-" HPOS="2154" VPOS="1836" WIDTH="133" HEIGHT="75" STYLEREFS="font0"/></TextLine><TextLine WIDTH="987" HEIGHT="75" ID="p687_t103" HPOS="1301" VPOS="1882"><String ID="p687_w820" CONTENT="ing" HPOS="1301" VPOS="1882" WIDTH="57" HEIGHT="75" STYLEREFS="font0"/><SP WIDTH="17" VPOS="1882" HPOS="1358"/><String ID="p687_w821" CONTENT="to" HPOS="1375" VPOS="1882" WIDTH="34" HEIGHT="75" STYLEREFS="font0"/><SP WIDTH="17" VPOS="1882" HPOS="1409"/><String ID="p687_w822" CONTENT="a" HPOS="1426" VPOS="1882" WIDTH="18" HEIGHT="75" STYLEREFS="font0"/><SP WIDTH="22" VPOS="1882" HPOS="1444"/><String ID="p687_w823" CONTENT="particular" HPOS="1466" VPOS="1882" WIDTH="171" HEIGHT="75" STYLEREFS="font0"/><SP WIDTH="26" VPOS="1882" HPOS="1637"/><String ID="p687_w824" CONTENT="fcience" HPOS="1663" VPOS="1882" WIDTH="121" HEIGHT="75" STYLEREFS="font0"/><SP WIDTH="28" VPOS="1882" HPOS="1784"/><String ID="p687_w825" CONTENT="or" HPOS="1812" VPOS="1882" WIDTH="37" HEIGHT="75" STYLEREFS="font0"/><SP WIDTH="28" VPOS="1882" HPOS="1849"/><String ID="p687_w826" CONTENT="art," HPOS="1877" VPOS="1882" WIDTH="61" HEIGHT="75" STYLEREFS="font0"/><SP WIDTH="25" VPOS="1882" HPOS="1938"/><String ID="p687_w827" CONTENT="difpofed" HPOS="1963" VPOS="1882" WIDTH="144" HEIGHT="75" STYLEREFS="font0"/><SP WIDTH="16" VPOS="1882" HPOS="2107"/><String ID="p687_w828" CONTENT="in" HPOS="2123" VPOS="1882" WIDTH="31" HEIGHT="75" STYLEREFS="font0"/><SP WIDTH="18" VPOS="1882" HPOS="2154"/><String ID="p687_w829" CONTENT="proper" HPOS="2172" VPOS="1882" WIDTH="116" HEIGHT="75" STYLEREFS="font0"/></TextLine><TextLine WIDTH="983" HEIGHT="75" ID="p687_t104" HPOS="1304" VPOS="1929"><String ID="p687_w830" CONTENT="order:" HPOS="1304" VPOS="1929" WIDTH="115" HEIGHT="75" STYLEREFS="font0"/><SP WIDTH="27" VPOS="1929" HPOS="1419"/><String ID="p687_w831" CONTENT="thus," HPOS="1446" VPOS="1929" WIDTH="87" HEIGHT="75" STYLEREFS="font0"/><SP WIDTH="26" VPOS="1929" HPOS="1533"/><String ID="p687_w832" CONTENT="we" HPOS="1559" VPOS="1929" WIDTH="48" HEIGHT="75" STYLEREFS="font0"/><SP WIDTH="15" VPOS="1929" HPOS="1607"/><String ID="p687_w833" CONTENT="fay," HPOS="1622" VPOS="1929" WIDTH="67" HEIGHT="75" STYLEREFS="font0"/><SP WIDTH="25" VPOS="1929" HPOS="1689"/><String ID="p687_w834" CONTENT="a" HPOS="1714" VPOS="1929" WIDTH="19" HEIGHT="75" STYLEREFS="font0"/><SP WIDTH="27" VPOS="1929" HPOS="1733"/><String ID="p687_w835" CONTENT="body" HPOS="1760" VPOS="1929" WIDTH="87" HEIGHT="75" STYLEREFS="font0"/><SP WIDTH="27" VPOS="1929" HPOS="1847"/><String ID="p687_w836" CONTENT="of" HPOS="1874" VPOS="1929" WIDTH="40" HEIGHT="75" STYLEREFS="font0"/><SP WIDTH="19" VPOS="1929" HPOS="1914"/><String ID="p687_w837" CONTENT="divinity," HPOS="1933" VPOS="1929" WIDTH="147" HEIGHT="75" STYLEREFS="font0"/><SP WIDTH="26" VPOS="1929" HPOS="2080"/><String ID="p687_w838" CONTENT="law," HPOS="2106" VPOS="1929" WIDTH="73" HEIGHT="75" STYLEREFS="font0"/><SP WIDTH="26" VPOS="1929" HPOS="2179"/><String ID="p687_w839" CONTENT="phy-" HPOS="2205" VPOS="1929" WIDTH="82" HEIGHT="75" STYLEREFS="font0"/></TextLine><TextLine WIDTH="145" HEIGHT="75" ID="p687_t105" HPOS="1304" VPOS="1974"><String ID="p687_w840" CONTENT="fic," HPOS="1304" VPOS="1974" WIDTH="52" HEIGHT="75" STYLEREFS="font0"/><SP WIDTH="28" VPOS="1974" HPOS="1356"/><String ID="p687_w841" CONTENT="drr." HPOS="1384" VPOS="1974" WIDTH="65" HEIGHT="75" STYLEREFS="font0"/></TextLine><TextLine WIDTH="1031" HEIGHT="75" ID="p687_t106" HPOS="1256" VPOS="2027"><String ID="p687_w842" CONTENT="BOEDROMIA," HPOS="1256" VPOS="2027" WIDTH="309" HEIGHT="75" STYLEREFS="font0"/><SP WIDTH="26" VPOS="2027" HPOS="1565"/><String ID="p687_w843" CONTENT="in" HPOS="1591" VPOS="2027" WIDTH="31" HEIGHT="75" STYLEREFS="font0"/><SP WIDTH="18" VPOS="2027" HPOS="1622"/><String ID="p687_w844" CONTENT="Grecian" HPOS="1640" VPOS="2027" WIDTH="143" HEIGHT="75" STYLEREFS="font0"/><SP WIDTH="29" VPOS="2027" HPOS="1783"/><String ID="p687_w845" CONTENT="antiquity," HPOS="1812" VPOS="2027" WIDTH="172" HEIGHT="75" STYLEREFS="font0"/><SP WIDTH="25" VPOS="2027" HPOS="1984"/><String ID="p687_w846" CONTENT="a" HPOS="2009" VPOS="2027" WIDTH="19" HEIGHT="75" STYLEREFS="font0"/><SP WIDTH="26" VPOS="2027" HPOS="2028"/><String ID="p687_w847" CONTENT="feftival-cele-" HPOS="2054" VPOS="2027" WIDTH="233" HEIGHT="75" STYLEREFS="font0"/></TextLine><TextLine WIDTH="985" HEIGHT="75" ID="p687_t107" HPOS="1300" VPOS="2069"><String ID="p687_w848" CONTENT="brated" HPOS="1300" VPOS="2069" WIDTH="114" HEIGHT="75" STYLEREFS="font0"/><SP WIDTH="17" VPOS="2069" HPOS="1414"/><String ID="p687_w849" CONTENT="yearly" HPOS="1431" VPOS="2069" WIDTH="108" HEIGHT="75" STYLEREFS="font0"/><SP WIDTH="16" VPOS="2069" HPOS="1539"/><String ID="p687_w850" CONTENT="by" HPOS="1555" VPOS="2069" WIDTH="43" HEIGHT="75" STYLEREFS="font0"/><SP WIDTH="16" VPOS="2069" HPOS="1598"/><String ID="p687_w851" CONTENT="the" HPOS="1614" VPOS="2069" WIDTH="55" HEIGHT="75" STYLEREFS="font0"/><SP WIDTH="18" VPOS="2069" HPOS="1669"/><String ID="p687_w852" CONTENT="Athenians" HPOS="1687" VPOS="2069" WIDTH="178" HEIGHT="75" STYLEREFS="font0"/><SP WIDTH="24" VPOS="2069" HPOS="1865"/><String ID="p687_w853" CONTENT="in" HPOS="1889" VPOS="2069" WIDTH="31" HEIGHT="75" STYLEREFS="font0"/><SP WIDTH="19" VPOS="2069" HPOS="1920"/><String ID="p687_w854" CONTENT="the" HPOS="1939" VPOS="2069" WIDTH="53" HEIGHT="75" STYLEREFS="font0"/><SP WIDTH="17" VPOS="2069" HPOS="1992"/><String ID="p687_w855" CONTENT="month" HPOS="2009" VPOS="2069" WIDTH="112" HEIGHT="75" STYLEREFS="font0"/><SP WIDTH="18" VPOS="2069" HPOS="2121"/><String ID="p687_w856" CONTENT="Boedro-" HPOS="2139" VPOS="2069" WIDTH="146" HEIGHT="75" STYLEREFS="font0"/></TextLine><TextLine WIDTH="982" HEIGHT="75" ID="p687_t108" HPOS="1301" VPOS="2113"><String ID="p687_w857" CONTENT="mion;" HPOS="1301" VPOS="2113" WIDTH="108" HEIGHT="75" STYLEREFS="font0"/><SP WIDTH="40" VPOS="2113" HPOS="1409"/><String ID="p687_w858" CONTENT="for" HPOS="1449" VPOS="2113" WIDTH="51" HEIGHT="75" STYLEREFS="font0"/><SP WIDTH="27" VPOS="2113" HPOS="1500"/><String ID="p687_w859" CONTENT="the" HPOS="1527" VPOS="2113" WIDTH="55" HEIGHT="75" STYLEREFS="font0"/><SP WIDTH="29" VPOS="2113" HPOS="1582"/><String ID="p687_w860" CONTENT="ceremonies" HPOS="1611" VPOS="2113" WIDTH="192" HEIGHT="75" STYLEREFS="font0"/><SP WIDTH="29" VPOS="2113" HPOS="1803"/><String ID="p687_w861" CONTENT="of" HPOS="1832" VPOS="2113" WIDTH="39" HEIGHT="75" STYLEREFS="font0"/><SP WIDTH="28" VPOS="2113" HPOS="1871"/><String ID="p687_w862" CONTENT="which,," HPOS="1899" VPOS="2113" WIDTH="128" HEIGHT="75" STYLEREFS="font0"/><SP WIDTH="31" VPOS="2113" HPOS="2027"/><String ID="p687_w863" CONTENT="fee" HPOS="2058" VPOS="2113" WIDTH="51" HEIGHT="75" STYLEREFS="font0"/><SP WIDTH="32" VPOS="2113" HPOS="2109"/><String ID="p687_w864" CONTENT="Potter’s" HPOS="2141" VPOS="2113" WIDTH="142" HEIGHT="75" STYLEREFS="font0"/></TextLine><TextLine WIDTH="470" HEIGHT="75" ID="p687_t109" HPOS="1303" VPOS="2160"><String ID="p687_w865" CONTENT="Arch." HPOS="1303" VPOS="2160" WIDTH="102" HEIGHT="75" STYLEREFS="font0"/><SP WIDTH="20" VPOS="2160" HPOS="1405"/><String ID="p687_w866" CONTENT="Grtec." HPOS="1425" VPOS="2160" WIDTH="106" HEIGHT="75" STYLEREFS="font0"/><SP WIDTH="26" VPOS="2160" HPOS="1531"/><String ID="p687_w867" CONTENT="b." HPOS="1557" VPOS="2160" WIDTH="33" HEIGHT="75" STYLEREFS="font0"/><SP WIDTH="18" VPOS="2160" HPOS="1590"/><String ID="p687_w868" CONTENT="ii." HPOS="1608" VPOS="2160" WIDTH="35" HEIGHT="75" STYLEREFS="font0"/><SP WIDTH="27" VPOS="2160" HPOS="1643"/><String ID="p687_w869" CONTENT="c." HPOS="1670" VPOS="2160" WIDTH="30" HEIGHT="75" STYLEREFS="font0"/><SP WIDTH="16" VPOS="2160" HPOS="1700"/><String ID="p687_w870" CONTENT="20," HPOS="1716" VPOS="2160" WIDTH="57" HEIGHT="75" STYLEREFS="font0"/></TextLine><TextLine WIDTH="1033" HEIGHT="75" ID="p687_t110" HPOS="1254" VPOS="2209"><String ID="p687_w871" CONTENT="BOEDROMION," HPOS="1254" VPOS="2209" WIDTH="344" HEIGHT="75" STYLEREFS="font0"/><SP WIDTH="25" VPOS="2209" HPOS="1598"/><String ID="p687_w872" CONTENT="in" HPOS="1623" VPOS="2209" WIDTH="33" HEIGHT="75" STYLEREFS="font0"/><SP WIDTH="25" VPOS="2209" HPOS="1656"/><String ID="p687_w873" CONTENT="chronology," HPOS="1681" VPOS="2209" WIDTH="209" HEIGHT="75" STYLEREFS="font0"/><SP WIDTH="26" VPOS="2209" HPOS="1890"/><String ID="p687_w874" CONTENT="the" HPOS="1916" VPOS="2209" WIDTH="56" HEIGHT="75" STYLEREFS="font0"/><SP WIDTH="24" VPOS="2209" HPOS="1972"/><String ID="p687_w875" CONTENT="third" HPOS="1996" VPOS="2209" WIDTH="87" HEIGHT="75" STYLEREFS="font0"/><SP WIDTH="26" VPOS="2209" HPOS="2083"/><String ID="p687_w876" CONTENT="month" HPOS="2109" VPOS="2209" WIDTH="112" HEIGHT="75" STYLEREFS="font0"/><SP WIDTH="25" VPOS="2209" HPOS="2221"/><String ID="p687_w877" CONTENT="of" HPOS="2246" VPOS="2209" WIDTH="41" HEIGHT="75" STYLEREFS="font0"/></TextLine><TextLine WIDTH="985" HEIGHT="75" ID="p687_t111" HPOS="1301" VPOS="2252"><String ID="p687_w878" CONTENT="the" HPOS="1301" VPOS="2252" WIDTH="55" HEIGHT="75" STYLEREFS="font0"/><SP WIDTH="13" VPOS="2252" HPOS="1356"/><String ID="p687_w879" CONTENT="Athenian" HPOS="1369" VPOS="2252" WIDTH="162" HEIGHT="75" STYLEREFS="font0"/><SP WIDTH="28" VPOS="2252" HPOS="1531"/><String ID="p687_w880" CONTENT="year," HPOS="1559" VPOS="2252" WIDTH="87" HEIGHT="75" STYLEREFS="font0"/><SP WIDTH="26" VPOS="2252" HPOS="1646"/><String ID="p687_w881" CONTENT="anfwering" HPOS="1672" VPOS="2252" WIDTH="174" HEIGHT="75" STYLEREFS="font0"/><SP WIDTH="27" VPOS="2252" HPOS="1846"/><String ID="p687_w882" CONTENT="to" HPOS="1873" VPOS="2252" WIDTH="35" HEIGHT="75" STYLEREFS="font0"/><SP WIDTH="29" VPOS="2252" HPOS="1908"/><String ID="p687_w883" CONTENT="the" HPOS="1937" VPOS="2252" WIDTH="54" HEIGHT="75" STYLEREFS="font0"/><SP WIDTH="23" VPOS="2252" HPOS="1991"/><String ID="p687_w884" CONTENT="latter" HPOS="2014" VPOS="2252" WIDTH="97" HEIGHT="75" STYLEREFS="font0"/><SP WIDTH="28" VPOS="2252" HPOS="2111"/><String ID="p687_w885" CONTENT="part" HPOS="2139" VPOS="2252" WIDTH="71" HEIGHT="75" STYLEREFS="font0"/><SP WIDTH="36" VPOS="2252" HPOS="2210"/><String ID="p687_w886" CONTENT="of" HPOS="2246" VPOS="2252" WIDTH="40" HEIGHT="75" STYLEREFS="font0"/></TextLine><TextLine WIDTH="735" HEIGHT="75" ID="p687_t112" HPOS="1301" VPOS="2299"><String ID="p687_w887" CONTENT="our^uguft" HPOS="1301" VPOS="2299" WIDTH="195" HEIGHT="75" STYLEREFS="font0"/><SP WIDTH="16" VPOS="2299" HPOS="1496"/><String ID="p687_w888" CONTENT="and" HPOS="1512" VPOS="2299" WIDTH="62" HEIGHT="75" STYLEREFS="font0"/><SP WIDTH="18" VPOS="2299" HPOS="1574"/><String ID="p687_w889" CONTENT="beginning" HPOS="1592" VPOS="2299" WIDTH="169" HEIGHT="75" STYLEREFS="font0"/><SP WIDTH="16" VPOS="2299" HPOS="1761"/><String ID="p687_w890" CONTENT="of" HPOS="1777" VPOS="2299" WIDTH="39" HEIGHT="75" STYLEREFS="font0"/><SP WIDTH="21" VPOS="2299" HPOS="1816"/><String ID="p687_w891" CONTENT="September." HPOS="1837" VPOS="2299" WIDTH="199" HEIGHT="75" STYLEREFS="font0"/></TextLine><TextLine WIDTH="1029" HEIGHT="75" ID="p687_t113" HPOS="1253" VPOS="2347"><String ID="p687_w892" CONTENT="BOERHAAVIA," HPOS="1253" VPOS="2347" WIDTH="332" HEIGHT="75" STYLEREFS="font0"/><SP WIDTH="26" VPOS="2347" HPOS="1585"/><String ID="p687_w893" CONTENT="in" HPOS="1611" VPOS="2347" WIDTH="31" HEIGHT="75" STYLEREFS="font0"/><SP WIDTH="18" VPOS="2347" HPOS="1642"/><String ID="p687_w894" CONTENT="botany," HPOS="1660" VPOS="2347" WIDTH="131" HEIGHT="75" STYLEREFS="font0"/><SP WIDTH="26" VPOS="2347" HPOS="1791"/><String ID="p687_w895" CONTENT="a" HPOS="1817" VPOS="2347" WIDTH="19" HEIGHT="75" STYLEREFS="font0"/><SP WIDTH="15" VPOS="2347" HPOS="1836"/><String ID="p687_w896" CONTENT="genus" HPOS="1851" VPOS="2347" WIDTH="97" HEIGHT="75" STYLEREFS="font0"/><SP WIDTH="18" VPOS="2347" HPOS="1948"/><String ID="p687_w897" CONTENT="of" HPOS="1966" VPOS="2347" WIDTH="39" HEIGHT="75" STYLEREFS="font0"/><SP WIDTH="19" VPOS="2347" HPOS="2005"/><String ID="p687_w898" CONTENT="the" HPOS="2024" VPOS="2347" WIDTH="55" HEIGHT="75" STYLEREFS="font0"/><SP WIDTH="17" VPOS="2347" HPOS="2079"/><String ID="p687_w899" CONTENT="monandria" HPOS="2096" VPOS="2347" WIDTH="186" HEIGHT="75" STYLEREFS="font0"/></TextLine><TextLine WIDTH="982" HEIGHT="75" ID="p687_t114" HPOS="1298" VPOS="2392"><String ID="p687_w900" CONTENT="monogynia" HPOS="1298" VPOS="2392" WIDTH="191" HEIGHT="75" STYLEREFS="font0"/><SP WIDTH="12" VPOS="2392" HPOS="1489"/><String ID="p687_w901" CONTENT="clafs." HPOS="1501" VPOS="2392" WIDTH="91" HEIGHT="75" STYLEREFS="font0"/><SP WIDTH="49" VPOS="2392" HPOS="1592"/><String ID="p687_w902" CONTENT="It" HPOS="1641" VPOS="2392" WIDTH="31" HEIGHT="75" STYLEREFS="font0"/><SP WIDTH="18" VPOS="2392" HPOS="1672"/><String ID="p687_w903" CONTENT="has" HPOS="1690" VPOS="2392" WIDTH="56" HEIGHT="75" STYLEREFS="font0"/><SP WIDTH="13" VPOS="2392" HPOS="1746"/><String ID="p687_w904" CONTENT="no" HPOS="1759" VPOS="2392" WIDTH="41" HEIGHT="75" STYLEREFS="font0"/><SP WIDTH="17" VPOS="2392" HPOS="1800"/><String ID="p687_w905" CONTENT="calix;" HPOS="1817" VPOS="2392" WIDTH="106" HEIGHT="75" STYLEREFS="font0"/><SP WIDTH="28" VPOS="2392" HPOS="1923"/><String ID="p687_w906" CONTENT="the" HPOS="1951" VPOS="2392" WIDTH="55" HEIGHT="75" STYLEREFS="font0"/><SP WIDTH="13" VPOS="2392" HPOS="2006"/><String ID="p687_w907" CONTENT="corolla" HPOS="2019" VPOS="2392" WIDTH="120" HEIGHT="75" STYLEREFS="font0"/><SP WIDTH="17" VPOS="2392" HPOS="2139"/><String ID="p687_w908" CONTENT="confifts" HPOS="2156" VPOS="2392" WIDTH="124" HEIGHT="75" STYLEREFS="font0"/></TextLine><TextLine WIDTH="981" HEIGHT="75" ID="p687_t115" HPOS="1298" VPOS="2437"><String ID="p687_w909" CONTENT="of" HPOS="1298" VPOS="2437" WIDTH="40" HEIGHT="75" STYLEREFS="font0"/><SP WIDTH="19" VPOS="2437" HPOS="1338"/><String ID="p687_w910" CONTENT="one" HPOS="1357" VPOS="2437" WIDTH="59" HEIGHT="75" STYLEREFS="font0"/><SP WIDTH="16" VPOS="2437" HPOS="1416"/><String ID="p687_w911" CONTENT="bell" HPOS="1432" VPOS="2437" WIDTH="63" HEIGHT="75" STYLEREFS="font0"/><SP WIDTH="18" VPOS="2437" HPOS="1495"/><String ID="p687_w912" CONTENT="ffiaped" HPOS="1513" VPOS="2437" WIDTH="114" HEIGHT="75" STYLEREFS="font0"/><SP WIDTH="14" VPOS="2437" HPOS="1627"/><String ID="p687_w913" CONTENT="plaited" HPOS="1641" VPOS="2437" WIDTH="121" HEIGHT="75" STYLEREFS="font0"/><SP WIDTH="16" VPOS="2437" HPOS="1762"/><String ID="p687_w914" CONTENT="petal;" HPOS="1778" VPOS="2437" WIDTH="106" HEIGHT="75" STYLEREFS="font0"/><SP WIDTH="26" VPOS="2437" HPOS="1884"/><String ID="p687_w915" CONTENT="and" HPOS="1910" VPOS="2437" WIDTH="62" HEIGHT="75" STYLEREFS="font0"/><SP WIDTH="17" VPOS="2437" HPOS="1972"/><String ID="p687_w916" CONTENT="there" HPOS="1989" VPOS="2437" WIDTH="90" HEIGHT="75" STYLEREFS="font0"/><SP WIDTH="21" VPOS="2437" HPOS="2079"/><String ID="p687_w917" CONTENT="is" HPOS="2100" VPOS="2437" WIDTH="27" HEIGHT="75" STYLEREFS="font0"/><SP WIDTH="17" VPOS="2437" HPOS="2127"/><String ID="p687_w918" CONTENT="but" HPOS="2144" VPOS="2437" WIDTH="58" HEIGHT="75" STYLEREFS="font0"/><SP WIDTH="16" VPOS="2437" HPOS="2202"/><String ID="p687_w919" CONTENT="one" HPOS="2218" VPOS="2437" WIDTH="61" HEIGHT="75" STYLEREFS="font0"/></TextLine><TextLine WIDTH="979" HEIGHT="75" ID="p687_t116" HPOS="1299" VPOS="2486"><String ID="p687_w920" CONTENT="naked" HPOS="1299" VPOS="2486" WIDTH="102" HEIGHT="75" STYLEREFS="font0"/><SP WIDTH="12" VPOS="2486" HPOS="1401"/><String ID="p687_w921" CONTENT="feed." HPOS="1413" VPOS="2486" WIDTH="84" HEIGHT="75" STYLEREFS="font0"/><SP WIDTH="48" VPOS="2486" HPOS="1497"/><String ID="p687_w922" CONTENT="There" HPOS="1545" VPOS="2486" WIDTH="113" HEIGHT="75" STYLEREFS="font0"/><SP WIDTH="16" VPOS="2486" HPOS="1658"/><String ID="p687_w923" CONTENT="are" HPOS="1674" VPOS="2486" WIDTH="54" HEIGHT="75" STYLEREFS="font0"/><SP WIDTH="16" VPOS="2486" HPOS="1728"/><String ID="p687_w924" CONTENT="fix" HPOS="1744" VPOS="2486" WIDTH="46" HEIGHT="75" STYLEREFS="font0"/><SP WIDTH="16" VPOS="2486" HPOS="1790"/><String ID="p687_w925" CONTENT="fpecies," HPOS="1806" VPOS="2486" WIDTH="129" HEIGHT="75" STYLEREFS="font0"/><SP WIDTH="27" VPOS="2486" HPOS="1935"/><String ID="p687_w926" CONTENT="all" HPOS="1962" VPOS="2486" WIDTH="42" HEIGHT="75" STYLEREFS="font0"/><SP WIDTH="20" VPOS="2486" HPOS="2004"/><String ID="p687_w927" CONTENT="natives" HPOS="2024" VPOS="2486" WIDTH="121" HEIGHT="75" STYLEREFS="font0"/><SP WIDTH="18" VPOS="2486" HPOS="2145"/><String ID="p687_w928" CONTENT="of" HPOS="2163" VPOS="2486" WIDTH="39" HEIGHT="75" STYLEREFS="font0"/><SP WIDTH="19" VPOS="2486" HPOS="2202"/><String ID="p687_w929" CONTENT="the" HPOS="2221" VPOS="2486" WIDTH="57" HEIGHT="75" STYLEREFS="font0"/></TextLine><TextLine WIDTH="120" HEIGHT="75" ID="p687_t117" HPOS="1299" VPOS="2531"><String ID="p687_w930" CONTENT="Indies." HPOS="1299" VPOS="2531" WIDTH="120" HEIGHT="75" STYLEREFS="font0"/></TextLine><TextLine WIDTH="1027" HEIGHT="75" ID="p687_t118" HPOS="1249" VPOS="2579"><String ID="p687_w931" CONTENT="BOESCHOT," HPOS="1249" VPOS="2579" WIDTH="272" HEIGHT="75" STYLEREFS="font0"/><SP WIDTH="27" VPOS="2579" HPOS="1521"/><String ID="p687_w932" CONTENT="a" HPOS="1548" VPOS="2579" WIDTH="18" HEIGHT="75" STYLEREFS="font0"/><SP WIDTH="15" VPOS="2579" HPOS="1566"/><String ID="p687_w933" CONTENT="town" HPOS="1581" VPOS="2579" WIDTH="87" HEIGHT="75" STYLEREFS="font0"/><SP WIDTH="21" VPOS="2579" HPOS="1668"/><String ID="p687_w934" CONTENT="of" HPOS="1689" VPOS="2579" WIDTH="40" HEIGHT="75" STYLEREFS="font0"/><SP WIDTH="15" VPOS="2579" HPOS="1729"/><String ID="p687_w935" CONTENT="the" HPOS="1744" VPOS="2579" WIDTH="55" HEIGHT="75" STYLEREFS="font0"/><SP WIDTH="18" VPOS="2579" HPOS="1799"/><String ID="p687_w936" CONTENT="Auftrian" HPOS="1817" VPOS="2579" WIDTH="147" HEIGHT="75" STYLEREFS="font0"/><SP WIDTH="17" VPOS="2579" HPOS="1964"/><String ID="p687_w937" CONTENT="Netherlands," HPOS="1981" VPOS="2579" WIDTH="233" HEIGHT="75" STYLEREFS="font0"/><SP WIDTH="25" VPOS="2579" HPOS="2214"/><String ID="p687_w938" CONTENT="fi-" HPOS="2239" VPOS="2579" WIDTH="37" HEIGHT="75" STYLEREFS="font0"/></TextLine><TextLine WIDTH="984" HEIGHT="75" ID="p687_t119" HPOS="1297" VPOS="2623"><String ID="p687_w939" CONTENT="tuated" HPOS="1297" VPOS="2623" WIDTH="109" HEIGHT="75" STYLEREFS="font0"/><SP WIDTH="24" VPOS="2623" HPOS="1406"/><String ID="p687_w940" CONTENT="in" HPOS="1430" VPOS="2623" WIDTH="32" HEIGHT="75" STYLEREFS="font0"/><SP WIDTH="25" VPOS="2623" HPOS="1462"/><String ID="p687_w941" CONTENT="Brabant," HPOS="1487" VPOS="2623" WIDTH="154" HEIGHT="75" STYLEREFS="font0"/><SP WIDTH="25" VPOS="2623" HPOS="1641"/><String ID="p687_w942" CONTENT="about" HPOS="1666" VPOS="2623" WIDTH="98" HEIGHT="75" STYLEREFS="font0"/><SP WIDTH="23" VPOS="2623" HPOS="1764"/><String ID="p687_w943" CONTENT="twelve" HPOS="1787" VPOS="2623" WIDTH="116" HEIGHT="75" STYLEREFS="font0"/><SP WIDTH="22" VPOS="2623" HPOS="1903"/><String ID="p687_w944" CONTENT="miles" HPOS="1925" VPOS="2623" WIDTH="90" HEIGHT="75" STYLEREFS="font0"/><SP WIDTH="25" VPOS="2623" HPOS="2015"/><String ID="p687_w945" CONTENT="north-eaft" HPOS="2040" VPOS="2623" WIDTH="176" HEIGHT="75" STYLEREFS="font0"/><SP WIDTH="24" VPOS="2623" HPOS="2216"/><String ID="p687_w946" CONTENT="of" HPOS="2240" VPOS="2623" WIDTH="41" HEIGHT="75" STYLEREFS="font0"/></TextLine><TextLine WIDTH="871" HEIGHT="75" ID="p687_t120" HPOS="1296" VPOS="2653"><String ID="p687_w947" CONTENT="Malines," HPOS="1296" VPOS="2671" WIDTH="152" HEIGHT="75" STYLEREFS="font0"/><SP WIDTH="25" VPOS="2671" HPOS="1448"/><String ID="p687_w948" CONTENT="in" HPOS="1473" VPOS="2671" WIDTH="32" HEIGHT="75" STYLEREFS="font0"/><SP WIDTH="18" VPOS="2671" HPOS="1505"/><String ID="p687_w949" CONTENT="4" HPOS="1523" VPOS="2671" WIDTH="21" HEIGHT="75" STYLEREFS="font0"/><String ID="p687_w950" CONTENT="0" HPOS="1544" VPOS="2653" WIDTH="22" HEIGHT="49" STYLEREFS="font1"/><SP WIDTH="15" VPOS="2653" HPOS="1566"/><String ID="p687_w951" CONTENT="40'" HPOS="1581" VPOS="2671" WIDTH="55" HEIGHT="75" STYLEREFS="font0"/><SP WIDTH="17" VPOS="2671" HPOS="1636"/><String ID="p687_w952" CONTENT="E." HPOS="1653" VPOS="2671" WIDTH="43" HEIGHT="75" STYLEREFS="font0"/><SP WIDTH="18" VPOS="2671" HPOS="1696"/><String ID="p687_w953" CONTENT="long," HPOS="1714" VPOS="2671" WIDTH="90" HEIGHT="75" STYLEREFS="font0"/><SP WIDTH="27" VPOS="2671" HPOS="1804"/><String ID="p687_w954" CONTENT="and" HPOS="1831" VPOS="2671" WIDTH="62" HEIGHT="75" STYLEREFS="font0"/><SP WIDTH="20" VPOS="2671" HPOS="1893"/><String ID="p687_w955" CONTENT="51" HPOS="1913" VPOS="2671" WIDTH="37" HEIGHT="75" STYLEREFS="font0"/><String ID="p687_w956" CONTENT="0" HPOS="1950" VPOS="2653" WIDTH="28" HEIGHT="49" STYLEREFS="font1"/><SP WIDTH="17" VPOS="2653" HPOS="1978"/><String ID="p687_w957" CONTENT="5'" HPOS="1995" VPOS="2671" WIDTH="30" HEIGHT="75" STYLEREFS="font0"/><SP WIDTH="18" VPOS="2671" HPOS="2025"/><String ID="p687_w958" CONTENT="N." HPOS="2043" VPOS="2671" WIDTH="46" HEIGHT="75" STYLEREFS="font0"/><SP WIDTH="19" VPOS="2671" HPOS="2089"/><String ID="p687_w959" CONTENT="lat." HPOS="2108" VPOS="2671" WIDTH="59" HEIGHT="75" STYLEREFS="font0"/></TextLine><TextLine WIDTH="1026" HEIGHT="75" ID="p687_t121" HPOS="1247" VPOS="2718"><String ID="p687_w960" CONTENT="POG" HPOS="1247" VPOS="2718" WIDTH="99" HEIGHT="75" STYLEREFS="font0"/><SP WIDTH="16" VPOS="2718" HPOS="1346"/><String ID="p687_w961" CONTENT="properly" HPOS="1362" VPOS="2718" WIDTH="152" HEIGHT="75" STYLEREFS="font0"/><SP WIDTH="22" VPOS="2718" HPOS="1514"/><String ID="p687_w962" CONTENT="fignifies" HPOS="1536" VPOS="2718" WIDTH="131" HEIGHT="75" STYLEREFS="font0"/><SP WIDTH="16" VPOS="2718" HPOS="1667"/><String ID="p687_w963" CONTENT="a" HPOS="1683" VPOS="2718" WIDTH="19" HEIGHT="75" STYLEREFS="font0"/><SP WIDTH="16" VPOS="2718" HPOS="1702"/><String ID="p687_w964" CONTENT="quagmire," HPOS="1718" VPOS="2718" WIDTH="175" HEIGHT="75" STYLEREFS="font0"/><SP WIDTH="26" VPOS="2718" HPOS="1893"/><String ID="p687_w965" CONTENT="covered" HPOS="1919" VPOS="2718" WIDTH="137" HEIGHT="75" STYLEREFS="font0"/><SP WIDTH="23" VPOS="2718" HPOS="2056"/><String ID="p687_w966" CONTENT="with" HPOS="2079" VPOS="2718" WIDTH="77" HEIGHT="75" STYLEREFS="font0"/><SP WIDTH="18" VPOS="2718" HPOS="2156"/><String ID="p687_w967" CONTENT="grafs," HPOS="2174" VPOS="2718" WIDTH="99" HEIGHT="75" STYLEREFS="font0"/></TextLine><TextLine WIDTH="977" HEIGHT="75" ID="p687_t122" HPOS="1295" VPOS="2763"><String ID="p687_w968" CONTENT="but" HPOS="1295" VPOS="2763" WIDTH="56" HEIGHT="75" STYLEREFS="font0"/><SP WIDTH="16" VPOS="2763" HPOS="1351"/><String ID="p687_w969" CONTENT="not" HPOS="1367" VPOS="2763" WIDTH="56" HEIGHT="75" STYLEREFS="font0"/><SP WIDTH="15" VPOS="2763" HPOS="1423"/><String ID="p687_w970" CONTENT="folid" HPOS="1438" VPOS="2763" WIDTH="80" HEIGHT="75" STYLEREFS="font0"/><SP WIDTH="12" VPOS="2763" HPOS="1518"/><String ID="p687_w971" CONTENT="enough" HPOS="1530" VPOS="2763" WIDTH="125" HEIGHT="75" STYLEREFS="font0"/><SP WIDTH="12" VPOS="2763" HPOS="1655"/><String ID="p687_w972" CONTENT="to" HPOS="1667" VPOS="2763" WIDTH="35" HEIGHT="75" STYLEREFS="font0"/><SP WIDTH="12" VPOS="2763" HPOS="1702"/><String ID="p687_w973" CONTENT="fupport" HPOS="1714" VPOS="2763" WIDTH="130" HEIGHT="75" STYLEREFS="font0"/><SP WIDTH="11" VPOS="2763" HPOS="1844"/><String ID="p687_w974" CONTENT="the" HPOS="1855" VPOS="2763" WIDTH="56" HEIGHT="75" STYLEREFS="font0"/><SP WIDTH="13" VPOS="2763" HPOS="1911"/><String ID="p687_w975" CONTENT="weight" HPOS="1924" VPOS="2763" WIDTH="117" HEIGHT="75" STYLEREFS="font0"/><SP WIDTH="14" VPOS="2763" HPOS="2041"/><String ID="p687_w976" CONTENT="of" HPOS="2055" VPOS="2763" WIDTH="41" HEIGHT="75" STYLEREFS="font0"/><SP WIDTH="9" VPOS="2763" HPOS="2096"/><String ID="p687_w977" CONTENT="the" HPOS="2105" VPOS="2763" WIDTH="55" HEIGHT="75" STYLEREFS="font0"/><SP WIDTH="13" VPOS="2763" HPOS="2160"/><String ID="p687_w978" CONTENT="body." HPOS="2173" VPOS="2763" WIDTH="99" HEIGHT="75" STYLEREFS="font0"/></TextLine><TextLine WIDTH="1029" HEIGHT="75" ID="p687_t123" HPOS="1245" VPOS="2809"><String ID="p687_w979" CONTENT="Bog," HPOS="1245" VPOS="2809" WIDTH="100" HEIGHT="75" STYLEREFS="font0"/><SP WIDTH="25" VPOS="2809" HPOS="1345"/><String ID="p687_w980" CONTENT="in" HPOS="1370" VPOS="2809" WIDTH="33" HEIGHT="75" STYLEREFS="font0"/><SP WIDTH="16" VPOS="2809" HPOS="1403"/><String ID="p687_w981" CONTENT="geography," HPOS="1419" VPOS="2809" WIDTH="196" HEIGHT="75" STYLEREFS="font0"/><SP WIDTH="26" VPOS="2809" HPOS="1615"/><String ID="p687_w982" CONTENT="a" HPOS="1641" VPOS="2809" WIDTH="18" HEIGHT="75" STYLEREFS="font0"/><SP WIDTH="17" VPOS="2809" HPOS="1659"/><String ID="p687_w983" CONTENT="river" HPOS="1676" VPOS="2809" WIDTH="82" HEIGHT="75" STYLEREFS="font0"/><SP WIDTH="16" VPOS="2809" HPOS="1758"/><String ID="p687_w984" CONTENT="of" HPOS="1774" VPOS="2809" WIDTH="39" HEIGHT="75" STYLEREFS="font0"/><SP WIDTH="19" VPOS="2809" HPOS="1813"/><String ID="p687_w985" CONTENT="Poland," HPOS="1832" VPOS="2809" WIDTH="136" HEIGHT="75" STYLEREFS="font0"/><SP WIDTH="25" VPOS="2809" HPOS="1968"/><String ID="p687_w986" CONTENT="which," HPOS="1993" VPOS="2809" WIDTH="119" HEIGHT="75" STYLEREFS="font0"/><SP WIDTH="25" VPOS="2809" HPOS="2112"/><String ID="p687_w987" CONTENT="running" HPOS="2137" VPOS="2809" WIDTH="137" HEIGHT="75" STYLEREFS="font0"/></TextLine><TextLine WIDTH="982" HEIGHT="75" ID="p687_t124" HPOS="1291" VPOS="2857"><String ID="p687_w988" CONTENT="fouth-eaft" HPOS="1291" VPOS="2857" WIDTH="172" HEIGHT="75" STYLEREFS="font0"/><SP WIDTH="15" VPOS="2857" HPOS="1463"/><String ID="p687_w989" CONTENT="through" HPOS="1478" VPOS="2857" WIDTH="141" HEIGHT="75" STYLEREFS="font0"/><SP WIDTH="17" VPOS="2857" HPOS="1619"/><String ID="p687_w990" CONTENT="the" HPOS="1636" VPOS="2857" WIDTH="54" HEIGHT="75" STYLEREFS="font0"/><SP WIDTH="17" VPOS="2857" HPOS="1690"/><String ID="p687_w991" CONTENT="province" HPOS="1707" VPOS="2857" WIDTH="152" HEIGHT="75" STYLEREFS="font0"/><SP WIDTH="16" VPOS="2857" HPOS="1859"/><String ID="p687_w992" CONTENT="of" HPOS="1875" VPOS="2857" WIDTH="40" HEIGHT="75" STYLEREFS="font0"/><SP WIDTH="11" VPOS="2857" HPOS="1915"/><String ID="p687_w993" CONTENT="Podoliaand" HPOS="1926" VPOS="2857" WIDTH="208" HEIGHT="75" STYLEREFS="font0"/><SP WIDTH="17" VPOS="2857" HPOS="2134"/><String ID="p687_w994" CONTENT="Buziac" HPOS="2151" VPOS="2857" WIDTH="122" HEIGHT="75" STYLEREFS="font0"/></TextLine><TextLine WIDTH="982" HEIGHT="75" ID="p687_t125" HPOS="1291" VPOS="2903"><String ID="p687_w995" CONTENT="Tartary," HPOS="1291" VPOS="2903" WIDTH="154" HEIGHT="75" STYLEREFS="font0"/><SP WIDTH="24" VPOS="2903" HPOS="1445"/><String ID="p687_w996" CONTENT="falls" HPOS="1469" VPOS="2903" WIDTH="73" HEIGHT="75" STYLEREFS="font0"/><SP WIDTH="17" VPOS="2903" HPOS="1542"/><String ID="p687_w997" CONTENT="into" HPOS="1559" VPOS="2903" WIDTH="69" HEIGHT="75" STYLEREFS="font0"/><SP WIDTH="17" VPOS="2903" HPOS="1628"/><String ID="p687_w998" CONTENT="the" HPOS="1645" VPOS="2903" WIDTH="55" HEIGHT="75" STYLEREFS="font0"/><SP WIDTH="24" VPOS="2903" HPOS="1700"/><String ID="p687_w999" CONTENT="Euxine" HPOS="1724" VPOS="2903" WIDTH="130" HEIGHT="75" STYLEREFS="font0"/><SP WIDTH="24" VPOS="2903" HPOS="1854"/><String ID="p687_w1000" CONTENT="fea" HPOS="1878" VPOS="2903" WIDTH="52" HEIGHT="75" STYLEREFS="font0"/><SP WIDTH="15" VPOS="2903" HPOS="1930"/><String ID="p687_w1001" CONTENT="between" HPOS="1945" VPOS="2903" WIDTH="144" HEIGHT="75" STYLEREFS="font0"/><SP WIDTH="16" VPOS="2903" HPOS="2089"/><String ID="p687_w1002" CONTENT="Oczakow" HPOS="2105" VPOS="2903" WIDTH="168" HEIGHT="75" STYLEREFS="font0"/></TextLine><TextLine WIDTH="626" HEIGHT="75" ID="p687_t126" HPOS="1290" VPOS="2950"><String ID="p687_w1003" CONTENT="and" HPOS="1290" VPOS="2950" WIDTH="61" HEIGHT="75" STYLEREFS="font0"/><SP WIDTH="16" VPOS="2950" HPOS="1351"/><String ID="p687_w1004" CONTENT="the" HPOS="1367" VPOS="2950" WIDTH="54" HEIGHT="75" STYLEREFS="font0"/><SP WIDTH="17" VPOS="2950" HPOS="1421"/><String ID="p687_w1005" CONTENT="mouth" HPOS="1438" VPOS="2950" WIDTH="113" HEIGHT="75" STYLEREFS="font0"/><SP WIDTH="17" VPOS="2950" HPOS="1551"/><String ID="p687_w1006" CONTENT="of" HPOS="1568" VPOS="2950" WIDTH="41" HEIGHT="75" STYLEREFS="font0"/><SP WIDTH="17" VPOS="2950" HPOS="1609"/><String ID="p687_w1007" CONTENT="the" HPOS="1626" VPOS="2950" WIDTH="56" HEIGHT="75" STYLEREFS="font0"/><SP WIDTH="17" VPOS="2950" HPOS="1682"/><String ID="p687_w1008" CONTENT="BoriftKenes." HPOS="1699" VPOS="2950" WIDTH="217" HEIGHT="75" STYLEREFS="font0"/></TextLine><TextLine WIDTH="1026" HEIGHT="75" ID="p687_t127" HPOS="1243" VPOS="2998"><String ID="p687_w1009" CONTENT="Bog," HPOS="1243" VPOS="2998" WIDTH="99" HEIGHT="75" STYLEREFS="font0"/><SP WIDTH="25" VPOS="2998" HPOS="1342"/><String ID="p687_w1010" CONTENT="or" HPOS="1367" VPOS="2998" WIDTH="39" HEIGHT="75" STYLEREFS="font0"/><SP WIDTH="22" VPOS="2998" HPOS="1406"/><String ID="p687_w1011" CONTENT="Bog" HPOS="1428" VPOS="2998" WIDTH="87" HEIGHT="75" STYLEREFS="font0"/><SP WIDTH="27" VPOS="2998" HPOS="1515"/><String ID="p687_w1012" CONTENT="of" HPOS="1542" VPOS="2998" WIDTH="41" HEIGHT="75" STYLEREFS="font0"/><SP WIDTH="18" VPOS="2998" HPOS="1583"/><String ID="p687_w1013" CONTENT="Gight," HPOS="1601" VPOS="2998" WIDTH="152" HEIGHT="75" STYLEREFS="font0"/><SP WIDTH="26" VPOS="2998" HPOS="1753"/><String ID="p687_w1014" CONTENT="a" HPOS="1779" VPOS="2998" WIDTH="19" HEIGHT="75" STYLEREFS="font0"/><SP WIDTH="21" VPOS="2998" HPOS="1798"/><String ID="p687_w1015" CONTENT="foiall" HPOS="1819" VPOS="2998" WIDTH="89" HEIGHT="75" STYLEREFS="font0"/><SP WIDTH="26" VPOS="2998" HPOS="1908"/><String ID="p687_w1016" CONTENT="town" HPOS="1934" VPOS="2998" WIDTH="86" HEIGHT="75" STYLEREFS="font0"/><SP WIDTH="23" VPOS="2998" HPOS="2020"/><String ID="p687_w1017" CONTENT="of" HPOS="2043" VPOS="2998" WIDTH="41" HEIGHT="75" STYLEREFS="font0"/><SP WIDTH="19" VPOS="2998" HPOS="2084"/><String ID="p687_w1018" CONTENT="Scotland," HPOS="2103" VPOS="2998" WIDTH="166" HEIGHT="75" STYLEREFS="font0"/></TextLine><TextLine WIDTH="78" HEIGHT="75" ID="p687_t128" HPOS="1720" VPOS="3058"><String ID="p687_w1019" CONTENT="7" HPOS="1720" VPOS="3058" WIDTH="18" HEIGHT="75" STYLEREFS="font0"/><SP WIDTH="25" VPOS="3058" HPOS="1738"/><String ID="p687_w1020" CONTENT="G" HPOS="1763" VPOS="3058" WIDTH="35" HEIGHT="75" STYLEREFS="font0"/></TextLine><TextLine WIDTH="76" HEIGHT="75" ID="p687_t129" HPOS="2200" VPOS="3058"><String ID="p687_w1021" CONTENT="near" HPOS="2200" VPOS="3058" WIDTH="76" HEIGHT="75" STYLEREFS="font0"/></TextLine></PrintSpace></Page></Layout></alto>