2477 3395
802 202 35 75 B
956 202 40 75 O
1113 202 39 75 T

157 266 76 75 with
246 266 156 75 certainty
415 266 86 75 what
513 266 138 75 changes
664 266 56 75 the
733 266 108 75 young
852 266 88 75 feeds
953 266 236 75 mayundergo,

157 312 85 75 what
259 312 106 75 injury
381 312 77 75 they
471 312 73 75 may
556 312 108 75 fuffer,
682 312 43 75 by
742 312 216 75 prematurely
974 312 124 75 forcing
1110 312 81 75 open

157 358 83 75 their
256 358 100 75 petals
373 358 62 75 and
460 358 125 75 cutting
609 358 51 75 off
682 358 55 75 the
753 358 142 75 ftamina.
945 358 37 75 If
1001 358 18 75 a
1036 358 154 75 pregnant

156 404 116 75 animal
297 404 41 75 be
363 404 172 75 wounded,
560 404 63 75 and
649 404 32 75 in
699 404 18 75 a
733 404 72 75 part
833 404 56 75 too
915 404 180 75 intimately
1112 404 74 75 con-

156 450 113 75 netted
284 450 78 75 with
380 450 55 75 the
459 450 111 75 foetus,
596 450 85 75 what
699 450 108 75 reafon
824 450 80 75 have
921 450 48 75 we
986 450 34 75 to
1038 450 83 75 hope
1137 450 53 75 for

156 497 21 75 a
193 497 157 75 beautiful
373 497 38 75 or
436 497 315 75 well-proportioned
779 497 157 75 offspring
949 497 11 75 ?
999 497 74 75 One
1099 497 91 75 thing

159 542 149 75 however
324 542 26 75 is
367 542 132 75 certain,
525 542 70 75 that
608 542 29 75 if
650 542 54 75 the
721 542 92 75 office
829 542 40 75 of
881 542 54 75 the
948 542 141 75 ftamina,
1115 542 33 75 as
1162 542 27 75 is

158 588 146 75 alledged
320 588 44 75 by
380 588 55 75 the
451 588 148 75 oppofers
612 588 40 75 of
663 588 54 75 the
734 588 102 75 fexes,
862 588 40 75 be
922 588 35 75 to
972 588 141 75 feparate
1126 588 63 75 and

158 635 92 75 carry
277 635 53 75 off
352 635 136 75 noxious
515 635 38 75 or
569 635 279 75 excrementitious
878 635 115 75 matter
1020 635 84 75 from
1134 635 59 75 the

157 681 91 75 fruit,
272 681 57 75 the
346 681 157 75 retention
527 681 41 75 of
578 681 64 75 this
659 681 116 75 matter
791 681 111 75 would
917 681 39 75 of
977 681 92 75 itfelf
1087 681 101 75 intro-

157 728 81 75 duce
256 728 19 75 a
297 728 120 75 change
445 728 68 75 into
530 728 54 75 the
612 728 109 75 colour
739 728 40 75 of
798 728 56 75 the
870 728 107 75 future
994 728 113 75 plant;
1133 728 55 75 be-

157 774 90 75 caufe
263 774 31 75 in
312 774 70 75 that
399 774 69 75 cafe
484 774 55 75 the
555 774 88 75 feeds
654 774 106 75 would
775 774 59 75 not
851 774 39 75 be
906 774 149 75 properly
1068 774 122 75 purged

155 819 39 75 or
210 819 152 75 rettified,
379 819 95 75 being
490 819 212 75 prematurely
715 819 154 75 deprived
881 819 40 75 of
932 819 55 75 the
1004 819 112 75 veffels
1132 819 56 75 de-

157 866 101 75 ftined
274 866 50 75 for
341 866 70 75 that
429 866 146 75 purpofe.

204 912 66 75 We
287 912 75 75 (hall
379 912 72 75 now
474 912 146 75 examine
644 912 56 75 the
722 912 123 75 famous
873 912 85 75 ftory
974 912 43 75 of
1037 912 80 75 Baal
1133 912 56 75 the

156 958 137 75 gardner
309 958 33 75 at
355 958 187 75 Brentford,
561 958 121 75 related
698 958 101 75 above
816 958 31 75 in
864 958 55 75 the
936 958 160 75 hiftofical
1110 958 80 75 view

155 1005 41 75 of
218 1005 56 75 the
291 1005 218 75 controverfy.
559 1005 151 75 Linnaeus
739 1005 123 75 accufes
887 1005 108 75 Baal’s
1020 1005 116 75 judges
1154 1005 39 75 of

154 1051 184 75 ignorance,
363 1051 134 75 becaufe
523 1051 78 75 they
617 1051 165 75 convitted
808 1051 66 75 him
891 1051 40 75 of
953 1051 106 75 fraud.
1108 1051 80 75 But,

156 1097 106 75 would
292 1097 60 75 not
381 1097 63 75 any
471 1097 101 75 judge
600 1097 88 75 fmile
716 1097 35 75 to
783 1097 77 75 hear
891 1097 131 75 himfelf
1049 1097 140 75 branded

156 1143 79 75 with
259 1143 183 75 ignorance,
475 1143 38 75 or
541 1143 18 75 a
582 1143 114 75 partial
724 1143 250 75 adminiftration
1005 1143 40 75 of
1060 1143 129 75 juftice,

157 1190 120 75 merely
294 1190 131 75 becaufe
451 1190 40 75 he
516 1190 72 75 paid
617 1190 42 75 no
692 1190 113 75 regard
832 1190 36 75 to
891 1190 55 75 the
966 1190 109 75 fexual
1101 1190 87 75 com-

158 1236 104 75 merce
278 1236 41 75 of
341 1236 104 75 plants
472 1236 32 75 in
521 1236 49 75 his
588 1236 150 75 decifions
751 1236 12 75 ?
815 1236 31 75 It
863 1236 26 75 is
910 1236 105 75 happy
1032 1236 51 75 for
1100 1236 87 75 man-

157 1282 77 75 kind
261 1282 71 75 that
355 1282 117 75 judges
505 1282 53 75 are
580 1282 137 75 ’obliged
745 1282 36 75 to
812 1282 111 75 decide
952 1282 172 75 according
1152 1282 36 75 to

156 1328 62 75 law
242 1328 37 75 or
303 1328 122 75 equity,
450 1328 63 75 and
538 1328 56 75 not
622 1328 169 75 according
824 1328 34 75 to
886 1328 55 75 the
968 1328 220 75 hypothetical

157 1375 113 75 whims
298 1375 40 75 of
361 1375 56 75 the
447 1375 305 75 naturalift.—But,
784 1375 79 75 even
888 1375 162 75 fuppofing
1079 1375 109 75 Baal’s

156 1420 114 75 judges
283 1420 36 75 to
330 1420 79 75 have
421 1420 65 75 had
497 1420 19 75 a
529 1420 118 75 perfett
659 1420 188 75 knowledge
860 1420 42 75 of
911 1420 54 75 the
977 1420 108 75 fexual
1099 1420 86 75 com-

160 1466 103 75 merce
279 1466 39 75 of
330 1466 191 75 vegetables,
547 1466 62 75 and
624 1466 35 75 to
689 1466 79 75 have
784 1466 80 75 been
882 1466 30 75 at
929 1466 60 75 full
1018 1466 117 75 liberty
1151 1466 36 75 to

160 1513 174 75 determine
362 1513 55 75 the
434 1513 89 75 point
546 1513 40 75 of
608 1513 61 75 law
686 1513 83 75 upon
787 1513 71 75 that
883 1513 152 75 medium,
1060 1513 29 75 if
1110 1513 78 75 they

159 1558 63 75 had
249 1558 165 75 acquitted
431 1558 79 75 Baal
526 1558 39 75 of
588 1558 108 75 fraud,
718 1558 37 75 or
779 1558 32 75 at
836 1558 75 75 leaft
926 1558 40 75 of
989 1558 196 75 negligence,

160 1605 48 75 we
226 1605 111 75 ffiould
359 1605 79 75 have
467 1605 78 75 been
562 1605 139 75 inclined
717 1605 34 75 to
768 1605 101 75 doubt
885 1605 78 75 both
981 1605 37 75 of
1038 1605 86 75 their
1139 1605 52 75 in-

158 1651 119 75 tegrity
297 1651 61 75 and
375 1651 256 75 ingenuity.—It
656 1651 25 75 is
711 1651 260 75 acknowledged,
999 1651 70 75 that
1096 1651 91 75 great

158 1698 173 75 quantities
348 1698 78 75 both
452 1698 40 75 of
515 1698 54 75 the
587 1698 126 75 braffica
728 1698 114 75 llorida
857 1698 61 75 and
941 1698 129 75 braffica
1084 1698 103 75 longi-

160 1744 77 75 folia
255 1744 84 75 were
357 1744 100 75 raifed
474 1744 69 75 that
559 1744 105 75 feafon
680 1744 34 75 in
732 1744 106 75 Baal’s
855 1744 131 75 garden.
1037 1744 31 75 A
1085 1744 101 75 feedf-

159 1790 71 75 man
247 1790 37 75 or
299 1790 149 75 gardner,
472 1790 31 75 in
522 1790 134 75 packing
678 1790 42 75 up
737 1790 94 75 many
848 1790 121 75 parcels
985 1790 41 75 of
1037 1790 151 75 different

158 1836 101 75 feeds,
286 1836 39 75 by
350 1836 54 75 the
422 1836 105 75 Ample
542 1836 90 75 error
643 1836 40 75 of
695 1836 125 75 putting
837 1836 17 75 a
870 1836 111 75 wrong
996 1836 90 75 mark
1104 1836 90 75 upon,

160 1882 61 75 any
248 1882 40 75 of
310 1882 55 75 the
390 1882 134 75 parcels,
550 1882 104 75 would
682 1882 141 75 produce
840 1882 18 75 a
874 1882 129 75 miftake
1020 1882 116 75 fimilar
1152 1882 35 75 to

159 1929 63 75 this
239 1929 41 75 of
302 1929 120 75 Baal’s.
471 1929 78 75 But,
575 1929 144 75 whether
734 1929 55 75 the
811 1929 229 75 circumftance.
1049 1929 79 75 took
1145 1929 41 75 its

159 1976 59 75 rife
234 1976 84 75 from
334 1976 185 75 negligence
535 1976 37 75 or
588 1976 106 75 fraud,
720 1976 129 75 belongs
867 1976 57 75 not
940 1976 34 75 to
987 1976 58 75 our
1061 1976 124 75 prefem

158 2021 140 75 inquiry.
348 2021 90 75 Even
455 2021 84 75 up<5n
555 2021 178 75 Linnaeus’s
752 2021 70 75 own
840 2021 180 75 principles,
1046 2021 25 75 it
1093 2021 25 75 is
1135 2021 50 75 far

157 2069 83 75 from
257 2069 93 75 being
367 2069 85 75 clear
475 2069 39 75 of
526 2069 176 75 abfurdity,
724 2069 87 75 how,
836 2069 42 75 by
895 2069 19 75 a
929 2069 101 75 cafual
1048 2069 136 75 impreg-

157 2116 122 75 nation,
303 2116 56 75 the
374 2116 117 75 fpecies
508 2116 39 75 of
564 2116 19 75 a
598 2116 89 75 plant
706 2116 95 75 could
817 2116 40 75 be
874 2116 134 75 entirely
1025 2116 161 75 changed.

158 2157 78 75 For,
260 2157 44 75 by
319 2157 56 75 the
391 2157 135 75 analogy
538 2157 40 75 of
589 2157 43 75 all
647 2157 145 75 animals,
815 2157 75 75 nay,
915 2157 109 75 taking
1041 2157 59 75 our
1110 2157 74 75 ana-

158 2204 77 75 logy
262 2204 83 75 from
369 2204 179 75 Linnaeus’s
576 2204 166 75 vegetable
769 2204 115 75 mules,
921 2204 64 75 this
1011 2204 175 75 fortuitous

157 2250 231 75 impregnation
405 2250 109 75 ffiould
530 2250 80 75 have
627 2250 76 75 only
717 2250 163 75 produced
891 2250 19 75 a
926 2250 96 75 mule,
1048 2250 37 75 or
1101 2250 84 75 mix-

158 2297 71 75 ture
242 2297 39 75 of
292 2297 55 75 the
358 2297 64 75 two
433 2297 130 75 fpecies,
580 2297 62 75 and
657 2297 56 75 not
726 2297 17 75 a
753 2297 119 75 perfett
882 2297 258 75 metamorphofis
1150 2297 42 75 of

158 2342 114 75 either.
322 2342 111 75 Hence
450 2342 24 75 it
491 2342 72 75 may
581 2342 36 75 be
635 2342 95 75 fairly
746 2342 189 75 concluded,
961 2342 69 75 that
1048 2342 63 75 this
1136 2342 46 75 fa-

158 2390 90 75 mous
267 2390 96 75 ftory,
381 2390 83 75 upon
480 2390 105 75 which
602 2390 54 75 the
673 2390 162 75 fexualifts
852 2390 52 75 lay
922 2390 32 75 fo
972 2390 92 75 much
1081 2390 103 75 ftrefs,

154 2435 122 75 inftead
296 2435 40 75 of
347 2435 247 75 ftrengthening,
619 2435 91 75 tends
731 2435 34 75 to
782 2435 55 75 the
855 2435 72 75 final
945 2435 187 75 deftruttion
1149 2435 41 75 of

158 2484 70 75 that
247 2484 182 75 hypothefis
444 2484 34 75 in
491 2484 132 75 fapport
646 2484 40 75 of
698 2484 104 75 which
818 2484 27 75 it
860 2484 64 75 was
942 2484 168 75 originally
1127 2484 57 75 ad-

158 2528 124 75 duced.’

172 2575 3 75 '
205 2575 54 75 Of
280 2575 18 75 a
313 2575 114 75 fimilar
443 2575 112 75 nature
578 2575 25 75 is
621 2575 54 75 the
691 2575 89 75 ftory
793 2575 166 75 contained
980 2575 32 75 in
1029 2575 157 75 Mylius’s

156 2621 97 75 Ifetter
270 2621 34 75 to
316 2621 53 75 Dr
385 2621 150 75 Watfon.
583 2621 85 75 This
680 2621 178 75 gentleman
874 2621 106 75 writes
997 2621 36 75 to
1044 2621 49 75 his
1111 2621 69 75 cor-

156 2666 203 75 refpondent,
385 2666 23 75 “
434 2666 71 75 that
522 2666 18 75 a
563 2666 114 75 female
692 2666 91 75 palm,
793 2666 67 75 tree
878 2666 87 75 grew
980 2666 95 75 many
1091 2666 92 75 years

158 2715 30 75 in
206 2715 54 75 the
273 2715 117 75 garden
407 2715 170 75 belonging
593 2715 35 75 to
643 2715 55 75 the
707 2715 106 75 Royal
828 2715 164 75 Academy
1009 2715 32 75 at
1059 2715 123 75 Berlih,

157 2760 138 75 without
310 2760 178 75 producing
509 2760 62 75 any
588 2760 66 75 ripe
673 2760 37 75 or
725 2760 105 75 fertile
846 2760 101 75 fruit;
975 2760 70 75 that
1068 2760 18 75 a
1102 2760 93 75 male,

157 2807 133 75 branch,
315 2807 78 75 with
410 2807 41 75 its
473 2807 126 75 flowers
612 2807 31 75 in
660 2807 59 75 full
736 2807 96 75 blow,
858 2807 63 75 was
944 2807 139 75 brought
1099 2807 85 75 from

157 2853 138 75 Leipfic,
320 2853 105 75 which
441 2853 27 75 is
486 2853 98 75 about
600 2853 119 75 twenty
733 2853 143 75 German
893 2853 89 75 miles
1003 2853 84 75 from
1101 2853 82 75 Ber-

155 2900 58 75 lin,
238 2900 62 75 and
312 2900 5 75 .
326 2900 173 75 fufpended
523 2900 76 75 over
614 2900 57 75 the
705 2900 135 75 female;
866 2900 56 75 the
938 2900 97 75 refult
1057 2900 40 75 of
1118 2900 65 75 this

156 2946 165 75 operation
337 2946 76 75 was,
439 2946 70 75 that
525 2946 54 75 the
595 2946 127 75 female,
747 2946 70 75 that
828 2946 77 75 very
917 2946 86 75 year,
1020 2946 164 75 produced

162 2994 64 75 Foo
242 2994 67 75 ripe
325 2994 62 75 and
411 2994 106 75 fertile
533 2994 91 75 fruit.
671 2994 77 75 The
764 2994 82 75 fame
874 2994 199 75 experiment
1088 2994 94 75 being

156 3042 149 75 repeated
332 3042 55 75 the
409 3042 166 75 following
589 3042 88 75 year,
704 3042 91 75 2000
813 3042 66 75 ripe
904 3042 79 75 fruit
1001 3042 82 75 were
1108 3042 74 75 pro-

1270 201 40 75 A
1428 201 44 75 N
1590 201 52 75 Y.

2196 201 50 75 6s
2259 201 17 75 z

1246 264 141 75 dueed.”
1400 264 48 75 —
1459 264 72 75 Not
1558 264 36 75 to
1621 264 61 75 call
1712 264 153 75 Mylius’s
1893 264 143 75 veracity
2062 264 33 75 in
2120 264 156 75 queftien,

1243 310 48 75 we
1307 310 76 75 ffiall
1400 310 96 75 allow
1523 310 55 75 the
1594 310 64 75 fatt
1677 310 36 75 to
1730 310 38 75 be
1791 310 34 75 as
1841 310 41 75 he
1905 310 57 75 has
1980 310 123 75 related
2124 310 46 75 it:
2205 310 71 75 Ne-

1243 357 171 75 verthelefs
1441 357 26 75 it
1495 357 25 75 is
1547 357 49 75 far
1621 357 84 75 from
1733 357 94 75 being
1853 357 209 75 fatisfattory.
2112 357 111 75 Berlin
2248 357 27 75 is

1242 402 60 75 not
1340 402 57 75 the
1426 402 107 75 native
1564 402 128 75 climate
1725 402 40 75 of
1800 402 198 75 palm-trees.
2071 402 124 75 Mylius
2228 402 48 75 in-

1241 449 101 75 forms
1359 449 50 75 us,
1434 449 71 75 that
1521 449 64 75 this
1599 449 84 75 palm
1700 449 78 75 bore
1794 449 125 75 flowers
1936 449 63 75 and
2015 449 78 75 fruit
2105 449 52 75 for
2173 449 103 75 thirty

1242 496 89 75 years
1348 496 111 75 before
1487 496 56 75 the
1571 496 198 75 experiment
1797 496 64 75 was
1889 496 84 75 tried
1988 496 10 75 ;
2033 496 58 75 but
2118 496 56 75 the
2196 496 81 75 fruit

1241 542 95 75 never
1353 542 88 75 came
1453 542 35 75 to
1505 542 60 75 full
1582 542 164 75 maturity.
1787 542 87 75 Now
1887 542 24 75 it
1929 542 26 75 is
1968 542 73 75 well
2056 542 131 75 known,
2205 542 74 75 that

1242 588 94 75 many
1348 588 110 75 exotic
1475 588 116 75 plants,
1608 588 207 75 particularly
1827 588 90 75 thole
1929 588 40 75 of
1979 588 56 75 the
2051 588 104 75 larger
2167 588 112 75 kinds,,

1241 635 120 75 feldom
1390 635 140 75 produce
1562 635 68 75 ripe
1663 635 79 75 fruit
1773 635 31 75 in
1834 635 18 75 a
1876 635 128 75 climate
2030 635 106 75 which
2166 635 35 75 is^
2219 635 57 75 not

1241 682 137 75 adapted
1391 682 42 75 by
1449 682 111 75 nature
1577 682 51 75 for
1645 682 84 75 their
1751 682 228 75 nourifhment,
2005 682 103 75 unlefs
2129 682 77 75 they
2221 682 54 75 are

1241 728 115 75 aflifted
1372 728 44 75 by
1439 728 146 75 artificial
1602 728 136 75 culture,
1764 728 62 75 and
1842 728 81 75 have
1946 728 110 75 grown
2079 728 33 75 in
2128 728 72 75 that
2217 728 57 75 cli-

1240 774 85 75 mate
1341 774 53 75 for
1409 774 18 75 a
1443 774 91 75 great
1552 774 133 75 number
1707 774 41 75 of
1769 774 104 75 years.
1923 774 154 75 Mylius’s
2105 774 170 75 palm-tree

1240 820 64 75 had
1332 820 123 75 carried
1482 820 112 75 unripe
1618 820 78 75 fruit
1721 820 51 75 for
1795 820 54 75 the
1877 820 89 75 fpace
1987 820 40 75 of
2050 820 101 75 thirty
2169 820 106 75 years.

1240 866 98 75 Now,
1365 866 172 75 according
1553 866 34 75 to
1603 866 55 75 the
1680 866 84 75 ufual
1783 866 109 75 courfe
1909 866 40 75 of
1968 866 140 75 exotics,
2132 866 27 75 it
2175 866 26 75 is
2218 866 58 75 na-

1241 912 81 75 tural
1346 912 35 75 to
1399 912 93 75 think
1509 912 81 75 that,
1615 912 116 75 during
1758 912 43 75 all
1818 912 64 75 this
1911 912 89 75 time,
2026 912 55 75 the
2105 912 77 75 fruit
2208 912 66 75 was

1239 958 96 75 every
1344 958 105 75 feafon
1462 958 128 75 making
1605 958 134 75 gradual
1756 958 156 75 advances
1925 958 140 75 towards
2077 958 172 75 perfettion
2262 958 16 75 r

1239 1004 32 75 It
1288 1004 103 75 might
1414 1004 33 75 fo
1465 1004 56 75 fall
1539 1004 69 75 out,
1633 1004 89 75 then,
1747 1004 71 75 that
1836 1004 32 75 at
1884 1004 55 75 the
1962 1004 78 75 very
2056 1004 105 75 feafon
2179 1004 95 75 when

1241 1051 54 75 the
1324 1051 81 75 male
1433 1051 120 75 branch
1580 1051 65 75 was
1673 1051 175 75 fufpended
1875 1051 77 75 over
1977 1051 55 75 the
2059 1051 128 75 female,
2218 1051 57 75 the

1241 1098 86 75 plant
1356 1098 63 75 had
1435 1098 125 75 arrived
1578 1098 31 75 at
1627 1098 54 75 the
1709 1098 123 75 higheft
1855 1098 116 75 degree
1995 1098 40 75 of
2058 1098 174 75 perfettion
2248 1098 26 75 it

1240 1144 95 75 could
1346 1144 74 75 ever
1437 1144 130 75 acquire
1575 1144 31 75 in
1620 1144 54 75 the
1684 1144 128 75 climate
1824 1144 41 75 of
1875 1144 131 75 Berlin;
2025 1144 63 75 and
2100 1144 40 75 of
2150 1144 123 75 courfe,

1240 1191 55 75 the
1307 1191 176 75 accidental
1496 1191 223 75 circumftance
1731 1191 41 75 of
1781 1191 188 75 fufpending
1985 1191 57 75 the
2053 1191 91 75 male,
2153 1191 119 75 branch

1238 1237 77 75 over
1330 1237 39 75 it,
1395 1237 32 75 at
1455 1237 63 75 this
1548 1237 123 75 critical
1696 1237 125 75 period,
1846 1237 103 75 might
1973 1237 71 75 give
2070 1237 58 75 rife
2156 1237 34 75 to
2216 1237 57 75 the

1237 1285 168 75 deception
1418 1285 41 75 of
1471 1285 188 75 attributing
1676 1285 54 75 the
1747 1285 172 75 perfettion
1932 1285 63 75 and
2010 1285 210 75 fertilization
2236 1285 43 75 of

1237 1329 55 75 the
1313 1329 79 75 fruit
1410 1329 34 75 to
1461 1329 55 75 the
1541 1329 145 75 prefence
1709 1329 41 75 of
1760 1329 54 75 the
1831 1329 83 75 male
1931 1329 131 75 branch.
2110 1329 77 75 The
2208 1329 62 75 cir-

1237 1378 175 75 cumftance
1427 1378 41 75 of
1487 1378 55 75 the
1559 1378 97 75 tree’s
1673 1378 147 75 bringing
1833 1378 89 75 forth
1935 1378 75 75 only
2032 1378 64 75 100
2113 1378 67 75 ripe
2191 1378 80 75 fruit

1235 1422 55 75 the
1307 1422 64 75 firft
1387 1422 88 75 year,
1501 1422 62 75 and
1582 1422 91 75 2000
1693 1422 55 75 the
1759 1422 131 75 fecond,
1914 1422 202 75 remarkably
2139 1422 131 75 favours

1238 1468 62 75 this
1314 1468 135 75 account
1461 1468 40 75 of
1513 1468 55 75 the
1585 1468 128 75 matter.

1284 1516 173 75 However,
1483 1516 39 75 be
1539 1516 65 75 tins
1622 1516 33 75 a?
1671 1516 26 75 it
1713 1516 79 75 will,
1818 1516 55 75 the
1885 1516 198 75 experiment
2099 1516 27 75 is
2143 1516 34 75 fo
2192 1516 80 75 very

1235 1563 167 75 defettive,
1427 1563 70 75 that
1515 1563 41 75 no
1571 1563 177 75 conclufion
1762 1563 57 75 can
1836 1563 39 75 be
1892 1563 111 75 drawn
2021 1563 84 75 from
2124 1563 24 75 it
2166 1563 104 75 either

1236 1607 51 75 for
1304 1607 39 75 or
1358 1607 118 75 againit
1501 1607 55 75 the
1582 1607 109 75 fexual
1717 1607 192 75 hypothefis.
1957 1607 56 75 To
2038 1607 152 75 convince
2207 1607 64 75 any

1235 1654 148 75 thinking
1400 1654 124 75 perfon,
1550 1654 69 75 that
1636 1654 54 75 the
1708 1654 135 75 fertility
1860 1654 40 75 of
1918 1654 64 75 this
2006 1654 66 75 tree
2090 1654 63 75 was
2171 1654 100 75 folely

1235 1700 105 75 owing
1357 1700 35 75 to
1408 1700 85 75 fome
1509 1700 231 75 impregnating
1756 1700 102 75 virtue
1871 1700 130 75 derived
2018 1700 35 75 to
2069 1700 25 75 it
2111 1700 83 75 from
2211 1700 57 75 the

1234 1747 82 75 male
1339 1747 130 75 branch,
1494 1747 19 75 a
1530 1747 119 75 branch
1666 1747 111 75 ffiould
1792 1747 81 75 have
1898 1747 79 75 been
2001 1747 173 75 fufpended
2191 1747 88 75 over,

1234 1793 55 75 the
1305 1793 114 75 female
1436 1793 60 75 one
1514 1793 88 75 year,
1626 1793 143 75 omitted
1778 1793 56 75 the
1851 1793 91 75 next,
1968 1793 62 75 and
2054 1793 33 75 fo
2111 1793 40 75 on
2170 1793 98 75 alter-

1234 1843 107 75 nately
1357 1843 50 75 for
1424 1843 19 75 a
1459 1843 109 75 courfe
1592 1843 40 75 of
1651 1843 104 75 years,
1781 1843 37 75 or
1843 1843 49 75 (as
1909 1843 151 75 Linnteus
2078 1843 106 75 would
2207 1843 61 75 ex-

1235 1886 84 75 prefs
1335 1886 56 75 it),
1416 1886 108 75 giving
1541 1886 58 75 her
1616 1886 23 75 a
1656 1886 141 75 hufband
1821 1886 60 75 one
1905 1886 89 75 year,
2019 1886 62 75 and
2101 1886 166 75 depriving

1233 1931 58 75 her
1312 1931 41 75 of
1371 1931 70 75 that
1464 1931 212 75 gratification
1701 1931 55 75 the
1776 1931 91 75 next:
1924 1931 99 75 After
2048 1931 139 75 treating
2210 1931 67 75 the-

1233 1979 115 75 female
1372 1979 31 75 in
1429 1979 63 75 this
1500 1979 5 75 •
1520 1979 128 75 manner
1672 1979 52 75 for
1748 1979 117 75 feveral
1891 1979 103 75 years,
2019 1979 39 75 if■
2067 1979 26 75 it
2108 1979 65 75 had
2196 1979 70 75 uni-

1233 2024 117 75 formly
1365 2024 177 75 happened,
1568 2024 72 75 that
1667 2024 54 75 the
1748 2024 80 75 fruit
1851 2024 63 75 was
1942 2024 105 75 fertile
2071 2024 96 75 every
2191 2024 86 75 year'

1232 2070 55 75 the
1304 2070 82 75 male
1404 2070 118 75 branch
1541 2070 63 75 was
1622 2070 171 75 fufpended
1810 2070 76 75 over
1909 2070 39 75 it,
1973 2070 72 75 and.
2058 2070 148 75 unfertile
2232 2070 37 75 e-

1233 2116 79 75 very
1328 2116 75 75 year
1425 2116 70 75 that
1517 2116 55 75 the
1588 2116 172 75 fufpenfion
1778 2116 40 75 of
1837 2116 54 75 the
1908 2116 82 75 male
2006 2116 118 75 branch
2142 2116 63 75 was
2229 2116 35 75 o-

1234 2164 125 75 mitted,
1384 2164 77 75 then
1478 2164 115 75 indeed
1610 2164 92 75 there
1717 2164 107 75 would
1840 2164 81 75 have
1943 2164 77 75 been
2043 2164 19 75 a
2077 2164 189 75 foundation

1233 2212 61 75 for'
1294 2212 213 75 concluding,
1532 2212 71 75 that
1620 2212 90 75 there
1727 2212 64 75 was
1810 2212 86 75 fome
1920 2212 183 75 connettion
2121 2212 143 75 between

1234 2256 53 75 the
1310 2256 136 75 fertility
1470 2256 40 75 of
1530 2256 55 75 the
1609 2256 77 75 fruit
1710 2256 62 75 and
1795 2256 54 75 the
1873 2256 146 75 prefence
2041 2256 41 75 of
2106 2256 55 75 the
2184 2256 81 75 male

1232 2303 130 75 branch.
1413 2303 67 75 But
1503 2303 33 75 as
1554 2303 64 75 this
1636 2303 158 75 neceffary
1816 2303 64 75 ftep
1905 2303 62 75 has,
1985 2303 80 75 been
2088 2303 176 75 negletted,

1232 2349 54 75 the
1304 2349 197 75 experiment
1523 2349 27 75 is
1566 2349 203 75 incomplete,
1793 2349 62 75 and
1872 2349 56 75 the
1950 2349 181 75 conclufion
2154 2349 109 75 drawn

1231 2395 83 75 from
1332 2395 25 75 it
1375 2395 153 75 uncandid
1543 2395 62 75 and
1622 2395 218 75 precipitate..

1278 2441 65 75 We
1361 2441 115 75 cannot
1491 2441 155 75 conclude
1663 2441 60 75 our
1738 2441 141 75 remarks
1892 2441 40 75 on
1946 2441 63 75 this
2022 2441 128 75 theory,
2168 2441 93 75 with-

1232 2487 56 75 out
1305 2487 175 75 hazarding
1496 2487 17 75 a
1531 2487 294 75 few-obfervations
1843 2487 40 75 on
1900 2487 56 75 the
1973 2487 86 75 truly
2071 2487 192 75 miraculous
2273 2487 5 75 ,

1233 2539 111 75 effetts
1358 2539 103 75 which
1479 2539 150 75 Linnaeus
1642 2539 133 75 afcribes
1792 2539 35 75 to
1845 2539 55 75 the
1915 2539 101 75 wind;
2061 2539 38 75 In
2113 2539 148 75 account-

1231 2579 53 75 ing
1301 2579 51 75 for
1368 2579 54 75 the
1438 2579 230 75 impregnation
1684 2579 40 75 of
1742 2579 45 75 all
1809 2579 55 75 the
1887 2579 143 75 dioicous
2055 2579 61 75 and
2133 2579 77 75 moft
2227 2579 44 75 of

1231 2627 54 75 the
1302 2627 260 75 hermaphrodite
1585 2627 116 75 plants,
1726 2627 143 75 recourfe
1892 2627 31 75 is.
1943 2627 176 75 conftantly
2139 2627 65 75 had
2225 2627 35 75 to

1232 2673 54 75 the
1302 2673 97 75 wind,
1425 2673 105 75 which
1547 2673 26 75 is
1590 2673 65 75 faid
1670 2673 37 75 to
1723 2673 124 75 convey
1862 2673 54 75 the
1932 2673 107 75 pollen
2056 2673 40 75 of
2104 2673 57 75 the
2178 2673 83 75 male

1232 2719 34 75 to
1283 2719 54 75 the
1354 2719 143 75 ftigmata
1518 2719 39 75 of
1577 2719 55 75 the
1648 2719 127 75 female.
1823 2719 111 75 When
1959 2719 55 75 the
2037 2719 116 75 female
2169 2719 100 75 again,

1231 2766 25 75 is
1270 2766 32 75 at
1318 2766 74 75 fuch
1410 2766 18 75 a
1444 2766 136 75 diftance
1599 2766 33 75 as
1650 2766 35 75 to
1704 2766 113 75 render
1829 2766 60 75 the
1905 2766 140 75 carriage
2060 2766 41 75 of
2118 2766 56 75 the
2190 2766 69 75 pol-

1231 2812 50 75 len
1298 2812 170 75 fufprcious
1477 2812 45 75 or
1531 2812 180 75 impoffible'
1711 2812 10 75 ,
1738 2812 60 75 our
1811 2812 117 75 author
1942 2812 27 75 is
1988 2812 55 75 not
2054 2812 208 75 difcouraged

1230 2858 43 75 by
1288 2858 66 75 this
1369 2858 235 75 circumftance,
1628 2858 58 75 but
1709 2858 192 75 confidently
1926 2858 130 75 affirms,
2080 2858 72 75 that
2167 2858 92 75 Lome

1230 2910 95 75 infett
1346 2910 159 75 has-been
1530 2910 197 75 rummaging
1750 2910 139 75 amongft
1912 2910 55 75 the
1988 2910 133 75 ftamina
2140 2910 40 75 of
2202 2910 57 75 the

1231 2953 93 75 male,
1350 2953 115 75 carries
1482 2953 53 75 off
1553 2953 18 75 a
1587 2953 146 75 quantity
1751 2953 39 75 of
1802 2953 55 75 the
1873 2953 106 75 pollen
1996 2953 153 75 adhering
2164 2953 35 75 to
2215 2953 43 75 its

1230 3000 78 75 legs,
1335 3000 73 75 and,
1434 3000 206 75 unconfcious
1668 3000 40 75 of
1732 3000 41 75 its
1801 3000 144 75 precious
1969 3000 86 75 load,
2081 3000 67 75 flies
2173 3000 97 75 from”

1228 3047 108 75 flower
1352 3047 36 75 to
1404 3047 109 75 flower
1530 3047 48 75 till
1594 3047 27 75 it
1644 3047 117 75 arrives
1784 3047 32 75 at
1840 3047 53 75 the
1918 3047 191 75 unmarried
2129 3047 129 75 female,
2258 3029 11 49 :

2154 3098 122 75 where.
