2477 3395
576 209 235 75 BUB

1123 209 18 75 (
1201 209 84 75 684
1343 209 18 75 )

1719 209 236 75 BUB

220 270 172 75 drawback
408 270 27 75 is
453 270 149 75 allowed.
650 270 176 75 However,
849 270 26 75 it
892 270 26 75 is
935 270 37 75 to
987 270 42 75 be
1047 270 167 75 obferved,

225 318 69 75 that
310 318 129 75 bruihes
452 318 53 75 are
517 318 116 75 among
649 318 56 75 the
722 318 133 75 number
867 318 39 75 of
918 318 101 75 goods
1032 318 183 75 prohibited

224 364 34 75 to
276 364 38 75 be
333 364 173 75 imported.

176 411 258 75 BRUSSELS,
466 411 57 75 the
548 411 115 75 capital
687 411 41 75 of
746 411 55 75 the
826 411 149 75 province
999 411 41 75 of
1057 411 157 75 Brabant,

225 458 62 75 and
303 458 40 75 of
355 458 42 75 all
414 458 55 75 the
485 458 151 75 Auftrian
654 458 232 75 Netherlands.
935 458 33 75 It
983 458 27 75 is
1028 458 136 75 fituated
1176 458 42 75 on

223 505 56 75 the
297 505 83 75 river
397 505 119 75 Senne,
541 505 61 75 and
620 505 27 75 is
663 505 55 75 the
731 505 49 75 fee
798 505 39 75 of
856 505 19 75 a
891 505 128 75 bilhop;
1046 505 60 75 W.
1124 505 90 75 long.

227 550 21 75 4
248 532 20 49 0
282 550 44 75 6',
353 550 62 75 and
432 550 47 75 N.
497 550 60 75 lat.
579 550 60 75 50°
661 550 66 75 jo'.

275 597 31 75 It
323 597 25 75 is
368 597 19 75 a
400 597 106 75 ftrong
523 597 141 75 fortified
681 597 100 75 town,
807 597 63 75 and
886 597 170 75 agreeably
1072 597 146 75 fituated,

225 643 119 75 which,
370 643 154 75 together
536 643 80 75 with
628 643 55 75 the
699 643 159 75 viceroy’s
873 643 170 75 refidence,
1061 643 158 75 occafions

228 690 16 75 a
261 690 90 75 great
367 690 102 75 refort
486 690 40 75 of
545 690 136 75 nobility
696 690 64 75 and
772 690 127 75 gentry.

179 737 182 75 BRUTE,
388 737 38 75 an
444 737 115 75 animal
572 737 117 75 guided
706 737 115 75 mofily
837 737 43 75 by
898 737 85 75 mere
995 737 136 75 inftindt,
1157 737 63 75 and

228 783 230 75 comprehends
476 783 42 75 all
535 783 145 75 animals,
706 783 172 75 excepting
894 783 164 75 mankind.

178 831 221 75 BRUTON,
426 831 18 75 a
460 831 228 75 market-town
705 831 33 75 in
764 831 255 75 Somerfetfhire,
1045 831 97 75 about
1165 831 54 75 ten

228 875 90 75 miles
330 875 176 75 fouth-eaft
522 875 41 75 of
581 875 130 75 Wells;
737 875 62 75 W.
818 875 89 75 long.
927 875 43 75 2°
991 875 67 75 35',
1084 875 63 75 and
1169 875 49 75 N.

228 923 56 75 lat.
303 923 37 75 51
340 905 24 49 0
386 923 54 75 15'
440 923 11 75 .

179 969 62 75 BR
248 969 329 75 VANSBRIDGE,
603 969 18 75 a
637 969 87 75 town
740 969 40 75 of
800 969 138 75 Ireland,
964 969 33 75 in
1019 969 56 75 the
1100 969 119 75 county

226 1017 39 75 of
283 1017 111 75 Clare,
420 1017 62 75 and
494 1017 150 75 province
661 1017 40 75 of
719 1017 209 75 Connaught,
954 1017 133 75 fituated
1103 1017 42 75 on
1164 1017 56 75 the

230 1063 83 75 river
331 1063 165 75 Shannon,
523 1063 97 75 about
636 1063 90 75 eight
742 1063 90 75 miles
844 1063 97 75 north
957 1063 40 75 of
1016 1063 179 75 Limerick.

180 1110 251 75 BRYGMUS,
457 1110 116 75 among
588 1110 187 75 phyficians,
802 1110 18 75 a
832 1110 127 75 grating
971 1110 84 75 noife
1068 1110 92 75 made
1177 1110 43 75 by

229 1156 55 75 the
301 1156 150 75 gnafhing
468 1156 40 75 of
527 1156 102 75 teeth.

181 1203 231 75 BRYONIA,
438 1203 32 75 in
488 1203 131 75 botany,
646 1203 17 75 a
680 1203 98 75 genus
800 1203 40 75 of
859 1203 55 75 the
931 1203 157 75 monoecia
1105 1203 112 75 fynge-

227 1250 82 75 nefia
326 1250 91 75 clafs.
466 1250 77 75 The
559 1250 85 75 cahx
660 1250 40 75 of
713 1250 54 75 the
785 1250 81 75 male
883 1250 58 75 has
957 1250 61 75 five
1033 1250 87 75 teeth
1133 1250 10 75 ;
1162 1250 56 75 ths

229 1296 122 75 corolla
375 1296 27 75 is
427 1296 130 75 divided
582 1296 68 75 into
674 1296 60 75 five
760 1296 178 75 fegments;
965 1296 63 75 and
1053 1296 90 75 there
1166 1296 53 75 are

228 1342 91 75 three
335 1342 169 75 filaments.
552 1342 77 75 The
646 1342 85 75 calix
755 1342 39 75 of
814 1342 54 75 the
895 1342 113 75 female
1031 1342 26 75 is
1080 1342 139 75 likewife

228 1389 151 75 teeihed;
406 1389 56 75 the
486 1389 122 75 corolla
631 1389 58 75 has
714 1389 61 75 five
797 1389 168 75 divifions;
991 1389 56 75 the
1070 1389 97 75 ftylus
1191 1389 26 75 is

228 1435 107 75 trifid;
362 1435 62 75 and
442 1435 54 75 the
523 1435 95 75 berry
634 1435 27 75 is
686 1435 161 75 roundifir,
873 1435 62 75 and
958 1435 143 75 contains
1125 1435 94 75 many

228 1482 100 75 feeds.
377 1482 113 75 There
514 1482 53 75 are
584 1482 47 75 fix
655 1482 116 75 fpecies
794 1482 40 75 of
852 1482 137 75 bryony,
1015 1482 77 75 only
1108 1482 61 75 one
1185 1482 40 75 of

227 1529 119 75 which,
372 1529 70 75 viz.
467 1529 55 75 the
540 1529 84 75 alba,
649 1529 38 75 or
703 1529 98 75 white
818 1529 137 75 bryony,
980 1529 26 75 is
1024 1529 19 75 a
1061 1529 106 75 native
1184 1529 39 75 of

227 1575 139 75 Britain.
415 1575 78 75 The
511 1575 70 75 root
599 1575 25 75 is
643 1575 18 75 a
678 1575 106 75 ftrong
801 1575 168 75 cathartic,
995 1575 74 75 and,
1092 1575 126 75 applied

228 1621 192 75 externally,
446 1621 25 75 is
485 1621 66 75 faid
568 1621 35 75 to
620 1621 39 75 be
675 1621 19 75 a
709 1621 159 75 powerful
884 1621 182 75 difcutient.

182 1670 301 75 B/rfcTBryony.
534 1670 61 75 See
612 1670 155 75 Tamus.

181 1716 187 75 BRYUM,
395 1716 30 75 in
444 1716 132 75 botany,
602 1716 19 75 a
637 1716 97 75 genus
752 1716 41 75 of
811 1716 56 75 the
884 1716 219 75 cryptogamia
1119 1716 97 75 mufci

228 1761 90 75 clafs.
367 1761 77 75 The
470 1761 131 75 anthera
628 1761 25 75 is
680 1761 136 75 covered
836 1761 79 75 with
944 1761 37 75 an
1007 1761 207 75 operculum;

227 1808 55 75 the
298 1808 144 75 calyptra
458 1808 26 75 is
500 1808 140 75 fmooth.
680 1808 114 75 There
807 1808 53 75 are
873 1808 40 75 41
929 1808 131 75 fpecies,
1086 1808 80 75 mod
1182 1808 41 75 of

228 1854 86 75 them
332 1854 121 75 natives
470 1854 40 75 of
528 1854 139 75 Britain.

180 1902 223 75 BUBALIS,
428 1902 31 75 in
478 1902 151 75 zoology,
654 1902 56 75 the
726 1902 107 75 trivial
849 1902 91 75 name
957 1902 40 75 of
1009 1902 56 75 the
1080 1902 135 75 buffalo,

228 1947 17 75 a
261 1947 118 75 fpecies
396 1947 40 75 of
454 1947 56 75 the
526 1947 71 75 bos.
649 1947 61 75 See
726 1947 90 75 Bos,

179 1993 207 75 BUBBLE,
410 1993 33 75 in
460 1993 202 75 philofophy,
688 1993 90 75 fmall
794 1993 97 75 drops
904 1993 37 75 or
957 1993 127 75 veficles
1096 1993 41 75 of
1155 1993 63 75 any

227 2040 78 75 fluid
321 2040 86 75 filled
424 2040 78 75 with
521 2040 57 75 air,
605 2040 61 75 and
682 2040 104 75 either
809 2040 126 75 formed
958 2040 41 75 on
1021 2040 41 75 its
1079 2040 136 75 furface,

227 2086 44 75 by
296 2086 39 75 an
363 2086 145 75 addition
533 2086 40 75 of
592 2086 89 75 more
706 2086 40 75 of
764 2086 56 75 the
845 2086 90 75 fluid,
962 2086 33 75 as
1020 2086 31 75 in
1077 2086 136 75 raining,

229 2133 40 75 <b.
269 2133 21 75 c.
306 2133 11 75 ;
343 2133 37 75 or
396 2133 34 75 in
445 2133 43 75 its
505 2133 173 75 fubftance,
702 2133 44 75 by
763 2133 39 75 an
819 2133 144 75 inteftine
976 2133 122 75 motion
1115 2133 39 75 of
1173 2133 43 75 its

228 2179 191 75 component
435 2179 163 75 particles.
647 2179 144 75 Bubbles
815 2179 54 75 are
893 2179 152 75 dilatable
1069 2179 36 75 or
1128 2179 88 75 com-

229 2225 164 75 preflable,
420 2225 26 75 /.
463 2225 29 75 e.
518 2225 77 75 they
612 2225 74 75 take
703 2225 42 75 up
762 2225 89 75 more
863 2225 38 75 or
916 2225 60 75 lefs
994 2225 103 75 room,
1115 2225 33 75 as
1161 2225 56 75 the

228 2271 150 75 included
402 2271 47 75 air
472 2271 27 75 is
523 2271 89 75 more
637 2271 38 75 or
697 2271 60 75 lefs
782 2271 129 75 heated,
936 2271 37 75 or
998 2271 89 75 more
1104 2271 37 75 or
1156 2271 60 75 lefs

229 2318 121 75 prefled
366 2318 85 75 from
471 2318 150 75 without,
647 2318 63 75 and
734 2318 53 75 are
804 2318 116 75 round,
942 2318 132 75 becaufe
1090 2318 55 75 the
1168 2318 47 75 in-

230 2365 115 75 cluded
362 2365 46 75 air
431 2365 64 75 a&s
512 2365 129 75 equally
654 2365 83 75 from
754 2365 125 75 within,
906 2365 42 75 all
965 2365 133 75 around.

183 2411 169 75 Bubble,
378 2411 31 75 in
433 2411 190 75 commerce,
649 2411 18 75 a
683 2411 73 75 cant
772 2411 82 75 term
877 2411 93 75 given
987 2411 35 75 to
1041 2411 19 75 a
1080 2411 78 75 kind
1182 2411 41 75 of

231 2457 120 75 projecfl
378 2457 52 75 for
456 2457 112 75 raifing
592 2457 40 75 of
650 2457 117 75 money
787 2457 40 75 on
858 2457 178 75 imaginary
1062 2457 154 75 grounds,

231 2504 95 75 much
352 2504 153 75 pradlifed
531 2504 32 75 in
588 2504 122 75 France
735 2504 62 75 and
821 2504 152 75 England
996 2504 33 75 in
1054 2504 55 75 the
1126 2504 92 75 years

236 2553 100 75 1719,
368 2553 100 75 1720,
495 2553 61 75 and
577 2553 101 75 1721.

277 2597 76 75 The
369 2597 149 75 pretence
533 2597 40 75 of
584 2597 90 75 thofe
690 2597 140 75 fchemes
845 2597 67 75 was
927 2597 56 75 the
1000 2597 111 75 raifing
1127 2597 19 75 a
1166 2597 53 75 ca-

233 2643 76 75 pital
327 2643 51 75 for
398 2643 182 75 retrieving,
612 2643 116 75 fetting
756 2643 41 75 on
825 2643 83 75 foot,
933 2643 39 75 or
999 2643 149 75 carrying
1176 2643 42 75 on

231 2689 85 75 feme
332 2689 169 75 promifing
517 2689 61 75 and
596 2689 102 75 ufeful
725 2689 119 75 branch
869 2689 42 75 of
929 2689 103 75 trade,
1056 2689 162 75 manufac-

230 2736 86 75 ture,
343 2736 195 75 machinery,
563 2736 38 75 or
617 2736 56 75 the
692 2736 64 75 like
772 2736 8 75 :
819 2736 57 75 To
898 2736 64 75 this
978 2736 63 75 end
1057 2736 161 75 propofals

231 2783 83 75 were
332 2783 92 75 made
440 2783 68 75 out,
534 2783 137 75 fhewing
682 2783 55 75 the
754 2783 191 75 advantages
962 2783 36 75 to
1025 2783 40 75 be
1087 2783 132 75 derived

231 2829 84 75 from
332 2829 54 75 the
402 2829 225 75 undertaking,
653 2829 62 75 and
734 2829 134 75 inviting
884 2829 128 75 perfons
1034 2829 36 75 to
1097 2829 40 75 be
1164 2829 54 75 en-

232 2875 101 75 gaged
350 2875 31 75 in
398 2875 39 75 it.
485 2875 76 75 The
579 2875 66 75 fum
663 2875 158 75 neceflary
843 2875 34 75 to
892 2875 132 75 manage
1041 2875 55 75 the
1112 2875 105 75 affair,

231 2921 149 75 together
397 2921 77 75 with
493 2921 56 75 the
565 2921 111 75 profits
692 2921 156 75 expected
865 2921 83 75 from
973 2921 38 75 it,
1035 2921 85 75 were
1135 2921 82 75 divi-

230 2967 63 75 ded
310 2967 67 75 into
389 2967 102 75 fhares
509 2967 37 75 or
563 2967 237 75 fubferiptions,
825 2967 36 75 to
878 2967 39 75 be
932 2967 175 75 purchafed
1124 2967 43 75 by
1184 2967 33 75 a-

229 3013 44 75 ny
292 3013 143 75 difpofed
453 3013 35 75 to
504 3013 174 75 adventure
695 3013 137 75 therein.

276 3061 156 75 Bubbles,
458 3061 43 75 by
517 3061 104 75 which
649 3061 58 75 the
733 3061 108 75 public
865 3061 81 75 have
971 3061 81 75 been
1077 3061 138 75 tricked.

1311 274 53 75 are
1380 274 40 75 of
1432 274 65 75 two
1513 274 107 75 kinds,
1645 274 72 75 viz.
1746 274 31 75 1.
1803 274 112 75 Thofe
1931 274 106 75 which
2062 274 48 75 we
2134 274 75 75 may
2223 274 73 75 pro-

1311 321 91 75 perly
1418 321 128 75 enough
1563 321 82 75 term
1657 321 279 75 trading-bubbles
1948 321 10 75 ;
1985 321 75 75 and,
2088 321 32 75 2.
2148 321 101 75 Stock
2266 321 38 75 or

1311 365 244 75 fund-bubbles.
1579 365 78 75 The
1670 365 119 75 former
1802 365 80 75 have
1899 365 79 75 been
1995 365 40 75 of
2046 365 125 75 various
2185 365 92 75 kinds
2290 365 10 75 ;

1313 413 62 75 and
1391 413 56 75 the
1462 413 97 75 latter
1576 413 33 75 at
1625 413 151 75 different
1793 413 104 75 times,
1917 413 33 75 as
1967 413 32 75 in
2023 413 85 75 1719
2121 413 62 75 and
2200 413 101 75 1720.

1265 460 64 75 BU
1336 460 74 75 BO,
1435 460 32 75 in
1485 460 220 75 ornithology,
1732 460 55 75 the
1803 460 106 75 trivial
1926 460 91 75 name
2034 460 40 75 of
2098 460 18 75 a
2133 460 119 75 fpecies
2268 460 41 75 of

1313 506 90 75 ftrix.
1454 506 62 75 Sefe
1542 506 143 75 Srkix.

1266 554 121 75 Bubo,
1413 554 37 75 or
1466 554 150 75 Buboe,
1641 554 33 75 in
1690 554 145 75 furgery,
1861 554 19 75 a
1904 554 131 75 tumour
2062 554 106 75 which
2193 554 107 75 arifes,

1314 599 78 75 with
1410 599 241 75 inflammation,
1676 599 78 75 only
1769 599 32 75 in
1819 599 120 75 certain
1960 599 38 75 or
2025 599 172 75 particular
2214 599 93 75 parts,

1315 646 34 75 to
1367 646 107 75 which
1491 646 80 75 they
1583 646 52 75 are
1648 646 128 75 proper,
1795 646 33 75 as
1841 646 31 75 in
1885 646 56 75 the
1953 646 146 75 arm-pits
2120 646 61 75 and
2197 646 34 75 in
2247 646 55 75 the

1316 691 118 75 groins.
1487 691 61 75 See
1566 691 221 75 Medicine,
1805 691 63 75 and
1888 691 200 75 Surgery.

1266 740 180 75 BUBON,
1472 740 33 75 in
1530 740 133 75 botany,
1689 740 18 75 a
1724 740 98 75 genus
1839 740 41 75 of
1899 740 55 75 the
1971 740 188 75 pentandria
2174 740 131 75 digynia

1312 784 90 75 clafs.
1451 784 77 75 The
1545 784 79 75 fruit
1640 784 26 75 is
1684 784 85 75 oval,
1795 784 141 75 ftriated,
1955 784 62 75 and
2032 784 105 75 hairy.
2186 784 112 75 There

1314 831 52 75 are
1387 831 72 75 four
1484 831 131 75 fpecies,
1641 831 64 75 and
1727 831 84 75 none
1835 831 40 75 of
1902 831 88 75 them
2022 831 122 75 natives
2170 831 40 75 of
2227 831 73 75 Bri-

1313 878 79 75 tain.

1265 924 345 75 BUBONOCELE,
1646 924 38 75 or
1711 924 156 75 Hernia
1897 924 247 75 inguinalis,
2177 924 32 75 in
2234 924 66 75 fur-

1313 969 90 75 gery,
1430 969 17 75 a
1465 969 129 75 tumour
1610 969 32 75 in
1659 969 55 75 the
1731 969 129 75 inguen,
1885 969 126 75 formed
2036 969 42 75 by
2104 969 18 75 a
2139 969 162 75 prolapfus

1313 1016 40 75 of
1365 1016 54 75 the
1442 1016 173 75 inteffines,
1641 1016 176 75 omentum,
1836 1016 36 75 or
1888 1016 94 75 both,
2000 1016 138 75 through
2155 1016 55 75 the
2226 1016 74 75 pro-

1313 1063 94 75 ceffes
1432 1063 39 75 of
1490 1063 57 75 the
1567 1063 221 75 peritonaeum,
1814 1063 63 75 and
1894 1063 84 75 rings
1996 1063 40 75 of
2047 1063 55 75 the
2118 1063 184 75 abdominal

1314 1110 144 75 mufcles.
1510 1110 61 75 See
1591 1110 202 75 Surgery.

1266 1156 275 75 BUBONIUh^I,
1567 1156 32 75 in
1616 1156 132 75 botany,
1767 1156 18 75 a
1800 1156 163 75 fynonime
1979 1156 41 75 of
2030 1156 56 75 the
2097 1156 99 75 inula.
2239 1156 62 75 See

1311 1203 135 75 Inula.

1264 1249 448 75 BUCANEPHYLLON,
1740 1249 32 75 in
1789 1249 131 75 botany,
1946 1249 56 75 the
2023 1249 92 75 name
2131 1249 44 75 by
2195 1249 105 75 which

1314 1295 157 75 Plukenet
1488 1295 77 75 calls
1583 1295 55 75 the
1654 1295 176 75 farracena.
1881 1295 62 75 See
1966 1295 246 75 Sarracena.

1265 1341 269 75 BUCARDIA,
1559 1341 37 75 or
1618 1341 262 75 Bucardit^:,
1913 1341 32 75 in
1970 1341 124 75 natural
2122 1341 131 75 hiffory,
2280 1341 18 75 a

1312 1388 78 75 kind
1406 1388 41 75 of
1458 1388 123 75 figured
1603 1388 115 75 ftones,
1744 1388 125 75 formed
1896 1388 32 75 in
1956 1388 55 75 the
2039 1388 129 75 cavities
2185 1388 40 75 of
2242 1388 56 75 the

1314 1433 105 75 larger
1443 1433 140 75 cockles,
1619 1433 64 75 and
1705 1433 201 75 refembling,
1931 1433 33 75 in
1991 1433 86 75 fome
2101 1433 153 75 meafure,
2280 1433 18 75 a

1312 1480 90 75 heart
1420 1480 32 75 at
1469 1480 104 75 cards.

1265 1527 261 75 BUCARIZA,
1552 1527 19 75 a
1586 1527 88 75 town
1698 1527 40 75 of
1749 1527 55 75 the
1829 1527 153 75 kingdom
2006 1527 40 75 of
2068 1527 171 75 Hungary,
2264 1527 34 75 in

1310 1574 146 75 Croatia,
1481 1574 85 75 upon
1583 1574 56 75 the
1655 1574 149 75 Adriatic
1819 1574 64 75 fea,
1908 1574 32 75 in
1967 1574 20 75 a
2010 1574 76 75 gulf
2108 1574 71 75 that
2207 1574 91 75 takes

1313 1621 54 75 the
1386 1621 84 75 fame
1485 1621 104 75 name.

1263 1667 167 75 BUCCA
1440 1667 135 75 ferrea,
1595 1667 33 75 in
1644 1667 133 75 botany,
1803 1667 18 75 a
1836 1667 92 75 name
1939 1667 93 75 given
2048 1667 45 75 by
2109 1667 137 75 Micheli
2263 1667 35 75 to

1310 1710 56 75 the
1385 1710 113 75 ruppia
1517 1710 40 75 of
1568 1710 165 75 Linnasus.
1784 1710 61 75 See
1865 1710 163 75 Ruppia.

1262 1760 211 75 BUCCAL,
1497 1760 179 75 fomething
1691 1760 172 75 belonging
1879 1760 35 75 to
1941 1760 57 75 the
2021 1760 137 75 cheeks:
2185 1760 109 75 Thus,

1310 1807 54 75 the
1381 1807 112 75 buccal
1510 1807 125 75 glands,
1661 1807 53 75 are
1742 1807 91 75 thofe
1861 1807 159 75 difperfed
2035 1807 76 75 over
2134 1807 55 75 the
2206 1807 90 75 inner

1309 1853 62 75 fide
1387 1853 40 75 of
1437 1853 56 75 the
1509 1853 132 75 cheeks.

1262 1899 340 75 BUCCANEERS,
1628 1899 90 75 thofe
1746 1899 74 75 who
1846 1899 62 75 dry
1933 1899 62 75 and
2022 1899 108 75 fmoke
2157 1899 74 75 fleffi
2259 1899 38 75 or

1311 1946 66 75 filh,
1403 1946 83 75 after
1505 1946 55 75 the
1577 1946 130 75 manner
1723 1946 40 75 of
1775 1946 55 75 the
1847 1946 201 75 Americans.

1357 1991 84 75 This
1458 1991 91 75 name
1565 1991 26 75 is
1608 1991 208 75 particularly
1827 1991 93 75 given
1936 1991 36 75 to
1992 1991 54 75 the
2063 1991 124 75 French
2205 1991 90 75 inha-

1309 2037 120 75 bitants
1447 2037 40 75 of
1499 2037 54 75 the
1570 2037 96 75 ifland
1684 2037 40 75 of
1740 2037 39 75 St
1789 2037 179 75 Domingo,
1985 2037 106 75 whofe
2108 2037 104 75 whole
2229 2037 66 75 em-

1310 2083 164 75 ployment
1489 2083 27 75 is
1544 2083 36 75 to
1596 2083 81 75 hunt
1693 2083 97 75 bulls,
1816 2083 37 75 or
1874 2083 79 75 wild
1971 2083 106 75 boars,
2102 2083 32 75 in
2151 2083 96 75 order
2259 2083 35 75 to

1310 2131 56 75 fell
1382 2131 56 75 the
1450 2131 90 75 hides
1558 2131 40 75 of
1608 2131 55 75 the
1680 2131 132 75 former,
1829 2131 63 75 and
1905 2131 54 75 the
1976 2131 75 75 flefli-
2062 2131 40 75 of
2113 2131 55 75 the
2186 2131 107 75 latter.

1356 2177 77 75 The
1453 2177 189 75 buccaneers
1659 2177 54 75 are
1738 2177 43 75 of
1799 2177 65 75 two
1881 2177 101 75 forts:
2010 2177 75 75 The
2100 2177 194 75 buccaneers

1310 2224 207 75 ox-hunters,
1542 2224 37 75 or
1596 2224 109 75 rather
1719 2224 133 75 hunters
1876 2224 39 75 of
1927 2224 82 75 bulls
2027 2224 62 75 and
2105 2224 85 75 cows
2204 2224 11 75 ;
2233 2224 64 75 and

1310 2271 55 75 the
1388 2271 191 75 buccaneers
1609 2271 239 75 boar-hunters,
1873 2271 74 75 who
1975 2271 54 75 are
2055 2271 111 75 Amply
2192 2271 103 75 called

1310 2317 153 75 hunters;
1490 2317 123 75 though
1631 2317 25 75 it
1672 2317 111 75 feems,
1808 2317 71 75 that
1907 2317 75 75 fuch
2011 2317 19 75 a
2056 2317 92 75 name
2171 2317 40 75 be
2234 2317 61 75 lefs

1310 2363 115 75 proper
1440 2363 35 75 to
1492 2363 88 75 them
1597 2363 76 75 than
1689 2363 56 75 the
1761 2363 141 75 former;
1921 2363 82 75 fince
2014 2363 55 75 the
2081 2363 95 75 latter
2188 2363 108 75 fmoke

1311 2411 61 75 and
1388 2411 62 75 dry
1462 2411 55 75 the
1532 2411 74 75 flelh
1622 2411 40 75 of
1673 2411 76 75 wild
1765 2411 107 75 boars,
1897 2411 106 75 which
2022 2411 26 75 is
2065 2411 149 75 properly
2231 2411 63 75 cal-

1311 2458 53 75 led
1380 2458 241 75 buccaneering,
1639 2458 141 75 whereas
1798 2458 55 75 the
1870 2458 120 75 former
2006 2458 131 75 prepare
2153 2458 77 75 only
2242 2458 54 75 the

1311 2504 105 75 hides,
1441 2504 107 75 which
1566 2504 25 75 is
1608 2504 83 75 done
1710 2504 136 75 without
1862 2504 244 75 buccaneering.

1360 2548 238 75 Buccaneering
1625 2548 25 75 is
1679 2548 19 75 a
1726 2548 82 75 term
1832 2548 94 75 taken
1956 2548 86 75 from
2059 2548 143 75 Buccan,
2237 2548 57 75 the

1311 2597 89 75 place
1423 2597 107 75 where
1547 2597 77 75 they
1651 2597 109 75 fmoke
1787 2597 85 75 their
1887 2597 72 75 flelh
1977 2597 37 75 or
2030 2597 67 75 filh,
2132 2597 84 75 after
2238 2597 56 75 the

1311 2642 129 75 manner
1456 2642 40 75 of
1506 2642 56 75 the
1578 2642 140 75 favages,
1744 2642 40 75 on
1801 2642 18 75 a
1835 2642 90 75 grate
1941 2642 37 75 or
2000 2642 127 75 hurdle,
2151 2642 93 75 made
2260 2642 40 75 of

1311 2690 98 75 Brafil
1430 2690 107 75 wood,
1563 2690 113 75 placed
1690 2690 32 75 in
1745 2690 56 75 the
1825 2690 120 75 fmoke,
1971 2690 19 75 a
2008 2690 214 75 confiderable
2246 2690 48 75 di-

1311 2736 101 75 ftance
1429 2736 85 75 from
1531 2736 55 75 the
1604 2736 76 75 fire:
1717 2736 86 75 This
1831 2736 89 75 place
1944 2736 27 75 is
1996 2736 18 75 a
2040 2736 73 75 hut,
2138 2736 40 75 of
2198 2736 97 75 about

1310 2781 121 75 twenty
1449 2781 62 75 five
1535 2781 38 75 or
1600 2781 103 75 thirty
1730 2781 66 75 feet
1823 2781 32 75 in
1884 2781 260 75 circumference,
2169 2781 43 75 all
2228 2781 66 75 fur-

1311 2828 143 75 rounded
1470 2828 63 75 and
1548 2828 138 75 covered
1702 2828 78 75 with
1797 2828 154 75 palmetto
1965 2828 117 75 leaves.

1265 2874 259 75 Buccaneers
1546 2874 64 75 alfo
1638 2874 114 75 fignify
1779 2874 90 75 thofe
1897 2874 123 75 famous
2038 2874 205 75 adventurers
2261 2874 40 75 of

1313 2922 41 75 all
1372 2922 55 75 the
1443 2922 125 75 nations
1592 2922 32 75 in
1645 2922 143 75 Europe,
1814 2922 75 75 who
1901 2922 69 75 join
1988 2922 148 75 together
2151 2922 35 75 to
2201 2922 95 75 make

1314 2968 65 75 war
1396 2968 118 75 againft
1529 2968 56 75 the
1614 2968 175 75 Spaniards
1802 2968 40 75 of
1858 2968 163 75 America,
2048 2968 132 75 cruifing
2197 2968 98 75 about

1313 3015 32 75 in
1373 3015 187 75 privateers,
1586 3015 35 75 to
1649 3015 74 75 take
1748 3015 43 75 all
1819 3015 55 75 the
1903 3015 107 75 veflels
2027 3015 62 75 and
2106 3015 88 75 fmall
2211 3015 83 75 craft

1312 3062 77 75 they
1406 3062 57 75 can
1480 3062 84 75 meet
1581 3062 91 75 with.

2063 3103 229 75 BUCCARI,
