2498 3377
176 187 20 49 5
196 155 62 75 oo

730 155 41 75 A
885 155 45 75 N
1042 155 42 75 A
1197 155 41 75 T

508 276 86 75 The
625 276 253 75 LARYNX.

223 357 87 75 The
328 357 116 75 larynx
469 357 100 75 forms
587 357 55 75 the
663 357 229 75 protuberance
908 357 31 75 in
957 357 56 75 the
1024 357 101 75 upper
1147 357 63 75 and

178 403 140 75 anterior
327 403 69 75 part
409 403 41 75 of
457 403 54 75 the
521 403 92 75 neck,
627 403 104 75 called
742 403 182 75 commonly
931 403 129 75 powum
1073 403 136 75 Adami.

225 450 30 75 It
272 450 26 75 is
312 450 115 75 chiefly
442 450 92 75 made
551 450 42 75 up
606 450 41 75 of
664 450 62 75 five
737 450 182 75 cartilages,
946 450 71 75 viz,
1043 450 171 75 Cartilago

177 497 179 75 thyroides,
382 497 105 75 which
504 497 26 75 is
548 497 56 75 the
627 497 139 75 anterior
791 497 62 75 and
877 497 136 75 largefl;
1040 497 169 75 cricoides,

177 543 55 75 the
248 543 146 75 inferior,
419 543 64 75 and
499 543 77 75 bafls
593 543 40 75 of
652 543 56 75 the
725 543 79 75 reft;
831 543 65 75 two
913 543 215 75 arytenoides,
1154 543 56 75 the

177 590 153 75 pofterior
347 590 62 75 and
424 590 134 75 fmalleft
570 590 10 75 ;
607 590 63 75 and
679 590 55 75 the
745 590 175 75 epiglottis,
947 590 105 75 which
1069 590 26 75 is
1109 590 100 75 above

178 637 43 75 all
239 637 55 75 the
311 637 73 75 reft.
433 637 110 75 Thefe
560 637 166 75 cartilages
743 637 53 75 are
813 637 172 75 connedled
1001 637 150 75 together
1167 637 44 75 by

176 685 182 75 ligaments,
383 685 62 75 and
461 685 79 75 they
555 685 80 75 have
651 685 140 75 likewife
808 685 146 75 mufcles,
972 685 126 75 glands,
1112 685 98 75 mem-

178 730 125 75 branes,
328 730 62 75 &c.
415 730 173 75 belonging
604 730 34 75 to
655 730 102 75 them.

225 777 77 75 The
313 777 154 75 cartilago
477 777 179 75 thyroidaea
667 777 26 75 is
706 777 87 75 large
810 777 63 75 and
889 777 113 75 broad,
1021 777 62 75 and
1099 777 112 75 folded

178 824 31 75 in
219 824 75 75 fuch
305 824 19 75 a
335 824 130 75 manner
477 824 33 75 as
524 824 33 75 to
569 824 81 75 have
663 824 17 75 a
690 824 212 75 longitudinal
915 824 173 75 convexity
1105 824 41 75 on
1155 824 56 75 the

180 870 146 75 forefide,
351 870 62 75 and
430 870 66 75 two
512 870 112 75 lateral
634 870 155 75 portions,
814 870 107 75 v/hich
938 870 125 75 maybe
1087 870 125 75 termed

179 917 74 75 alee.
301 917 77 75 The
402 917 101 75 upper
519 917 71 75 part
618 917 41 75 of
677 917 42 75 its
744 917 142 75 anterior
903 917 119 75 middle
1039 917 128 75 portion
1183 917 27 75 is

181 962 127 75 formed
324 962 68 75 into
409 962 38 75 an
466 962 131 75 angular
613 962 120 75 notch;
760 962 56 75 the
843 962 101 75 upper
968 962 81 75 edge
1073 962 41 75 of
1132 962 79 75 each

184 1010 51 75 ala
246 1010 109 75 makes
369 1010 38 75 an
421 1010 97 75 arch;
537 1010 75 75 and,
630 1010 150 75 together
797 1010 78 75 with
892 1010 55 75 the
964 1010 120 75 middle
1100 1010 111 75 notch,

180 1057 87 75 thefe
283 1057 66 75 two
375 1057 97 75 edges
501 1057 153 75 referable
679 1057 56 75 the
753 1057 99 75 upper
875 1057 72 75 part
971 1057 40 75 of
1030 1057 40 75 an
1094 1057 55 75 ace
1177 1057 40 75 of

180 1103 123 75 hearts.

229 1151 74 75 The
330 1151 100 75 lower
446 1151 80 75 edge
553 1151 41 75 of
613 1151 77 75 each
714 1151 50 75 ala
791 1151 27 75 is
846 1151 89 75 more
959 1151 92 75 even,
1077 1151 61 75 and
1157 1151 54 75 the

184 1197 153 75 pofterior
353 1197 97 75 edges
466 1197 34 75 ot
514 1197 78 75 both
609 1197 54 75 are
679 1197 226 75 veryfmooth,
932 1197 95 75 being
1044 1197 167 75 lengthen-

182 1242 40 75 ed
249 1242 57 75 out
322 1242 79 75 both
417 1242 103 75 above
547 1242 62 75 and
626 1242 104 75 below
748 1242 43 75 by
813 1242 189 75 apoph’yies,
1027 1242 107 75 which
1159 1242 54 75 are

185 1290 117 75 named
318 1290 56 75 the
389 1290 121 75 cornua
526 1290 41 75 of
585 1290 56 75 the
665 1290 132 75 thyroid
812 1290 164 75 cartilage.

229 1337 76 75 The
339 1337 121 75 cricoid
487 1337 153 75 cartilage
668 1337 167 75 reiembles
861 1337 18 75 a
914 1337 102 75 thick,
1057 1337 156 75 irregular

183 1382 83 75 ting,
291 1382 77 75 very
384 1382 103 75 broad
506 1382 42 75 on
565 1382 61 75 one
643 1382 75 75 fide,
753 1382 62 75 and
831 1382 124 75 narrow
971 1382 41 75 on
1028 1382 57 75 the
1097 1382 114 75 other;

183 1428 38 75 or
236 1428 26 75 it
275 1428 74 75 may
364 1428 39 75 be
416 1428 171 75 compared
599 1428 34 75 to
650 1428 19 75 a
684 1428 89 75 fmall
791 1428 125 75 portion
929 1428 42 75 of
989 1428 18 75 a
1023 1428 89 75 thick
1124 1428 87 75 tube,

183 1476 54 75 cut
254 1476 217 75 horizontally
488 1476 32 75 at
532 1476 60 75 one
608 1476 74 75 end,
709 1476 61 75 and
786 1476 79 75 very
880 1476 164 75 obliquely
1061 1476 32 75 at
1110 1476 55 75 the
1177 1476 35 75 o-

182 1522 85 75 ther.
316 1522 32 75 It
364 1522 26 75 is
408 1522 223 75 diftinguilhed
647 1522 68 75 into
732 1522 18 75 a
763 1522 77 75 bafis
853 1522 61 75 and
931 1522 70 75 top,
1025 1522 69 75 into
1107 1522 39 75 an
1159 1522 53 75 an-

183 1569 111 75 terior,
320 1569 164 75 poftcrior,
510 1569 62 75 and
585 1569 66 75 two
666 1569 114 75 lateral
796 1569 93 75 fides.
937 1569 76 75 The
1029 1569 78 75 bafis
1123 1569 28 75 is
1168 1569 45 75 al-

184 1616 79 75 moft
278 1616 197 75 horizontal,
500 1616 93 75 when
606 1616 49 75 we
678 1616 89 75 ftand
779 1616 10 75 ;
816 1616 62 75 and
894 1616 35 75 to
953 1616 64 75 this
1034 1616 56 75 the
1106 1616 109 75 afpera

185 1663 114 75 artetia
315 1663 27 75 is
359 1663 171 75 connedted
545 1663 10 75 ;
575 1663 33 75 fo
625 1663 71 75 that
713 1663 55 75 the
778 1663 154 75 cricoides
954 1663 73 75 may
1042 1663 40 75 be
1098 1663 119 75 looked

187 1708 85 75 upon
286 1708 33 75 as
337 1708 56 75 the
410 1708 99 75 upper
520 1708 176 75 extrer%ity
711 1708 41 75 of
771 1708 55 75 the
842 1708 143 75 trachea.

232 1756 76 75 The
335 1756 152 75 pofterior
509 1756 128 75 portion
654 1756 40 75 of
713 1756 56 75 the
792 1756 154 75 cricoides
963 1756 27 75 is
1015 1756 107 75 larger
1137 1756 77 75 than

184 1802 56 75 the
257 1802 73 75 reft,
355 1802 63 75 and
434 1802 41 75 its
495 1802 149 75 pofterior
660 1802 37 75 or
720 1802 126 75 convex
862 1802 64 75 fide
943 1802 26 75 is
992 1802 130 75 divided
1139 1802 42 75 by
1197 1802 20 75 a

186 1849 212 75 longitudinal
410 1849 162 75 eminence
596 1849 37 75 or
650 1849 178 75 prominent
844 1849 65 75 line
929 1849 69 75 into
1014 1849 123 75 diftinft
1147 1849 67 75 fur-

186 1895 99 75 faces,
309 1895 53 75 for
380 1895 55 75 the
451 1895 151 75 infertion
627 1895 40 75 of
686 1895 148 75 mufcles.
881 1895 77 75 The
982 1895 57 75 top
1053 1895 28 75 is
1106 1895 111 75 gently

187 1941 107 75 Hoped
311 1941 100 75 above
428 1941 64 75 this
509 1941 179 75 prominent
705 1941 75 75 line,
806 1941 64 75 and
884 1941 184 75 terminates
1085 1941 41 75 on
1139 1941 77 75 each

186 1987 64 75 fide
266 1987 44 75 by
326 1987 19 75 a
361 1987 78 75 kind
446 1987 40 75 of
497 1987 111 75 obtufe
625 1987 105 75 angle,
756 1987 126 75 formed
898 1987 142 75 between
1053 1987 25 75 it
1090 1987 63 75 and
1161 1987 55 75 the

187 2034 131 75 oblique
335 2034 79 75 edge
431 2034 39 75 of
488 2034 76 75 each
583 2034 111 75 lateral
712 2034 128 75 portion
856 2034 40 75 of
915 2034 63 75 this
1003 2034 163 75 cartilage.

234 2081 78 75 The
333 2081 105 75 whole
461 2081 152 75 pofterior
630 2081 63 75 fide
721 2081 26 75 is
764 2081 224 75 diftinguifhed
1003 2081 69 75 into
1088 2081 66 75 two
1170 2081 46 75 la-

188 2127 82 75 teral
298 2127 143 75 portions
465 2127 45 75 by
533 2127 66 75 two
625 2127 180 75 prominent
826 2127 91 75 lines,
947 2127 78 75 each
1049 2127 41 75 of
1108 2127 106 75 which

190 2174 75 75 runs
280 2174 94 75 down
392 2174 110 75 almoft
517 2174 31 75 in
566 2174 18 75 a
599 2174 130 75 ftreight
744 2174 154 75 direction
915 2174 85 75 from
1019 2174 57 75 the
1101 2174 116 75 articu-

190 2219 48 75 lar
261 2219 121 75 furface
399 2219 33 75 at
448 2219 55 75 the
525 2219 69 75 top,
621 2219 19 75 a
656 2219 83 75 little
761 2219 105 75 below
881 2219 57 75 the
957 2219 119 75 middle
1095 2219 40 75 of
1151 2219 67 75 this

190 2267 75 75 fide,
290 2267 106 75 where
411 2267 27 75 it
455 2267 182 75 terminates
656 2267 30 75 in
708 2267 136 75 another
860 2267 150 75 articular
1026 2267 63 75 line
1101 2267 19 75 a
1135 2267 84 75 little

189 2314 162 75 concave;
378 2314 62 75 and
456 2314 75 75 near
547 2314 88 75 thefe
655 2314 74 75 four
745 2314 150 75 articular
910 2314 137 75 furfaces
1060 2314 90 75 there
1167 2314 54 75 are

191 2359 89 75 fmall
297 2359 171 75 tubercles.
516 2359 78 75 The
619 2359 66 75 two
703 2359 141 75 fuperior
860 2359 139 75 furfaces
1028 2359 53 75 are
1098 2359 51 75 for
1166 2359 55 75 the

193 2404 200 75 articulation
407 2404 40 75 of
454 2404 55 75 the
525 2404 199 75 cartilagines
740 2404 220 75 arytenoidsese
972 2404 10 75 ;
1008 2404 64 75 and
1088 2404 55 75 the
1155 2404 66 75 two

193 2453 144 75 inferior,
362 2453 52 75 for
442 2453 55 75 the
522 2453 200 75 articulation
748 2453 40 75 of
807 2453 57 75 the
886 2453 132 75 inferior
1043 2453 118 75 cornua
1184 2453 38 75 or

193 2498 188 75 appendices
392 2498 41 75 of
444 2498 54 75 the
514 2498 153 75 cartilago
679 2498 178 75 thyroides.

240 2545 76 75 The
333 2545 198 75 cartilagines
549 2545 218 75 arytenoidacse
777 2545 53 75 are
846 2545 67 75 two
925 2545 101 75 fmall,
1051 2545 107 75 equal,
1184 2545 38 75 fi-

193 2592 94 75 milar
300 2592 179 75 cartilages,
513 2592 119 75 which,
655 2592 111 75 joined
788 2592 160 75 together,
981 2592 154 75 refemble
1167 2592 56 75 the

195 2638 92 75 fpout
303 2638 39 75 of
361 2638 39 75 an
417 2638 95 75 ewer,
538 2638 61 75 and
615 2638 78 75 they
708 2638 53 75 are
775 2638 135 75 fituated
921 2638 42 75 on
981 2638 55 75 the
1048 2638 57 75 top
1121 2638 40 75 of
1167 2638 56 75 the

196 2685 166 75 cricoides.
411 2685 39 75 In
467 2685 90 75 each,
582 2685 49 75 we
647 2685 73 75 may
736 2685 202 75 confiderthe
956 2685 99 75 bafis;
1081 2685 139 75 cornua;

195 2732 66 75 two
278 2732 92 75 fides,
395 2732 60 75 one
473 2732 151 75 pofterior
640 2732 63 75 and
719 2732 149 75 concave,
893 2732 56 75 the
973 2732 93 75 other
1083 2732 140 75 anterior

198 2779 62 75 and
276 2779 146 75 convex;
449 2779 61 75 and
528 2779 65 75 two
605 2779 108 75 edges,
738 2779 61 75 one
815 2779 147 75 internal,
980 2779 57 75 the
1055 2779 94 75 other
1164 2779 57 75 ex-

197 2825 114 75 ternal,
337 2825 105 75 which
458 2825 27 75 is
501 2825 78 75 very
590 2825 143 75 oblique.
780 2825 77 75 The
869 2825 88 75 bafes
974 2825 53 75 are
1043 2825 102 75 broad
1161 2825 62 75 and

197 2871 102 75 thick,
325 2871 62 75 and
413 2871 81 75 have
521 2871 78 75 each
627 2871 19 75 a
670 2871 136 75 concave
833 2871 151 75 articular
1008 2871 135 75 furface,
1179 2871 44 75 by

198 2918 105 75 which
320 2918 78 75 they
415 2918 53 75 are
482 2918 112 75 joined
607 2918 37 75 10
660 2918 56 75 the
732 2918 169 75 cricoides.

245 2964 76 75 The
338 2964 119 75 cornua
484 2964 54 75 are
563 2964 75 75 bent
666 2964 181 75 backward,
878 2964 62 75 and
964 2964 19 75 a
998 2964 84 75 little
1098 2964 126 75 toward

199 3011 77 75 each
293 3011 106 75 other.

1354 154 39 75 O
1509 154 49 75 M
1673 154 52 75 Y.

2089 154 101 75 Part
2219 154 70 75 VI.

1303 217 79 75 The
1397 217 162 75 epiglottis
1576 217 26 75 is
1628 217 38 75 an
1690 217 108 75 elaftic
1814 217 164 75 cartilage,
2004 217 111 75 nearly
2130 217 42 75 of
2182 217 55 75 the
2252 217 39 75 fi-

1258 264 79 75 gure
1364 264 39 75 of
1423 264 19 75 a
1465 264 134 75 purflain
1622 264 75 75 leaf,
1722 264 127 75 narrow
1865 264 62 75 and
1949 264 91 75 thick
2062 264 34 75 at
2120 264 55 75 the
2191 264 101 75 lower

1260 309 84 75 part,
1370 309 70 75 thin
1457 309 62 75 and
1530 309 127 75 flightly
1674 309 145 75 rounded
1835 309 34 75 at
1884 309 55 75 the
1955 309 101 75 upper
2072 309 83 75 part,
2181 309 111 75 gently

1261 357 125 75 convex
1409 357 42 75 on
1479 357 55 75 the
1563 357 146 75 forefide,
1735 357 59 75 and
1821 357 139 75 concave
1983 357 42 75 on
2049 357 56 75 the
2132 357 160 75 backfide.

1260 403 32 75 It
1316 403 26 75 is
1360 403 133 75 fituated
1509 403 98 75 above
1625 403 56 75 the
1696 403 141 75 anterior
1853 403 37 75 or
1907 403 123 75 convex
2043 403 129 75 portion
2184 403 41 75 of
2237 403 55 75 the

1260 451 155 75 cartilago
1426 451 165 75 thyroides
1603 451 9 75 ;
1640 451 63 75 and
1718 451 41 75 its
1776 451 99 75 lower
1892 451 174 75 extremity
2080 451 27 75 is
2126 451 68 75 tied
2205 451 54 75 .by
2272 451 19 75 a

1259 497 97 75 Ihort.
1390 497 108 75 pretty
1525 497 113 75 broad,
1666 497 63 75 and
1755 497 78 75 very
1850 497 105 75 ftrong
1972 497 167 75 ligament,
2168 497 37 75 to
2233 497 57 75 the

1260 544 119 75 middle
1392 544 97 75 notch
1506 544 41 75 in.
1556 544 54 75 the
1627 544 99 75 upper
1741 544 80 75 edge
1837 544 41 75 of
1896 544 71 75 that
1984 544 163 75 cartilage.
2197 544 32 75 It
2257 544 27 75 is

1261 591 183 75 perforated
1462 591 43 75 by
1520 591 19 75 a
1565 591 90 75 great
1678 591 134 75 number
1839 591 40 75 of
1896 591 103 75 holes,
2022 591 181 75 fomething
2218 591 67 75 like

1261 638 90 75 thole
1377 638 34 75 in
1438 638 56 75 the
1521 638 105 75 leaves
1662 638 40 75 of
1729 638 56 75 the
1812 638 198 75 hypericum,
2043 638 38 75 or
2109 638 40 75 St
2175 638 117 75 John’s

1260 684 113 75 Wort,
1399 684 36 75 w'
1435 684 70 75 hich
1522 684 53 75 are
1599 684 58 75 hid
1680 684 44 75 by
1740 684 57 75 the
1821 684 198 75 membranes
2043 684 71 75 that
2130 684 95 75 cover
2249 684 42 75 its

1260 731 66 75 two
1338 731 90 75 fides.

1306 779 75 75 The
1399 779 153 75 cartilago
1584 779 166 75 thyroides
1767 779 27 75 is
1819 779 174 75 connedted
2008 779 36 75 to
2059 779 56 75 the
2132 779 158 75 cricoides

1260 824 44 75 by
1319 824 119 75 feveral
1455 824 86 75 Ihort
1557 824 106 75 ftrong
1678 824 182 75 ligaments,
1886 824 103 75 round
2000 824 56 75 the
2073 824 219 75 articulations

1259 871 40 75 of
1317 871 56 75 the
1386 871 65 75 two
1467 871 132 75 inferior
1615 871 131 75 cornua,
1764 871 79 75 with
1860 871 55 75 the
1931 871 114 75 lateral
2058 871 150 75 articular
2224 871 66 75 fur-

1259 918 85 75 faces
1361 918 40 75 of
1419 918 56 75 the
1491 918 167 75 cricoides.
1705 918 77 75 The
1808 918 105 75 apices
1929 918 41 75 of
1988 918 55 75 the
2059 918 141 75 fuperior
2216 918 75 75 cor-

1260 965 62 75 nua
1337 965 54 75 are
1407 965 88 75 fixed
1522 965 36 75 to
1573 965 57 75 the
1647 965 153 75 poftcrior
1823 965 199 75 extremities
2050 965 42 75 pf
2114 965 54 75 the
2196 965 91 75 great

1261 1012 119 75 cornua
1395 1012 41 75 of
1454 1012 53 75 the
1525 1012 36 75 os
1589 1012 147 75 hyoides,
1761 1012 44 75 by
1820 1012 134 75 flender,
1979 1012 104 75 round
2105 1012 182 75 ligaments,

1260 1058 98 75 about
1376 1058 18 75 a
1410 1058 134 75 quarter
1560 1058 41 75 of
1620 1058 40 75 an
1675 1058 74 75 inch
1765 1058 33 75 in
1814 1058 124 75 length.

1307 1105 77 75 The
1400 1105 165 75 thyroides
1583 1105 26 75 is
1625 1105 140 75 likewife
1782 1105 174 75 conne&ed
1979 1105 35 75 to
2029 1105 57 75 the
2102 1105 37 75 os
2156 1105 136 75 hyoides

1259 1152 44 75 by
1319 1152 20 75 a
1349 1152 98 75 Ihort,
1472 1152 115 75 broad,
1611 1152 107 75 ftrong
1729 1152 163 75 ligament,
1917 1152 61 75 one
1994 1152 61 75 end
2079 1152 41 75 of
2141 1152 105 75 which
2263 1152 28 75 is

1261 1197 137 75 inferted
1414 1197 30 75 in
1465 1197 56 75 the
1537 1197 142 75 fuperior
1702 1197 99 75 notch
1828 1197 41 75 of
1887 1197 55 75 the
1967 1197 164 75 cartilage,
2157 1197 62 75 and
2236 1197 57 75 the

1260 1244 94 75 other
1369 1244 32 75 in
1419 1244 55 75 the
1490 1244 100 75 lower
1606 1244 81 75 edge
1703 1244 40 75 of
1760 1244 56 75 the
1833 1244 76 75 bafis
1927 1244 40 75 of
1978 1244 55 75 the
2046 1244 93 75 bone.
2191 1244 32 75 It
2232 1244 58 75 has

1260 1290 65 75 alfo
1352 1290 66 75 two
1433 1290 168 75 bgaments
1634 1290 32 75 at
1679 1290 56 75 the
1762 1290 121 75 middle
1909 1290 41 75 of
1968 1290 56 75 the
2051 1290 137 75 concave
2212 1290 96 75 fide,^

1261 1337 104 75 which
1380 1337 116 75 belong
1512 1337 35 75 to
1563 1337 56 75 the
1640 1337 233 75 arytenoidaeae.

1307 1383 77 75 The
1400 1383 155 75 cricoides
1570 1383 27 75 is
1613 1383 67 75 tied
1696 1383 35 75 to
1743 1383 56 75 the
1814 1383 98 75 lower
1922 1383 72 75 p^rt
2005 1383 40 75 of
2056 1383 56 75 the
2123 1383 167 75 thyroides

1261 1429 44 75 by
1322 1429 19 75 a
1356 1429 107 75 ftrong
1479 1429 170 75 ligament;
1675 1429 62 75 and
1754 1429 43 75 by
1809 1429 55 75 the
1872 1429 167 75 ligaments
2058 1429 129 75 already
2203 1429 89 75 men-

1262 1477 121 75 tioned,
1408 1477 35 75 to
1461 1477 55 75 the
1531 1477 134 75 inferior
1677 1477 117 75 cornua
1810 1477 40 75 of
1868 1477 71 75 that
1955 1477 165 75 cartilage.
2169 1477 48 75 Its
2236 1477 54 75 ba-

1262 1523 36 75 fis
1315 1523 27 75 is
1370 1523 88 75 fixed
1484 1523 36 75 to
1543 1523 55 75 the
1614 1523 63 75 firft
1694 1523 226 75 cartilaginous
1936 1523 71 75 ring
2031 1523 40 75 of
2090 1523 54 75 tke
2160 1523 133 75 trachea

1264 1570 127 75 arteria,
1408 1570 45 75 by
1465 1570 18 75 a
1497 1570 152 75 ligament
1660 1570 128 75 exa&ly
1803 1570 65 75 like
1884 1570 91 75 thofe
1990 1570 44 75 by
2049 1570 116 75 which,
2172 1570 55 75 the
2254 1570 36 75 o-

1264 1616 73 75 ther
1354 1616 86 75 rings
1465 1616 53 75 are
1534 1616 173 75 connected
1722 1616 149 75 together
1880 1616 11 75 ;
1917 1616 63 75 and
1995 1616 55 75 the
2067 1616 225 75 membranous

1263 1662 37 75 or
1316 1662 152 75 pofterior
1480 1662 126 75 portion
1623 1662 41 75 of
1681 1662 56 75 the
1749 1662 130 75 trachea
1895 1662 26 75 is
1933 1662 138 75 likewife
2088 1662 89 75 fixed
2189 1662 34 75 to
2234 1662 57 75 the

1264 1709 155 75 pofterior
1435 1709 71 75 part
1522 1709 41 75 of
1582 1709 55 75 the
1654 1709 77 75 bafis
1749 1709 40 75 of
1799 1709 56 75 the
1871 1709 168 75 cricoides.

1309 1756 77 75 The
1398 1756 204 75 cartilagines
1615 1756 219 75 arytenoidrea;
1852 1756 53 75 are
1921 1756 173 75 connected
2106 1756 34 75 to
2158 1756 55 75 the
2229 1756 62 75 cri-

1264 1803 107 75 coides
1402 1803 42 75 by
1460 1803 180 75 ligaments,
1666 1803 106 75 which
1795 1803 157 75 furround
1972 1803 83 75 their
2072 1803 218 75 articulations

1263 1848 79 75 with
1358 1848 54 75 the
1429 1848 56 75 top
1507 1848 41 75 of
1567 1848 71 75 that
1661 1848 165 75 cartilage.
1875 1848 190 75 Anteriorly
2080 1848 56 75 the
2161 1848 78 75 bafis
2257 1848 42 75 of

1264 1895 78 75 each
1360 1895 200 75 arytenoides
1584 1895 26 75 is
1633 1895 87 75 fixed
1746 1895 36 75 to
1806 1895 59 75 one
1890 1895 62 75 end
1979 1895 40 75 of
2039 1895 18 75 a
2082 1895 211 75 iigamentary

1264 1940 90 75 cord,
1380 1940 105 75 which
1501 1940 44 75 by
1560 1940 42 75 its
1618 1940 95 75 other
1729 1940 63 75 end
1803 1940 26 75 is
1842 1940 136 75 inferted
1992 1940 96 75 about
2105 1940 55 75 the
2173 1940 123 75 middle

1264 1988 39 75 of
1315 1988 56 75 the
1386 1988 138 75 concave
1539 1988 64 75 fide
1619 1988 41 75 of
1681 1988 56 75 the
1764 1988 139 75 anterior
1931 1988 126 75 portion
2083 1988 41 75 of
2134 1988 55 75 the
2216 1988 76 75 thy-

1265 2034 117 75 roides.
1432 2034 47 75 At
1495 2034 86 75 their
1602 2034 167 75 infertions
1784 2034 32 75 in
1842 2034 54 75 the
1919 2034 180 75 thyroides,
2122 2034 88 75 thefe
2226 2034 67 75 two

1265 2081 166 75 ligaments
1456 2081 98 75 touch
1576 2081 78 75 each
1679 2081 107 75 other,
1818 2081 57 75 but
1905 2081 19 75 a
1948 2081 88 75 fmall
2061 2081 91 75 fpace
2179 2081 26 75 is
2231 2081 64 75 left

1265 2127 141 75 between
1424 2127 101 75 them,
1550 2127 107 75 where
1685 2127 79 75 they
1785 2127 53 75 are
1854 2127 89 75 fixed
1961 2127 33 75 in
2018 2127 55 75 the
2097 2127 66 75 two
2187 2127 107 75 aryte-

1264 2173 124 75 noides,
1413 2173 64 75 and
1492 2173 80 75 they
1588 2173 82 75 feem
1685 2173 139 75 likewife
1839 2173 36 75 to
1897 2173 80 75 have
2002 2173 18 75 a
2036 2173 87 75 final!
2148 2173 151 75 adhefioa

1265 2221 34 75 to
1316 2221 54 75 the
1387 2221 57 75 top
1461 2221 39 75 of
1518 2221 56 75 the
1591 2221 167 75 cricoides.
1804 2221 86 75 This
1907 2221 26 75 is
1950 2221 88 75 what
2060 2221 28 75 is
2115 2221 104 75 called
2239 2221 57 75 the

1258 2266 135 75 glottis.

1314 2313 115 75 Under
1456 2313 89 75 thefe
1571 2313 66 75 two
1663 2313 210 75 ligamentary
1889 2313 94 75 cords
1998 2313 92 75 there
2107 2313 53 75 are
2176 2313 66 75 two
2258 2313 37 75 o-

1267 2360 100 75 thers,
1385 2360 104 75 which
1499 2360 59 75 run
1568 2360 137 75 likewife
1717 2360 85 75 from
1817 2360 119 75 behind
1952 2360 154 75 forward.
2156 2360 78 75 The
2246 2360 48 75 in-

1269 2407 123 75 terftice
1409 2407 144 75 between
1573 2407 56 75 the
1645 2407 139 75 fuperior
1811 2407 62 75 and
1891 2407 131 75 inferior
2040 2407 93 75 cords
2158 2407 42 75 on
2217 2407 80 75 each

1269 2453 63 75 fide
1360 2453 84 75 form
1467 2453 18 75 a
1501 2453 172 75 tranfverfe
1689 2453 117 75 fiffure,
1830 2453 106 75 which
1952 2453 28 75 is
1996 2453 56 75 the
2075 2453 138 75 opening
2228 2453 40 75 of
2277 2453 21 75 a

1269 2500 91 75 fmall
1384 2500 198 75 membranes
1608 2500 73 75 bag,
1713 2500 57 75 the
1789 2500 127 75 bottom
1943 2500 40 75 of
2002 2500 106 75 which
2132 2500 27 75 is
2181 2500 118 75 turned

1270 2546 157 75 outward,
1446 2546 69 75 that
1531 2546 39 75 is,
1583 2546 190 75 towardqhe
1785 2546 50 75 ala
1847 2546 40 75 of
1894 2546 55 75 the
1960 2546 181 75 thyroides.
2187 2546 110 75 Thefe

1270 2591 65 75 two
1352 2591 113 75 facculi
1481 2591 54 75 are
1558 2591 117 75 chiefly
1690 2591 127 75 formed
1843 2591 44 75 by
1904 2591 19 75 a
1946 2591 217 75 continuation
2191 2591 40 75 of
2241 2591 57 75 the

1269 2640 134 75 internal
1420 2640 181 75 membrane
1618 2640 40 75 of
1677 2640 56 75 the
1748 2640 131 75 larynx,
1904 2640 62 75 and
1988 2640 55 75 the
2070 2640 91 75 inner
2175 2640 123 75 furface

1269 2687 41 75 of
1320 2687 84 75 their
1416 2687 125 75 bottom
1558 2687 129 75 appears
1704 2687 179 75 fometimes
1895 2687 35 75 to
1947 2687 38 75 be
2001 2687 201 75 glandulous.

1318 2733 54 75 On
1395 2733 55 75 the
1467 2733 139 75 anterior
1633 2733 122 75 furface
1782 2733 40 75 of
1840 2733 56 75 the
1923 2733 168 75 arytenoid
2119 2733 180 75 cartilages,

1270 2779 90 75 there
1376 2779 27 75 is
1420 2779 19 75 a
1453 2779 88 75 fmall
1563 2779 171 75 depreffion
1750 2779 144 75 between
1910 2779 55 75 th?
1981 2779 79 75 bafis
2077 2779 62 75 and
2151 2779 54 75 the
2222 2779 77 75 con-

1268 2825 65 75 vex
1349 2825 98 75 upper
1463 2825 84 75 part.
1593 2825 85 75 This
1689 2825 173 75 depreflion
1879 2825 27 75 is
1917 2825 88 75 filled
2016 2825 43 75 by
2075 2825 19 75 a
2110 2825 190 75 glandulous

1269 2873 99 75 body,
1394 2873 105 75 which
1516 2873 57 75 not
1585 2873 76 75 only
1676 2873 112 75 covers
1808 2873 55 75 the
1879 2873 138 75 anterior
2032 2873 122 75 furface
2171 2873 40 75 of
2221 2873 80 75 each

1270 2917 214 75 arytenoides,
1508 2917 58 75 but
1593 2917 26 75 is
1647 2917 138 75 likewife
1809 2917 162 75 extended
1986 2917 141 75 forward
2144 2917 84 75 from
2244 2917 55 75 the

1270 2966 77 75 bafis
1364 2966 76 75 over
1455 2966 56 75 the
1527 2966 153 75 pofterior
1698 2966 175 75 extremity
1889 2966 41 75 of
1940 2966 55 75 the
2013 2966 232 75 neighbouring
2260 2966 40 75 li-

1268 3011 185 75 gamentary
1468 3011 90 75 cord.

2220 3050 77 75 The
