2517 3387
619 174 38 75 B
716 174 42 75 O
815 174 37 75 R

1167 174 19 75 (
1247 174 13 75 (

207 246 319 75 BOQUEROON,
552 246 38 75 an
607 246 98 75 ifland
721 246 31 75 in
770 246 55 75 the
850 246 44 75 E.
911 246 115 75 Indian
1043 246 110 75 ocean,
1186 246 51 75 ly-

254 292 53 75 ing
325 292 175 75 north-eaft
517 292 39 75 of
570 292 141 75 Borneo,
736 292 31 75 in
785 292 47 75 N.
850 292 58 75 lat.
929 292 16 75 3
945 274 25 49 0
970 292 15 75 .

207 338 316 75 BOQUINIANS,
548 338 30 75 in
597 338 269 75 church-hirtory,
892 338 18 75 a
937 338 62 75 fe<5t
1026 338 40 75 of
1089 338 150 75 heretics,

253 386 33 75 fo
314 386 102 75 called
441 386 85 75 from
551 386 168 75 Boquinus
744 386 84 75 their
854 386 149 75 founder,
1028 386 74 75 who
1126 386 115 75 tanght

256 432 72 75 that
343 432 107 75 Clirift
468 432 55 75 did
540 432 57 75 not
617 432 53 75 die
687 432 51 75 for
754 432 42 75 all
813 432 164 75 mankind,
1003 432 58 75 but
1084 432 77 75 only
1190 432 51 75 for

254 479 54 75 the
334 479 145 75 faithful,
505 479 64 75 and
595 479 229 75 confequently
851 479 65 75 was
941 479 77 75 only
1034 479 19 75 a
1068 479 173 75 particular

254 525 148 75 Saviour.

207 573 146 75 BORA,
377 573 33 75 in
427 573 124 75 natural
567 573 133 75 hiftory,
727 573 18 75 a
760 573 91 75 name
868 573 76 75 ufed
958 573 43 75 by
1015 573 84 75 fome
1118 573 49 75 for
1185 573 56 75 the

253 618 181 75 Bufonites.
479 618 63 75 See
562 618 245 75 Bufonites.

207 666 219 75 BORAGO,
451 666 31 75 in
500 666 133 75 botany,
659 666 18 75 a
694 666 162 75 fynonime
873 666 40 75 of
924 666 55 75 the
994 666 148 75 anchufa.
1180 666 61 75 See

255 712 215 75 Anchusa."

205 758 179 75 BORAK,
410 758 17 75 a
444 758 147 75 fabulous
610 758 127 75 animal,
763 758 66 75 faid
846 758 34 75 to
902 758 39 75 be
959 758 40 75 of
1010 758 18 75 a
1045 758 120 75 middle
1186 758 54 75 na-

253 805 72 75 ture
348 805 144 75 between
510 805 38 75 an
566 805 47 75 afs
630 805 61 75 and
709 805 18 75 a
750 805 97 75 mule,
874 805 64 75 and
963 805 35 75 to
1021 805 81 75 have
1119 805 123 75 carried

253 851 185 75 Mahomet'
438 851 36 75 in
499 851 49 75 his
574 851 95 75 aerial
682 851 154 75 journeys
861 851 85 75 from
975 851 175 75 Jerufalem
1172 851 69 75 into

208 872 4 104 ■
253 898 135 75 heaven.

206 943 261 75 BORASSUS,
492 943 33 75 in
542 943 132 75 botany,
698 943 19 75 a
734 943 98 75 genus
847 943 173 75 belonging
1032 943 34 75 to
1079 943 55 75 the
1146 943 96 75 Order

253 991 39 75 of
311 991 111 75 palmse
439 991 216 75 flabellifoliae.
704 991 76 75 The
797 991 152 75 boraffus,
975 991 40 75 of
1027 991 105 75 which
1150 991 90 75 there

254 1039 25 75 is
303 1039 57 75 but
388 1039 61 75 ope
476 1039 130 75 fpecies,
632 1039 56 75 has
711 1039 161 75 palmated
900 1039 63 75 and
985 1039 120 75 plaited
1121 1039 118 75 leaves,

254 1085 62 75 and
330 1085 27 75 is
375 1085 18 75 a
409 1085 106 75 native
531 1085 40 75 of
582 1085 104 75 India.

206 1131 180 75 BORAX,
412 1131 57 75 the
484 1131 92 75 name
599 1131 40 75 of
661 1131 19 75 a
707 1131 97 75 faline
821 1131 160 75 fubftaoce
996 1131 140 75 brought
1157 1131 83 75 from

254 1178 55 75 the
321 1178 41 75 E.
378 1178 106 75 Indies
501 1178 32 75 in
551 1178 86 75 large
654 1178 121 75 maffes,
801 1178 169 75 compofed
981 1178 106 75 partly
1102 1178 41 75 of
1154 1178 88 75 large

255 1223 141 75 cryftals,
416 1223 63 75 T>ut
496 1223 113 75 chiefly
625 1223 40 75 of
676 1223 125 75 fmaller
818 1223 90 75 ones,
931 1223 108 75 partly
1057 1223 99 75 white
1179 1223 62 75 and

254 1270 106 75 partly
377 1270 107 75 green,
505 1270 112 75 joined
635 1270 159 75 together,
821 1270 33 75 as
871 1270 25 75 it
914 1270 96 75 were,
1035 1270 43 75 by
1095 1270 19 75 a
1130 1270 111 75 greafy

255 1317 116 75 yellow
387 1317 174 75 fubftance,
578 1317 225 75 intermingled
818 1317 79 75 with
915 1317 88 75 fand,
1022 1317 88 75 fmall
1124 1317 114 75 /tones,

256 1363 61 75 i*ml
341 1363 93 75 other
451 1363 188 75 impurities.
689 1363 78 75 The
780 1363 93 75 purer
886 1363 142 75 cryftals,
1053 1363 140 75 expofed
1206 1363 35 75 to

254 1410 56 75 the
327 1410 68 75 fire,
421 1410 78 75 melt
514 1410 69 75 into
600 1410 18 75 a
633 1410 80 75 kind
735 1410 41 75 of
787 1410 94 75 glafs,
906 1410 107 75 which
1030 1410 26 75 is
1074 1410 167 75 neverthe-

253 1456 59 75 lefs
328 1456 120 75 foluble
464 1456 32 75 in
514 1456 111 75 water.

301 1503 85 75 This
414 1503 71 75 fait,
514 1503 152 75 diffolved
695 1503 64 75 and
786 1503 200 75 cryftalized,
1023 1503 100 75 forms
1152 1503 89 75 frriall

255 1548 195 75 tianfparent
473 1548 122 75 mafies.
656 1548 78 75 The
761 1548 104 75 origin
893 1548 39 75 of
955 1548 64 75 this
1047 1548 59 75 fait
1133 1548 26 75 is
1184 1548 57 75 not

254 1595 115 75 known
382 1595 11 75 ;
435 1595 59 75 but
518 1595 216 75 experiments
751 1595 81 75 have
848 1595 121 75 clearly
984 1595 117 75 fhewn,
1128 1595 70 75 that
1215 1595 25 75 it

256 1642 125 75 confifts
399 1642 41 75 of
452 1642 18 75 a
485 1642 61 75 fixt
563 1642 134 75 alkaline
715 1642 71 75 fait,
812 1642 56 75 the
884 1642 82 75 fame
983 1642 79 75 with
1090 1642 55 75 the
1162 1642 77 75 bafis

254 1689 41 75 of
317 1689 139 75 fea-falt,
482 1689 31 75 in
530 1689 86 75 fome
632 1689 116 75 degree
764 1689 192 75 neutralifed
972 1689 44 75 by
1033 1689 134 75 another
1190 1689 48 75 fa-

254 1736 63 75 line
336 1736 174 75 fubflance,
536 1736 106 75 which
658 1736 27 75 is
714 1736 154 75 fuppofed
895 1736 36 75 to
954 1736 81 75 exilt
1062 1736 43 75 no
1132 1736 108 75 where

256 1782 58 75 but
330 1782 33 75 in
382 1782 103 75 borax
500 1782 99 75 itfelf.

301 1829 76 75 The
394 1829 134 75 medical
547 1829 117 75 virtues
682 1829 40 75 of
732 1829 106 75 borax
854 1829 54 75 are
933 1829 84 75 little
1033 1829 118 75 known
1164 1829 8 75 :
1200 1829 39 75 In

256 1876 91 75 dofes
370 1876 40 75 of
420 1876 74 75 half
505 1876 19 75 a
539 1876 90 75 dram
653 1876 35 75 to
704 1876 66 75 two
785 1876 152 75 fcruples,
954 1876 26 75 it
992 1876 27 75 is
1035 1876 153 75 fuppofed
1205 1876 35 75 to

256 1923 39 75 be
311 1923 150 75 diuretic,
487 1923 261 75 emmenagogue,
773 1923 62 75 and
862 1923 19 75 a
908 1923 164 75 promoter
1099 1923 40 75 of
1161 1923 79 75 deli-

257 1969 88 75 very.

210 2014 264 75 BORBONIA,
498 2014 34 75 in
548 2014 132 75 botany,
706 2014 18 75 a
740 2014 98 75 genus
855 2014 40 75 of
906 2014 57 75 the
979 2014 181 75 diadelphia
1184 2014 56 75 de-

258 2062 128 75 candria
401 2062 89 75 clafs.
541 2062 76 75 The
634 2062 85 75 calix
735 2062 28 75 is
781 2062 131 75 pointed
929 2062 60 75 and
1008 2062 146 75 prickly;
1179 2062 62 75 and

258 2109 55 75 the
340 2109 121 75 ftygma
480 2109 26 75 is
534 2109 229 75 emarginated.
811 2109 113 75 There
940 2109 53 75 are
1010 2109 46 75 lix
1073 2109 116 75 fpecies
1205 2109 42 75 of

256 2151 166 75 borbonia,
440 2151 149 75 which-is
607 2151 18 75 a
641 2151 78 75 kind
736 2151 40 75 of
787 2151 127 75 broom,
941 2151 42 75 all
1000 2151 121 75 natives
1139 2151 39 75 of
1190 2151 50 75 A-

260 2202 118 75 merica

209 2246 322 75 BORBORITES,
556 2246 32 75 in
606 2246 268 75 church-hiftory,
900 2246 18 75 a
944 2246 62 75 feft
1031 2246 40 75 of
1093 2246 147 75 gnoftics,

257 2292 32 75 in
304 2292 56 75 the
376 2292 118 75 fecond
515 2292 146 75 century,
686 2292 87 75 who,
798 2292 119 75 befides
930 2292 181 75 embracing
1124 2292 54 75 the
1191 2292 50 75 er-

256 2342 70 75 rors
342 2342 40 75 of
394 2342 85 75 thefe
495 2342 152 75 heretics,
671 2342 116 75 denied
803 2342 55 75 the
874 2342 58 75 laft
944 2342 185 75 judgment.

301 2386 106 75 Their
431 2386 90 75 pame
546 2386 106 75 comes
677 2386 86 75 from
787 2386 56 75 the
871 2386 125 75 Greek,
1027 2386 213 75 [Borborof^,

249 2435 91 75 filth,
358 2435 41 75 on
417 2435 134 75 account
567 2435 42 75 of
623 2435 18 75 a
656 2435 119 75 cuftom
791 2435 78 75 they
881 2435 64 75 had
956 2435 40 75 of
1007 2435 139 75 daubing
1158 2435 85 75 their

260 2481 87 75 faces,
361 2481 61 75 and
439 2481 110 75 bodies
567 2481 78 75 with
662 2481 65 75 dirt
747 2481 63 75 and
827 2481 83 75 filth.

211 2529 177 75 BORCH,
415 2529 18 75 a
449 2529 86 75 town
552 2529 39 75 of
603 2529 99 75 lower
721 2529 144 75 Saxony,
890 2529 31 75 in
939 2529 180 75 Germany,
1145 2529 98 75 about

259 2572 146 75 fourteen
422 2572 92 75 miles
531 2572 175 75 north-eaft
722 2572 40 75 of
772 2572 227 75 Magdeburg:
1018 2572 44 75 E.
1075 2572 89 75 long.
1183 2572 38 75 12
1221 2554 19 49 0

265 2620 77 75 14',
368 2620 46 75 N.
433 2620 57 75 lat.
514 2620 39 75 52
553 2602 20 49 0
594 2620 54 75 25'
648 2620 12 75 .

213 2665 317 75 BORCHLEON,
552 2665 37 75 or
605 2665 148 75 Loots,
779 2665 18 75 a
813 2665 85 75 town
916 2665 40 75 of
967 2665 55 75 the
1038 2665 156 75 bilhopric
1206 2665 41 75 of

260 2712 103 75 Liege
379 2712 32 75 in
429 2712 179 75 Germany,
634 2712 96 75 about
757 2712 111 75 fifteen
895 2712 91 75 miles
1003 2712 187 75 north-weft
1207 2712 40 75 of

261 2760 55 75 the
333 2760 66 75 city
415 2760 39 75 of
467 2760 101 75 Liege
583 2760 8 75 :
624 2760 43 75 E.
688 2760 88 75 long.
797 2760 16 75 5
813 2742 24 49 0
859 2760 54 75 30'
913 2760 12 75 ,
950 2760 48 75 N.
1016 2760 57 75 lat.
1095 2760 58 75 50°
1174 2760 54 75 50'
1228 2760 12 75 .

213 2804 217 75 BORDAT,
459 2804 32 75 in
508 2804 189 75 commerce,
723 2804 18 75 a
756 2804 89 75 fraall
872 2804 125 75 narrow
1024 2804 85 75 fluff,
1134 2804 106 75 which

258 2853 25 75 is
301 2853 238 75 manufadured
551 2853 31 75 in
595 2853 84 75 fome
691 2853 87 75 parts
791 2853 38 75 of
840 2853 124 75 Egypt,
989 2853 207 75 particularly
1209 2853 33 75 at

260 2899 109 75 Cairo,
396 2899 33 75 at
443 2899 209 75 Alexandria,
679 2899 61 75 and
757 2899 163 75 Damieta.

211 2944 214 75 BORDER,
450 2944 33 75 in
501 2944 184 75 gardening,
710 2944 26 75 is
759 2944 92 75 made
879 2944 35 75 to
935 2944 118 75 inclofe
1069 2944 171 75 parterres,

258 2990 70 75 that
346 2990 76 75 they
438 2990 73 75 may
528 2990 56 75 not
605 2990 39 75 be
661 2990 126 75 injured
803 2990 43 75 by
862 2990 140 75 walking
1018 2990 33 75 in
1068 2990 101 75 them.

304 3036 140 75 Borders
458 3036 52 75 are
522 3036 93 75 made
631 3036 101 75 either
751 3036 148 75 circular,
916 3036 99 75 ftrait,
1035 3036 36 75 or
1084 3036 34 75 in
1130 3036 111 75 cants;

1278 177 47 75 22
1386 177 19 75 )

1715 177 234 75 BOR

1334 246 61 75 and
1412 246 53 75 are
1481 246 118 75 turned
1620 246 69 75 into
1702 246 109 75 knots,
1837 246 124 75 fcrolls,
1987 246 138 75 volutes,
2151 246 61 75 and
2230 246 92 75 other

1337 295 271 75 compartiments.
1656 295 100 75 They
1779 295 54 75 are
1850 295 156 75 rendered
2021 295 79 75 very
2126 295 197 75 ornamental

1337 339 44 75 by
1397 339 57 75 the
1471 339 138 75 flowers,
1633 339 122 75 fhrubs,
1780 339 100 75 yews,
1906 339 66 75 <bc.
1998 339 69 75 that
2092 339 53 75 are
2167 339 102 75 raifed
2291 339 32 75 in

1338 386 100 75 them.
1486 386 100 75 They
1608 386 53 75 are
1689 386 118 75 always
1829 386 65 75 laid
1919 386 78 75 with
2025 386 18 75 a
2072 386 90 75 fiiarp
2181 386 92 75 rifing
2289 386 32 75 in

1337 433 55 75 the
1414 433 120 75 middle
1546 433 10 75 ;
1593 433 146 75 becaufe,
1764 433 31 75 if
1813 433 78 75 they
1919 433 53 75 are
2000 433 67 75 flat,
2094 433 77 75 they
2188 433 54 75 are
2266 433 57 75 no-

1337 481 87 75 ways
1441 481 165 75 agreeable
1619 481 35 75 to
1666 481 54 75 die
1733 481 58 75 eye
1803 481 9 75 :
1832 481 77 75 And
1933 481 33 75 as
1991 481 52 75 for
2066 481 83 75 their
2173 481 150 75 breadth,

1338 525 56 75 the
1410 525 114 75 largeft
1544 525 53 75 are
1614 525 136 75 allowed
1767 525 61 75 five
1852 525 38 75 or
1907 525 47 75 fix
1979 525 78 75 feet,
2083 525 62 75 and
2162 525 56 75 the
2235 525 89 75 lefier

1338 572 182 75 commonly
1536 572 86 75 four.
1670 572 113 75 There
1799 572 53 75 are
1865 572 74 75 four
1954 572 94 75 forts,
2079 572 158 75 i.Thofe
2249 572 74 75 con-

1338 619 109 75 tinued
1464 619 96 75 about
1579 619 169 75 parterres,
1774 619 137 75 without
1928 619 60 75 any
2015 619 224 75 interruption.
2290 619 33 75 2.

1338 665 110 75 Thofe
1470 665 55 75 cut
1550 665 69 75 into
1646 665 259 75 compartiments
1923 665 62 75 and
2002 665 189 75 convement
2207 665 116 75 diftan-

1338 711 52 75 ces
1408 711 42 75 by
1466 711 89 75 fmall
1574 711 155 75 paflages;
1749 711 88 75 thefe
1852 711 66 75 two
1935 711 53 75 are
2004 711 101 75 raifed
2120 711 33 75 in
2170 711 55 75 the
2242 711 81 75 mid-

1337 756 65 75 dle,
1429 756 61 75 and
1507 756 142 75 adorned
1668 756 75 75 with
1761 756 125 75 flowers
1908 756 63 75 and
1997 756 124 75 fhrubs.
2172 756 33 75 3.
2230 756 93 75 Even

1337 803 60 75 and
1415 803 55 75 flat
1486 803 90 75 ones,
1602 803 137 75 without
1763 803 139 75 flowers.
1952 803 90 75 And,
2069 803 33 75 4-
2121 803 102 75 Quite
2239 803 85 75 plain

1337 850 144 75 borders,
1507 850 76 75 only
1599 850 128 75 fanded,
1753 850 33 75 as
1804 850 31 75 in
1853 850 157 75 parterres
2027 850 40 75 of
2079 850 173 75 orangery.

1290 897 234 75 BORD-yLf,*.
1575 897 61 75 See
1659 897 115 75 Free.

1325 943 279 75 OKTi-halfpenny,
1629 943 18 75 a
1674 943 89 75 fmall
1791 943 72 75 toll,
1890 943 43 75 by
1960 943 118 75 cuftom
2107 943 74 75 paid
2204 943 35 75 to
2266 943 55 75 the

1337 990 72 75 lord
1425 990 40 75 of
1476 990 55 75 the
1548 990 87 75 town
1652 990 51 75 for
1720 990 115 75 fetting
1853 990 41 75 up
1911 990 127 75 boards,
2057 990 115 75 tables,
2190 990 132 75 booths,

1339 1037 63 75 &c.
1429 1037 30 75 in
1478 1037 76 75 fairs
1578 1037 63 75 and
1660 1037 151 75 markets.

1289 1083 236 75 Bord-/««(//,
1551 1083 55 75 the
1636 1083 162 75 demefnes
1822 1083 105 75 which
1955 1083 88 75 lords
2071 1083 81 75 keep
2179 1083 32 75 in
2238 1083 85 75 their

1336 1129 102 75 hands
1455 1129 52 75 for
1523 1129 56 75 the
1596 1129 217 75 maintenance
1828 1129 40 75 of
1881 1129 83 75 their
1981 1129 100 75 board
2098 1129 38 75 or
2152 1129 116 75 table.'

1288 1175 210 75 Bord-Z^i?,
1526 1175 148 75 afervice
1691 1175 148 75 required
1857 1175 39 75 of
1904 1175 126 75 tenants
2048 1175 34 75 to
2098 1175 92 75 carry
2207 1175 116 75 timber

1337 1221 55 75 out
1409 1221 40 75 of
1460 1221 55 75 the
1532 1221 110 75 woods
1662 1221 41 75 of
1724 1221 57 75 the
1797 1221 72 75 lord
1887 1221 35 75 to
1938 1221 50 75 his
2005 1221 109 75 houfe.
2165 1221 32 75 It
2213 1221 25 75 is
2256 1221 67 75 alfo

1336 1268 76 75 ufed
1427 1268 35 75 to
1478 1268 115 75 fignify
1621 1268 55 75 the
1704 1268 148 75 quantity
1880 1268 40 75 of
1942 1268 156 75 provifion
2128 1268 36 75 w'
2164 1268 68 75 hich
2263 1268 56 75 the

1336 1313 139 75 bordarii
1493 1313 38 75 or
1547 1313 152 75 bordmen
1718 1313 73 75 paid
1809 1313 48 75 for
1874 1313 83 75 their
1974 1313 81 75 bord
2073 1313 102 75 lands.

1285 1360 263 75 BoRD-y>/-t>/«’,
1574 1360 55 75 the
1646 1360 110 75 tenure
1768 1360 40 75 of
1819 1360 202 75 bord-lands,
2040 1360 41 75 by
2104 1360 105 75 which
2232 1360 87 75 fome

1334 1407 90 75 lands
1441 1407 32 75 in
1490 1407 118 75 certain
1626 1407 105 75 places
1751 1407 54 75 are
1821 1407 74 75 held
1913 1407 40 75 of
1974 1407 55 75 the
2047 1407 107 75 bifhop
2171 1407 39 75 of
2229 1407 89 75 Lon-

1337 1453 76 75 don,
1439 1453 62 75 and
1517 1453 56 75 the
1589 1453 128 75 tenants
1732 1453 73 75 now
1832 1453 63 75 pay
1918 1453 145 75 fixpence
2082 1453 62 75 per
2171 1453 83 75 acre,
2287 1453 34 75 in

1335 1500 64 75 lieu
1412 1500 41 75 of
1463 1500 120 75 finding
1598 1500 156 75 provifion
1771 1500 158 75 anciently
1942 1500 52 75 for
2010 1500 82 75 their
2104 1500 100 75 lord’s
2221 1500 100 75 table.

1289 1547 249 75 BORDURE,
1564 1547 32 75 in
1613 1547 163 75 heraldry,
1801 1547 19 75 a
1837 1547 124 75 cutting
1978 1547 51 75 off
2040 1547 84 75 from
2139 1547 111 75 within
2264 1547 55 75 the

1335 1593 188 75 efcutcheon
1536 1593 41 75 all
1595 1593 103 75 round
1714 1593 26 75 it
1757 1593 97 75 about
1868 1593 25 75 \
1908 1593 40 75 of
1963 1593 54 75 the
2033 1593 87 75 field,
2146 1593 124 75 ferving
2286 1593 34 75 as

1335 1640 18 75 a
1369 1640 172 75 difference
1556 1640 32 75 in
1617 1640 18 75 a
1658 1640 73 75 coat
1756 1640 40 75 of
1813 1640 96 75 arms,
1935 1640 36 75 to
1987 1640 178 75 diftinguifh
2182 1640 138 75 families

1334 1686 40 75 of
1385 1686 55 75 the
1456 1686 83 75 fame
1556 1686 103 75 name,
1685 1686 38 75 or
1749 1686 128 75 perfons
1905 1686 201 75 bearingThe
2121 1686 84 75 fame
2233 1686 85 75 coat.

1336 1733 60 75 See
1413 1733 91 75 Plate
1522 1733 62 75 LI.
1611 1733 53 75 fig.
1689 1733 53 75 16.

1381 1779 37 75 If
1429 1779 54 75 the
1499 1779 65 75 line
1588 1779 204 75 conftituting
1820 1779 56 75 the
1904 1779 139 75 bordure
2072 1779 39 75 be
2132 1779 99 75 ftrait.
2258 1779 63 75 and

1335 1826 55 75 the
1406 1826 139 75 bordure
1562 1826 39 75 be
1621 1826 95 75 plain,
1744 1826 75 75 then
1837 1826 32 75 in
1886 1826 174 75 blazoning
2077 1826 64 75 you
2158 1826 81 75 muft
2261 1826 57 75 on-

1335 1872 35 75 ly
1386 1872 90 75 name
1493 1872 56 75 the
1566 1872 114 75 colour
1696 1872 40 75 of
1747 1872 55 75 the
1819 1872 153 75 bordure.

1383 1917 161 75 Bordures
1573 1917 54 75 are
1653 1917 179 75 fbmetimes
1860 1917 168 75 ingrailed,
2053 1917 195 75 gobonated,
2273 1917 48 75 in-

1336 1964 114 75 vifted,
1477 1964 63 75 isc.
1593 1964 61 75 See
1671 1964 238 75 Ingrailed,
1937 1964 64 75 <bc.

1383 2010 36 75 If
1431 2010 54 75 the
1503 2010 116 75 border
1635 2010 39 75 be
1691 2010 141 75 charged
1850 2010 76 75 with
1944 2010 62 75 any
2022 2010 71 75 part
2110 2010 41 75 of
2162 2010 104 75 plants
2284 2010 37 75 or

1336 2057 137 75 flowers,
1499 2057 56 75 the
1571 2057 83 75 term
1673 2057 29 75 is
1728 2057 122 75 verdoy
1877 2057 40 75 of
1940 2057 138 75 trefoils,
2104 2057 37 75 or
2158 2057 163 75 whatever

1336 2104 109 75 flower
1462 2104 26 75 it
1505 2104 53 75 be.
1606 2104 38 75 If
1665 2104 26 75 it
1717 2104 124 75 confifts
1866 2104 41 75 of
1921 2104 130 75 enriins,
2077 2104 102 75 vairy,
2204 2104 39 75 or
2258 2104 62 75 any

1336 2150 39 75 of
1392 2150 54 75 the
1463 2150 81 75 furs,
1570 2150 78 75 they
1671 2150 52 75 fay
1740 2150 132 75 purflew
1888 2150 40 75 of
1939 2150 130 75 ermins,
2095 2150 65 75 <bc.
2208 2150 37 75 If
2263 2150 59 75 the

1334 2197 138 75 bordure
1488 2197 40 75 be
1544 2197 140 75 charged
1701 2197 78 75 with
1798 2197 117 75 martle'
1915 2197 39 75 ts,
1981 2197 55 75 the
2053 2197 92 75 word
2171 2197 27 75 is
2227 2197 94 75 char-

1334 2244 61 75 ged
1413 2244 77 75 with
1507 2244 39 75 an
1568 2244 151 75 enalyron
1737 2244 40 75 of
1788 2244 157 75 martlets,
1971 2244 65 75 <bc.

1382 2290 163 75 Bordures
1561 2290 53 75 are
1630 2290 141 75 fymbols
1788 2290 39 75 of
1838 2290 189 75 protedlion,
2053 2290 114 75 favour
2189 2290 62 75 and
2272 2290 48 75 re-

1334 2336 86 75 ward
1436 2336 10 75 ;
1474 2336 62 75 and
1561 2336 34 75 as
1612 2336 75 75 fuch
1710 2336 94 75 kings
1819 2336 118 75 beftow
1961 2336 88 75 them
2072 2336 41 75 on
2137 2336 89 75 thofe
2243 2336 79 75 they

1336 2383 80 75 have
1433 2383 19 75 a
1468 2383 92 75 value
1577 2383 64 75 for.

1287 2430 142 75 BORE,
1455 2430 116 75 among
1587 2430 177 75 engineers,
1790 2430 133 75 denotes
1941 2430 56 75 the
2021 2430 156 75 diameter
2204 2430 40 75 of
2266 2430 56 75 the

1335 2476 105 75 barrel
1457 2476 40 75 of
1514 2476 19 75 a
1548 2476 63 75 gun
1628 2476 38 75 or
1682 2476 135 75 cannon,
1841 2476 39 75 or
1897 2476 108 75 rather
2021 2476 42 75 its
2080 2476 105 75 whole
2201 2476 118 75 cavity.

1289 2523 128 75 Square
1436 2523 119 75 Bore,
1575 2523 115 75 among
1707 2523 190 75 mechanics,
1916 2523 19 75 a
1951 2523 112 75 fquare
2080 2523 88 75 piece
2180 2523 41 75 of
2233 2523 88 75 well-

1336 2567 162 75 tempered
1515 2567 85 75 fteel,
1626 2567 92 75 fitted
1733 2567 69 75 into
1818 2567 18 75 a
1852 2567 128 75 handle,
2005 2567 125 75 lerving
2152 2567 44 75 to.
2216 2567 106 75 widen

1335 2613 102 75 holes,
1462 2613 63 75 and
1541 2613 92 75 make
1649 2613 89 75 them
1754 2613 155 75 perfectly
1928 2613 114 75 round.

1288 2660 211 75 BOREAL,
1524 2660 32 75 in
1569 2660 18 75 a
1598 2660 129 75 general
1742 2660 98 75 fenfe,
1864 2660 179 75 fomething
2061 2660 136 75 relating
2213 2660 36 75 to
2265 2660 56 75 the

1335 2706 109 75 north.
1491 2706 109 75 Thus,

1288 2752 275 75 Boreal^wj-,
1588 2752 33 75 in
1642 2752 190 75 aftronomy,
1858 2752 54 75 are
1939 2752 56 75 the
2022 2752 64 75 firft
2113 2752 49 75 fix
2180 2752 83 75 figns
2286 2752 41 75 of

1336 2800 54 75 the
1403 2800 124 75 zodiac,
1554 2800 39 75 or
1609 2800 91 75 thofe
1716 2800 202 75 northwards
1935 2800 40 75 of
1986 2800 55 75 the
2058 2800 204 75 equinoftial.

1442 2847 214 75 Borealis.
1707 2847 61 75 See
1786 2847 274 75 Pneumatics.

1289 2892 205 75 BOREAS,
1519 2892 19 75 a
1553 2892 114 75 Greek
1683 2892 104 75 name,
1812 2892 75 75 now
1908 2892 33 75 in
1966 2892 147 75 common
2129 2892 54 75 ufe
2198 2892 52 75 for
2265 2892 58 75 the

1336 2937 95 75 north
1448 2937 99 75 wind.

1383 2983 125 75 Pezron
1532 2983 160 75 obferves,
1718 2983 70 75 that
1804 2983 161 75 anciently
1979 2983 114 75 boreas
2110 2983 140 75 fignified
2267 2983 55 75 the

1335 3031 175 75 north-eaft
1526 3031 98 75 wind,
1650 3031 141 75 blowing
1810 3031 33 75 at
1858 3031 58 75 the
1938 3031 79 75 time
2038 3031 41 75 of
2102 3031 56 75 the
2184 3031 138 75 fummer

2185 3075 138 75 folftice*
