2483 3387
760 146 44 75 A
861 146 38 75 R
958 146 36 75 C
1050 146 44 75 H
1151 146 19 75 I
1228 146 39 75 T
1323 146 37 75 E
1416 146 35 75 C
1510 146 40 75 T
1608 146 44 75 U
1711 146 37 75 R
1805 146 45 75 E.

2278 146 79 75 361

236 218 43 75 t»f
291 218 55 75 the
364 218 58 75 rail
438 218 97 75 being
551 218 65 75 firft
640 218 107 75 ftruck
772 218 46 75 by
844 218 57 75 the
925 218 123 75 mould,
1075 218 77 75 then
1179 218 98 75 apply
1323 218 42 75 on
1382 218 56 75 the
1454 218 80 75 rail;
1561 218 122 75 and’fo
1709 218 139 75 proceed
1875 218 81 75 with
1985 218 56 75 the
2068 218 97 75 other
2193 218 165 75 diftancee.

240 266 56 75 the
312 266 111 75 mould
439 266 35 75 to
493 266 57 75 the
573 266 101 75 under
701 266 77 75 fide,
804 266 34 75 as
858 266 97 75 much
971 266 82 75 back
1070 266 34 75 as
1121 266 55 75 the
1192 266 83 75 level
1297 266 7 75 -
1323 266 100 75 Now,
1448 266 93 75 when
1558 266 56 75 the
1630 266 59 75 rail
1709 266 27 75 is
1754 266 57 75 put
1828 266 33 75 in
1877 266 44 75 its
1937 266 118 75 proper
2071 266 158 75 fituation,
2257 266 18 75 c
2293 266 65 75 will

240 312 40 75 of
290 312 56 75 the
363 312 207 75 pitch-board
586 312 112 75 fiiews,
724 312 44 75 by
783 312 95 75 being
900 312 106 75 ftruck
1023 312 42 75 on
1083 312 53 75 the
1159 312 64 75 fide
1239 312 40 75 of

238 359 56 75 the
312 359 70 75 rail,
408 359 63 75 and
488 359 77 75 then
580 359 55 75 fig.
657 359 32 75 3.
714 359 98 75 being
834 359 128 75 applied
977 359 36 75 to
1028 359 56 75 the
1101 359 121 75 outfide
1239 359 41 75 of

237 406 57 75 the
311 406 71 75 rail,
407 406 87 75 from
518 406 41 75 its
579 406 63 75 firft
660 406 138 75 twilling
814 406 73 75 part
902 406 36 75 to
956 406 32 75 3,
1013 406 67 75 will
1096 406 86 75 Ihow
1198 406 76 75 how

240 453 95 75 much
352 453 96 75 wood
464 453 25 75 is
507 453 35 75 to
559 453 40 75 be
616 453 97 75 taken
728 453 59 75 off.

285 500 72 75 Fig.
385 500 33 75 5.
467 500 158 75 Exhibits
641 500 56 75 the
713 500 113 75 fquare
838 500 41 75 of
889 500 56 75 the
961 500 71 75 rail,
1058 500 80 75 with
1149 500 56 75 the
1222 500 51 75 ra-

235 545 159 75 king-line
418 545 41 75 of
476 545 58 75 the
557 545 208 75 pitch-board
787 545 111 75 drawn
914 545 140 75 through
1078 545 56 75 the
1150 545 123 75 middle

235 592 41 75 on
305 592 55 75 the
387 592 101 75 upper
508 592 83 75 fide;
620 592 76 75 then
715 592 93 75 draw
821 592 56 75 the
893 592 100 75 depth
1021 592 40 75 of
1082 592 56 75 the
1154 592 64 75 fide
1235 592 41 75 of

232 639 56 75 the
306 639 57 75 rail
382 639 132 75 parallel
531 639 34 75 to
590 639 78 75 this,
694 639 63 75 and
777 639 55 75 the
852 639 115 75 dotted
994 639 81 75 lines
1098 639 87 75 from
1212 639 56 75 the

232 686 149 75 diagonal
405 686 40 75 of
456 686 56 75 the
529 686 80 75 rail;
636 686 87 75 thefe
747 686 80 75 lines
849 686 85 75 fliew
956 686 87 75 what
1065 686 151 75 quantity
1231 686 42 75 of

231 732 97 75 wood
344 732 66 75 will
428 732 39 75 be
483 732 142 75 wanting
640 732 42 75 on
699 732 55 75 the
765 732 101 75 upper
877 732 62 75 and
950 732 100 75 lower
1061 732 79 75 Tides
1157 732 40 75 of
1210 732 56 75 the

232 780 72 75 rail.
355 780 58 75 Set
437 780 82 75 your
543 780 172 75 compafles
740 780 33 75 at
799 780 28 75 c,
856 780 63 75 and
942 780 90 75 draw
1048 780 55 75 the
1129 780 136 75 circular

229 826 107 75 ftroke
347 826 85 75 from
449 826 54 75 the
520 826 113 75 raking
645 826 71 75 part
728 826 42 75 of
780 826 55 75 the
851 826 209 75 pitch-board
1075 826 36 75 to
1124 826 38 75 b;
1189 826 74 75 take

228 872 57 75 the
303 872 138 75 difiance
465 872 22 75 a
511 872 31 75 b,
568 872 63 75 and
647 872 138 75 transfer
801 872 26 75 it
842 872 88 75 from
953 872 21 75 a
991 872 35 75 to
1047 872 30 75 b,
1102 872 32 75 in
1152 872 55 75 fig.
1227 872 33 75 7.

227 919 78 75 The
321 919 120 75 feveral
463 919 153 75 difiances
634 919 73 75 thus
725 919 102 75 found
843 919 74 75 may
929 919 39 75 be
984 919 47 75 fet
1046 919 34 75 at
1096 919 63 75 any
1170 919 91 75 num-

226 966 58 75 ber
299 966 42 75 of
351 966 119 75 places,
496 966 133 75 ranging
644 966 80 75 with
740 966 57 75 the
812 966 134 75 ftraight
962 966 72 75 part
1051 966 40 75 of
1107 966 55 75 the
1179 966 81 75 rail;

227 1013 63 75 and
310 1013 27 75 it
359 1013 78 75 then
454 1013 100 75 forms
571 1013 58 75 the
643 1013 103 75 width
764 1013 39 75 of
823 1013 57 75 the
896 1013 111 75 mould
1023 1013 52 75 for
1091 1013 56 75 the
1163 1013 98 75 twill-

230 1059 55 75 ing
302 1059 72 75 part
394 1059 41 75 of
446 1059 55 75 the
519 1059 71 75 rail.

274 1107 135 75 Fig.-7.
459 1107 113 75 Shews
585 1107 56 75 the
657 1107 103 75 fweep
775 1107 41 75 of
826 1107 56 75 the
898 1107 71 75 rail.
1017 1107 77 75 The
1111 1107 59 75 rail
1187 1107 73 75 can-

227 1153 57 75 not
299 1153 40 75 be
356 1153 90 75 fixed
461 1153 61 75 lefs
539 1153 78 75 than
633 1153 61 75 one
710 1153 110 75 fourth
837 1153 72 75 part
924 1153 86 75 from
1026 1153 57 75 the
1099 1153 109 75 nofittg
1223 1153 38 75 or

225 1200 90 75 front
334 1200 42 75 of
385 1200 56 75 the
458 1200 78 75 fiep.

270 1247 78 75 The
359 1247 177 75 remaining
546 1247 74 75 part
637 1247 40 75 of
689 1247 55 75 the
760 1247 208 75 pitch-board
983 1247 74 75 may
1073 1247 40 75 be
1128 1247 131 75 divided

220 1293 70 75 into
307 1293 63 75 any
386 1293 134 75 number
532 1293 43 75 of
583 1293 102 75 parts,
710 1293 35 75 as
764 1293 77 75 here
856 1293 71 75 into
946 1293 95 75 four;
1067 1293 87 75 from
1169 1293 88 75 thefe

220 1341 149 75 divifions
385 1341 89 75 draw
489 1341 81 75 lines
587 1341 104 75 acrofs
708 1341 55 75 the
782 1341 210 75 pitch-board
1006 1341 37 75 to
1059 1341 55 75 the
1127 1341 127 75 raking-

219 1386 64 75 line
295 1386 11 75 ;
325 1386 77 75 then
418 1386 75 75 take
509 1386 57 75 the
581 1386 154 75 diftances
751 1386 86 75 from
853 1386 55 75 the
925 1386 206 75 ground-line
1147 1386 40 75 of
1198 1386 56 75 the

218 1433 209 75 pitch-board
442 1433 35 75 to
493 1433 56 75 the
561 1433 74 75 plan
651 1433 41 75 of
703 1433 55 75 the
775 1433 71 75 rail,
872 1433 63 75 and
951 1433 46 75 fet
1014 1433 89 75 them
1118 1433 134 75 perpen-

217 1479 125 75 dicular
368 1479 86 75 from
481 1479 56 75 the
565 1479 194 75 raking-line
786 1479 40 75 of
848 1479 55 75 the
931 1479 207 75 pitch-board
1152 1479 10 75 ;
1188 1479 65 75 and

217 1527 88 75 thefe
320 1527 160 75 divifions,
504 1527 93 75 when
616 1527 55 75 the
689 1527 57 75 rail
762 1527 27 75 is
806 1527 32 75 in
854 1527 42 75 its
913 1527 115 75 proper
1040 1527 147 75 pofition,
1208 1527 43 75 lie

216 1574 135 75 directly
366 1574 77 75 over
465 1574 56 75 the
543 1574 146 75 divifions
706 1574 42 75 on
764 1574 56 75 the
836 1574 230 75 ground-plan.

263 1620 39 75 In
318 1620 65 75 this
405 1620 101 75 figure
528 1620 26 75 /,
581 1620 43 75 ni,
651 1620 64 75 and
731 1620 34 75 n,
791 1620 60 75 rife
868 1620 33 75 as
918 1620 96 75 much
1041 1620 102 75 above
1170 1620 17 75 0
1214 1620 34 75 as

214 1667 56 75 the
287 1667 115 75 dotted
428 1667 64 75 line
516 1667 33 75 in
575 1667 56 75 fig.
652 1667 33 75 5.
711 1667 78 75 does
809 1667 101 75 above
934 1667 56 75 the
1006 1667 102 75 width
1132 1667 40 75 of
1191 1667 56 75 the

214 1713 84 75 rail;
324 1713 64 75 and
404 1713 77 75 they
500 1713 68 75 fink
584 1713 33 75 as
634 1713 97 75 much
748 1713 106 75 below
870 1713 16 75 0
902 1713 33 75 as
953 1713 56 75 the
1025 1713 94 75 other
1134 1713 115 75 dotted

213 1760 65 75 line
289 1760 34 75 in
338 1760 57 75 fig.
415 1760 33 75 5.
468 1760 76 75 falls
556 1760 105 75 below
678 1760 56 75 the
749 1760 103 75 width
868 1760 42 75 of
920 1760 56 75 the
988 1760 79 75 rail;
1094 1760 57 75 the
1163 1760 84 75 fame

212 1808 191 75 thicknefles
427 1808 81 75 mull
536 1808 38 75 be
600 1808 97 75 glued
720 1808 86 75 upon
833 1808 28 75 0,
896 1808 125 75 though
1038 1808 56 75 the
1110 1808 137 75 greateft

210 1853 71 75 part
298 1853 66 75 will
387 1853 91 75 come
495 1853 51 75 off
557 1853 34 75 in
611 1853 162 75 fquaring.
820 1853 79 75 The
926 1853 110 75 reafon
1061 1853 42 75 of
1119 1853 127 75 placing

209 1901 56 75 the
280 1901 114 75 letters
409 1901 26 75 /,
453 1901 45 75 m,
522 1901 65 75 and
603 1901 35 75 »,
666 1901 108 75 where
801 1901 79 75 they
907 1901 66 75 are,
1001 1901 41 75 is,
1071 1901 71 75 that
1167 1901 79 75 tl>ey

209 1947 103 75 might
327 1947 57 75 not
399 1947 139 75 obftnnfi
554 1947 56 75 the
629 1947 90 75 fmall
735 1947 151 75 divifions
903 1947 40 75 of
962 1947 56 75 the
1043 1947 199 75 rail-mould.

256 1995 73 75 Fig.
355 1995 35 75 4.
441 1995 113 75 Shews
581 1995 77 75 how
680 1995 36 75 to
744 1995 69 75 find
838 1995 57 75 the
911 1995 58 75 rail
985 1995 93 75 when
1102 1995 27 75 it
1153 1995 91 75 takes

207 2041 89 75 more
312 2041 78 75 than
407 2041 61 75 one
484 2041 78 75 ftep.
619 2041 77 75 The
724 2041 190 75 remaining'
926 2041 70 75 part
1012 2041 41 75 of
1064 2041 58 75 the
1138 2041 104 75 pitch-

209 2087 101 75 board
327 2087 27 75 is
375 2087 131 75 divided
521 2087 70 75 into
607 2087 69 75 four
695 2087 100 75 parts,
819 2087 35 75 as
871 2087 110 75 before
998 2087 32 75 in
1047 2087 55 75 fig.
1123 2087 33 75 7.
1182 2087 63 75 and

206 2133 27 75 it
249 2133 90 75 takes
355 2133 33 75 in
404 2133 67 75 two
487 2133 76 75 fuch
584 2133 87 75 parts
689 2133 40 75 of
751 2133 55 75 the
822 2133 80 75 next
917 2133 78 75 ftep.
1044 2133 105 75 Draw
1164 2133 79 75 lines

206 2180 85 75 from
318 2180 89 75 thefe
432 2180 147 75 divifions
595 2180 37 75 to
649 2180 56 75 the
720 2180 151 75 diagonal
886 2180 42 75 of
950 2180 57 75 the
1023 2180 217 75 pitch-boam,

205 2227 34 75 as
256 2227 33 75 in
307 2227 56 75 fig.
381 2227 54 75 7.;
463 2227 77 75 then
555 2227 74 75 take
651 2227 56 75 the
727 2227 139 75 diftance
881 2227 22 75 a
915 2227 31 75 b,
971 2227 63 75 and
1051 2227 46 75 fet
1113 2227 27 75 it
1155 2227 84 75 from

202 2275 19 75 c
242 2275 38 75 to
297 2275 33 75 d,
356 2275 63 75 and
435 2275 35 75 fo
486 2275 140 75 proceed
647 2275 81 75 with
744 2275 57 75 the
816 2275 96 75 other
928 2275 160 75 divifions.

249 2319 151 75 Another
416 2319 72 75 way
510 2319 36 75 to
563 2319 66 75 find
644 2319 57 75 the
717 2319 124 75 outfide
857 2319 40 75 of
914 2319 56 75 the
994 2319 187 75 rail-mould
1196 2319 40 75 is,

202 2368 35 75 to
248 2368 90 75 draw
350 2368 43 75 all
406 2368 57 75 the
474 2368 149 75 divifions
640 2368 106 75 acrofs
762 2368 56 75 the
835 2368 74 75 plan
926 2368 40 75 of
977 2368 55 75 the
1049 2368 84 75 rail;
1160 2368 77 75 then

201 2415 74 75 take
286 2415 57 75 the
359 2415 138 75 diftance
509 2415 84 75 from
610 2415 57 75 the
684 2415 208 75 ground-line
904 2415 41 75 of
963 2415 55 75 the
1031 2415 207 75 pitch-board

201 2462 35 75 to
248 2462 35 75 4,
300 2462 139 75 transfer
447 2462 26 75 it
492 2462 86 75 from
594 2462 56 75 the
666 2462 150 75 diagonal
831 2462 42 75 of
883 2462 56 75 the
951 2462 207 75 pitch-board
1169 2462 36 75 to
1217 2462 23 75 4

625 2623 193 75 ARC

198 2738 162 75 Military
382 2738 335 75 Architecture,
742 2738 56 75 the
825 2738 84 75 fame
932 2738 80 75 with
1036 2738 87 75 what
1146 2738 28 75 is
1197 2738 36 75 o-

245 2782 148 75 therwife
410 2782 104 75 called
529 2782 220 75 fortification.
800 2782 62 75 See
878 2782 338 75 Fortification.

198 2831 122 75 Naval
334 2831 332 75 Architecture,
683 2831 57 75 the
756 2831 51 75 art
822 2831 41 75 of
874 2831 145 75 building
1035 2831 94 75 fhips.
1171 2831 63 75 See

246 2876 325 75 Ship-building.

196 2922 203 75 Counterfeit
434 2922 331 75 Architecture,
806 2922 71 75 that
905 2922 106 75 which
1041 2922 126 75 confifts
1194 2922 42 75 of

242 2970 209 75 proje&ures,
478 2970 128 75 painted
630 2970 34 75 in
688 2970 95 75 black
807 2970 38 75 or
868 2970 108 75 white,
1001 2970 37 75 or
1053 2970 32 75 in
1103 2970 127 75 colours

241 3015 85 75 after
354 3015 56 75 the
438 3015 131 75 manner
595 3015 41 75 of
663 3015 136 75 marble,
836 3015 109 75 which
974 3015 28 75 is
1031 3015 66 75 alfo
1128 3015 104 75 called

312 3064 102 75 Vol.
438 3064 31 75 I.
516 3064 73 75 No.
618 3064 62 75 16.'

1159 3064 18 75 3

1323 305 38 75 be
1377 305 243 75 perpendicular
1635 305 35 75 to
1687 305 29 75 b,
1743 305 64 75 and
1826 305 45 75 all
1895 305 55 75 the
1974 305 162 75 divifions,
2162 305 34 75 as
2218 305 30 75 1,
2268 305 34 75 2,
2322 305 34 75 3,

1324 353 32 75 4,
1371 353 65 75 be.
1453 353 33 75 in
1499 353 57 75 the
1568 353 70 75 rail,
1656 353 67 75 will
1736 353 38 75 be
1790 353 243 75 perpendicular
2049 353 36 75 to
2102 353 31 75 1,
2148 353 33 75 2,
2197 353 33 75 3,
2244 353 35 75 4,
2290 353 65 75 &c\

1321 398 31 75 in
1369 398 55 75 the
1440 398 227 75 ground-plan.

1369 447 72 75 Fig.
1467 447 34 75 6.
1552 447 113 75 Shews
1682 447 56 75 the
1757 447 74 75 plan
1848 447 41 75 of
1903 447 18 75 a
1937 447 58 75 rail
2011 447 40 75 of
2061 447 63 75 five
2140 447 95 75 fteps.

1368 493 56 75 To
1446 493 66 75 find
1535 493 57 75 the
1608 493 72 75 rail.
1688 493 48 75 —
1746 493 57 75 Set
1819 493 61 75 five
1896 493 161 75 divifions,
2082 493 33 75 as
2132 493 86 75 from
2235 493 17 75 e
2269 493 35 75 to
2320 493 32 75 h,

1321 540 104 75 which
1441 540 28 75 is
1485 540 56 75 the
1556 540 113 75 height
1684 540 42 75 of
1736 540 56 75 the
1814 540 62 75 five
1899 540 80 75 fteps
1991 540 10 75 ;
2027 540 91 75 draw
2133 540 55 75 the
2203 540 149 75 diagonal

1318 586 19 75 h
1353 586 22 75 x.
1375 586 14 75 q
1406 586 56 75 the
1472 586 74 75 plan
1559 586 41 75 of
1610 586 55 75 the
1681 586 81 75 rail;
1788 586 78 75 then
1882 586 75 75 take
1973 586 56 75 the
2042 586 137 75 diftance
2196 586 17 75 e
2224 586 39 75 f,
2289 586 64 75 and

1317 634 138 75 transfer
1469 634 28 75 it
1518 634 85 75 from
1614 634 27 75 g
1656 634 36 75 to
1708 634 32 75 h,
1767 634 63 75 and
1846 634 139 75 proceed
1999 634 32 75 in
2049 634 57 75 the
2120 634 85 75 fame
2220 634 131 75 manner

1315 679 77 75 with
1410 679 56 75 the
1488 679 96 75 other
1599 679 93 75 feven
1714 679 169 75 diftances.

1360 727 55 75 To
1428 727 66 75 find
1510 727 56 75 the
1582 727 103 75 width
1701 727 41 75 of
1753 727 55 75 the
1824 727 357 75 rail-mould.—Draw
2196 727 56 75 the
2268 727 80 75 lines

1313 775 102 75 acrofs
1432 775 56 75 the
1500 775 74 75 plan
1591 775 41 75 of
1642 775 55 75 the
1713 775 72 75 rail,
1804 775 33 75 as
1855 775 33 75 at
1904 775 39 75 ^;
1970 775 46 75 fet
2028 775 71 75 that
2111 775 139 75 diftance
2262 775 86 75 from

1312 821 55 75 the
1383 821 150 75 diagonal
1555 821 36 75 to
1613 821 35 75 i;
1675 821 64 75 and
1753 821 36 75 fo
1804 821 138 75 proceed
1962 821 80 75 with
2059 821 56 75 tlie
2132 821 73 75 reft,
2230 821 34 75 as
2281 821 66 75 was

1311 867 104 75 (hewn
1431 867 31 75 in
1479 867 56 75 fig.
1555 867 34 75 4.

1358 915 130 75 Having
1509 915 127 75 formed
1652 915 56 75 the
1730 915 80 75 fides
1835 915 41 75 of
1889 915 56 75 the
1961 915 58 75 rail
2043 915 242 75 perpendicular
2309 915 36 75 to

1311 961 40 75 its
1375 961 229 75 ground-plan,
1630 961 64 75 and
1716 961 119 75 having
1858 961 137 75 fquared
2016 961 55 75 the
2094 961 100 75 lower
2219 961 64 75 end
2309 961 42 75 of

1311 1008 55 75 the
1385 1008 72 75 rail,
1482 1008 77 75 then
1575 1008 76 75 take
1667 1008 19 75 a
1702 1008 70 75 thin
1785 1008 84 75 lath,
1887 1008 63 75 and
1966 1008 84 75 bend
2064 1008 27 75 it
2108 1008 79 75 with
2203 1008 56 75 the
2271 1008 71 75 rail,

1310 1054 33 75 as
1359 1054 27 75 is
1404 1054 203 75 reprefented
1622 1054 44 75 by
1681 1054 31 75 rn
1729 1054 57 75 fig.
1808 1054 31 75 1.

1357 1103 84 75 This
1457 1103 26 75 is
1502 1103 55 75 the
1579 1103 134 75 readieft
1728 1103 134 75 method
1882 1103 42 75 of
1939 1103 152 75 fquaring
2118 1103 19 75 a
2162 1103 177 75 folid-rail;

1309 1148 57 75 but
1382 1148 33 75 if
1425 1148 55 75 the
1496 1148 59 75 rail
1573 1148 40 75 be
1629 1148 76 75 bent
1732 1148 33 75 in
1793 1148 55 75 the
1864 1148 202 75 thickneffes,
2091 1148 57 75 the
2174 1148 108 75 nofing
2306 1148 42 75 of

1309 1196 55 75 the
1382 1196 81 75 fteps
1480 1196 82 75 muft
1582 1196 40 75 be
1638 1196 110 75 drawn
1766 1196 84 75 upon
1871 1196 19 75 a
1905 1196 156 75 cylinder,
2086 1196 40 75 or
2144 1196 87 75 fome
2247 1196 94 75 other

1306 1242 81 75 folid
1404 1242 87 75 body
1507 1242 41 75 of
1566 1242 19 75 a
1606 1242 157 75 fufficient
1787 1242 101 75 width
1913 1242 35 75 to
1964 1242 128 75 contain
2108 1242 56 75 the
2180 1242 103 75 width
2304 1242 41 75 of

1306 1289 58 75 the
1376 1289 61 75 rail
1453 1289 37 75 or
1506 1289 227 75 ftring-board.

1351 1337 31 75 r,
1408 1337 193 75 Reprefents
1614 1337 56 75 the
1681 1337 100 75 depth
1799 1337 41 75 of
1851 1337 56 75 the
1923 1337 71 75 rail,
2020 1337 156 75 touching
2192 1337 55 75 the
2263 1337 76 75 nofe

1303 1383 41 75 of
1361 1383 79 75 each
1463 1383 79 75 ftep.
1591 1383 96 75 Take
1715 1383 19 75 a
1760 1383 155 75 fufficient
1939 1383 134 75 number
2092 1383 40 75 of
2150 1383 188 75 thickneffes

1302 1431 41 75 of
1353 1431 64 75 this
1435 1431 115 75 width,
1575 1431 36 75 to
1632 1431 93 75 make
1752 1431 57 75 the
1825 1431 158 75 thicknefs
2000 1431 41 75 of
2058 1431 83 75 your
2157 1431 79 75 rail;
2261 1431 76 75 glue

1300 1478 89 75 them
1405 1478 43 75 all
1466 1478 149 75 together
1631 1478 86 75 upon
1732 1478 82 75 your
1831 1478 144 75 cylinder
1987 1478 38 75 or
2039 1478 144 75 templet,
2210 1478 126 75 confine

1299 1525 89 75 them
1404 1525 52 75 till
1479 1525 79 75 they
1573 1525 54 75 are
1644 1525 73 75 dry,
1743 1525 63 75 and
1829 1525 56 75 the
1913 1525 60 75 rail
1997 1525 96 75 taken
2121 1525 53 75 off
2184 1525 28 75 is
2236 1525 100 75 ready
2355 1525 25 75 w

1294 1571 153 75 fiquared.
1497 1571 146 75 Proceed
1658 1571 33 75 in
1714 1571 55 75 the
1795 1571 85 75 fame
1904 1571 131 75 manner
2060 1571 80 75 with
2157 1571 56 75 the
2229 1571 104 75 archi-

1297 1619 102 75 trave,
1423 1619 134 75 marked
1571 1619 35 75 a.

1629 1726 77 75 OF
1754 1726 236 75 ROOFS.

1341 1804 131 75 Plate
1499 1804 188 75 XXXVII.
1721 1804 74 75 Fig.
1828 1804 32 75 1.
1910 1804 114 75 Shews
2052 1804 57 75 the
2136 1804 85 75 form
2250 1804 40 75 of
2312 1804 19 75 a

1294 1851 118 75 truffed
1431 1851 85 75 roof,
1541 1851 79 75 with
1637 1851 92 75 three
1745 1851 184 75 ring-pofts,
1946 1851 72 75 that
2029 1851 74 75 may
2118 1851 94 75 carry
2221 1851 109 75 feven-

1294 1897 36 75 ty
1353 1897 80 75 feet,
1466 1897 39 75 or
1521 1897 163 75 upwards.

1341 1944 72 75 Fig.
1432 1944 34 75 2.
1508 1944 155 75 Exhibits
1687 1944 39 75 an
1748 1944 49 75 AT
1817 1944 86 75 roof,
1927 1944 130 75 capable
2073 1944 42 75 of
2130 1944 149 75 carrying
2294 1944 36 75 as

1293 1992 90 75 great
1403 1992 40 75 an
1460 1992 236 75 extent^g^the
1713 1992 132 75 former.
1902 1992 124 75 Indeed
2048 1992 81 75 both
2158 1992 87 75 thefe
2271 1992 56 75 de-

1292 2039 304 75 figHS.,»i>e"Capabfe
1612 2039 42 75 of
1664 2039 148 75 carrying
1829 2039 111 75 almoft
1956 2039 62 75 any
2033 2039 126 75 extent.

1303 2085 15 75 '
1339 2085 74 75 Fig.
1440 2085 33 75 3.
1523 2085 191 75 Reprefents
1739 2085 65 75 two
1820 2085 151 75 different
1989 2085 82 75 forts
2095 2085 42 75 of
2153 2085 124 75 trufles.

1339 2132 71 75 Fig.
1429 2132 34 75 4.
1507 2132 114 75 Shews
1638 2132 56 75 the
1710 2132 130 75 manner
1857 2132 40 75 of
1909 2132 124 75 piecing
2049 2132 128 75 timber.
2212 2132 114 75 Some-

1291 2177 91 75 times
1396 2177 55 75 the
1459 2177 86 75 joint
1557 2177 74 75 may
1648 2177 39 75 be
1704 2177 164 75 extended
1883 2177 33 75 as
1934 2177 50 75 far
1996 2177 34 75 as
2046 2177 34 75 a,
2098 2177 79 75 with
2190 2177 136 75 another

1290 2224 69 75 bolt
1375 2224 141 75 through
1532 2224 39 75 it.
1619 2224 58 75 To
1693 2224 56 75 the
1765 2224 88 75 right
1868 2224 27 75 is
1918 2224 105 75 fliewn
2048 2224 19 75 a
2090 2224 151 75 different
2256 2224 68 75 fott

1288 2272 40 75 of
1342 2272 97 75 joint.

1333 2320 74 75 Fig.
1430 2320 30 75 ?.
1512 2320 112 75 Shews
1642 2320 56 75 the
1715 2320 131 75 manner
1871 2320 39 75 of
1925 2320 129 75 truffing
2078 2320 18 75 a
2120 2320 120 75 girder.
2289 2320 39 75 If

1286 2365 55 75 the
1362 2365 112 75 trulfes
1503 2365 53 75 are
1583 2365 60 75 full
1670 2365 89 75 long,
1785 2365 79 75 with
1886 2365 55 75 the
1965 2365 103 75 pieces
2093 2365 18 75 b
2128 2365 63 75 and
2215 2365 18 75 c
2256 2365 65 75 yoA

1286 2412 73 75 may
1376 2412 93 75 make
1485 2412 90 75 them
1592 2412 33 75 as
1642 2412 82 75 light
1742 2412 34 75 as
1792 2412 65 75 you
1878 2412 116 75 pleafe.

1336 2460 72 75 Fig.
1436 2460 35 75 6.
1511 2460 193 75 Reprefents
1721 2460 56 75 the
1793 2460 131 75 manner
1940 2460 42 75 of
1992 2460 128 75 trufling
2135 2460 183 75 partitions.

1708 2624 191 75 ARC

1328 2737 210 75 feene-work,
1563 2737 33 75 in
1612 2737 57 75 the
1692 2737 143 75 painting
1856 2737 41 75 of
1916 2737 156 75 columns,
2099 2737 65 75 &c.
2190 2737 52 75 for
2259 2737 67 75 the’

1328 2783 186 75 decoration
1532 2783 40 75 of
1590 2783 154 75 theatres.

1283 2832 330 75 Architecture,
1639 2832 31 75 in
1686 2832 204 75 perfpe<ftive,
1917 2832 18 75 a
1951 2832 67 75 fort
2028 2832 41 75 of
2080 2832 158 75 building,
2256 2832 58 75 the

1327 2879 155 75 members
1499 2879 41 75 of
1558 2879 105 75 which
1682 2879 53 75 are
1758 2879 39 75 of
1817 2879 151 75 different
1993 2879 157 75 modules,
2177 2879 63 75 and
2263 2879 49 75 di-

1326 2925 110 75 minilh
1461 2925 264 75 proportionably
1747 2925 36 75 to
1807 2925 84 75 their
1919 2925 150 75 diftance,
2103 2925 31 75 in
2159 2925 96 75 order
2278 2925 36 75 to

1326 2972 93 75 make
1447 2972 55 75 the
1529 2972 93 75 work
1651 2972 116 75 appear
1793 2972 113 75 longer
1934 2972 35 75 to
1997 2972 57 75 the
2081 2972 83 75 view
2185 2972 78 75 than
2286 2972 27 75 it

1327 3021 101 75 really
1443 3021 41 75 is.
1534 3021 62 75 See
1611 3021 284 75 Perspective.

1766 3079 76 75 4*

2145 3069 169 75 ARCHI-
