<?xml version="1.0" encoding="UTF-8"?>
<alto xmlns="http://www.loc.gov/standards/alto/v3/alto.xsd"><Description><MeasurementUnit>pixel</MeasurementUnit><sourceImageInformation><fileName>./data/pdfs/c_188936619/i_144133901/188082693.23.pdf</fileName></sourceImageInformation><OCRProcessing ID="IdOcr"><ocrProcessingStep><processingDateTime>Fri Jul 12 10:38:20 2019
</processingDateTime><processingSoftware><softwareCreator>CONTRIBUTORS</softwareCreator><softwareName>pdfalto</softwareName><softwareVersion>0.1</softwareVersion></processingSoftware></ocrProcessingStep></OCRProcessing></Description><Styles><TextStyle ID="font0" FONTFAMILY="times" FONTSIZE="10.000" FONTTYPE="serif" FONTWIDTH="proportional" FONTCOLOR="#WWWWWW" FONTSTYLE=""/><TextStyle ID="font1" FONTFAMILY="times" FONTSIZE="6.500" FONTTYPE="serif" FONTWIDTH="proportional" FONTCOLOR="#WWWWWW" FONTSTYLE="superscript"/></Styles><Layout><Page ID="Page591" PHYSICAL_IMG_NR="591" WIDTH="2423" HEIGHT="3387"><PrintSpace><TextLine WIDTH="997" HEIGHT="75" ID="p591_t1" HPOS="693" VPOS="159"><String ID="p591_w1" CONTENT="ASTRONOMY" HPOS="693" VPOS="159" WIDTH="997" HEIGHT="75" STYLEREFS="font0"/></TextLine><TextLine WIDTH="80" HEIGHT="75" ID="p591_t2" HPOS="2170" VPOS="150"><String ID="p591_w2" CONTENT="49" HPOS="2170" VPOS="168" WIDTH="52" HEIGHT="75" STYLEREFS="font0"/><String ID="p591_w3" CONTENT="1" HPOS="2222" VPOS="150" WIDTH="28" HEIGHT="49" STYLEREFS="font1"/></TextLine><TextLine WIDTH="799" HEIGHT="75" ID="p591_t3" HPOS="440" VPOS="261"><String ID="p591_w4" CONTENT="The" HPOS="440" VPOS="261" WIDTH="76" HEIGHT="75" STYLEREFS="font0"/><SP WIDTH="19" VPOS="261" HPOS="516"/><String ID="p591_w5" CONTENT="Arabic" HPOS="535" VPOS="261" WIDTH="118" HEIGHT="75" STYLEREFS="font0"/><SP WIDTH="17" VPOS="261" HPOS="653"/><String ID="p591_w6" CONTENT="and" HPOS="670" VPOS="261" WIDTH="62" HEIGHT="75" STYLEREFS="font0"/><SP WIDTH="14" VPOS="261" HPOS="732"/><String ID="p591_w7" CONTENT="Turkifh" HPOS="746" VPOS="261" WIDTH="142" HEIGHT="75" STYLEREFS="font0"/><SP WIDTH="16" VPOS="261" HPOS="888"/><String ID="p591_w8" CONTENT="year." HPOS="904" VPOS="261" WIDTH="91" HEIGHT="75" STYLEREFS="font0"/><SP WIDTH="55" VPOS="261" HPOS="995"/><String ID="p591_w9" CONTENT="Days" HPOS="1050" VPOS="261" WIDTH="92" HEIGHT="75" STYLEREFS="font0"/><SP WIDTH="41" VPOS="261" HPOS="1142"/><String ID="p591_w10" CONTENT="N°" HPOS="1183" VPOS="261" WIDTH="56" HEIGHT="75" STYLEREFS="font0"/></TextLine><TextLine WIDTH="699" HEIGHT="75" ID="p591_t4" HPOS="1377" VPOS="252"><String ID="p591_w11" CONTENT="The" HPOS="1377" VPOS="255" WIDTH="75" HEIGHT="75" STYLEREFS="font0"/><SP WIDTH="18" VPOS="255" HPOS="1452"/><String ID="p591_w12" CONTENT="ancient" HPOS="1470" VPOS="255" WIDTH="125" HEIGHT="75" STYLEREFS="font0"/><SP WIDTH="17" VPOS="255" HPOS="1595"/><String ID="p591_w13" CONTENT="Grecian" HPOS="1612" VPOS="255" WIDTH="142" HEIGHT="75" STYLEREFS="font0"/><SP WIDTH="19" VPOS="255" HPOS="1754"/><String ID="p591_w14" CONTENT="year." HPOS="1773" VPOS="255" WIDTH="88" HEIGHT="75" STYLEREFS="font0"/><SP WIDTH="124" VPOS="255" HPOS="1861"/><String ID="p591_w15" CONTENT="Days" HPOS="1985" VPOS="252" WIDTH="91" HEIGHT="75" STYLEREFS="font0"/></TextLine><TextLine WIDTH="237" HEIGHT="75" ID="p591_t5" HPOS="411" VPOS="353"><String ID="p591_w16" CONTENT="Muharram" HPOS="411" VPOS="353" WIDTH="191" HEIGHT="75" STYLEREFS="font0"/><SP WIDTH="28" VPOS="353" HPOS="602"/><String ID="p591_w17" CONTENT="-" HPOS="630" VPOS="353" WIDTH="18" HEIGHT="75" STYLEREFS="font0"/></TextLine><TextLine WIDTH="123" HEIGHT="75" ID="p591_t6" HPOS="414" VPOS="399"><String ID="p591_w18" CONTENT="Saphar" HPOS="414" VPOS="399" WIDTH="123" HEIGHT="75" STYLEREFS="font0"/></TextLine><TextLine WIDTH="223" HEIGHT="75" ID="p591_t7" HPOS="339" VPOS="446"><String ID="p591_w19" CONTENT="3" HPOS="339" VPOS="446" WIDTH="16" HEIGHT="75" STYLEREFS="font0"/><SP WIDTH="56" VPOS="446" HPOS="355"/><String ID="p591_w20" CONTENT="Rabia" HPOS="411" VPOS="446" WIDTH="104" HEIGHT="75" STYLEREFS="font0"/><SP WIDTH="16" VPOS="446" HPOS="515"/><String ID="p591_w21" CONTENT="I." HPOS="531" VPOS="446" WIDTH="31" HEIGHT="75" STYLEREFS="font0"/></TextLine><TextLine WIDTH="167" HEIGHT="75" ID="p591_t8" HPOS="414" VPOS="491"><String ID="p591_w22" CONTENT="Rabia" HPOS="414" VPOS="491" WIDTH="101" HEIGHT="75" STYLEREFS="font0"/><SP WIDTH="16" VPOS="491" HPOS="515"/><String ID="p591_w23" CONTENT="II." HPOS="531" VPOS="491" WIDTH="50" HEIGHT="75" STYLEREFS="font0"/></TextLine><TextLine WIDTH="234" HEIGHT="75" ID="p591_t9" HPOS="414" VPOS="538"><String ID="p591_w24" CONTENT="Jornada" HPOS="414" VPOS="538" WIDTH="137" HEIGHT="75" STYLEREFS="font0"/><SP WIDTH="15" VPOS="538" HPOS="551"/><String ID="p591_w25" CONTENT="I." HPOS="566" VPOS="538" WIDTH="30" HEIGHT="75" STYLEREFS="font0"/><SP WIDTH="40" VPOS="538" HPOS="596"/><String ID="p591_w26" CONTENT="-" HPOS="636" VPOS="538" WIDTH="12" HEIGHT="75" STYLEREFS="font0"/></TextLine><TextLine WIDTH="233" HEIGHT="75" ID="p591_t10" HPOS="415" VPOS="585"><String ID="p591_w27" CONTENT="Jornada" HPOS="415" VPOS="585" WIDTH="134" HEIGHT="75" STYLEREFS="font0"/><SP WIDTH="17" VPOS="585" HPOS="549"/><String ID="p591_w28" CONTENT="II." HPOS="566" VPOS="585" WIDTH="49" HEIGHT="75" STYLEREFS="font0"/><SP WIDTH="20" VPOS="585" HPOS="615"/><String ID="p591_w29" CONTENT="-" HPOS="635" VPOS="585" WIDTH="13" HEIGHT="75" STYLEREFS="font0"/></TextLine><TextLine WIDTH="234" HEIGHT="75" ID="p591_t11" HPOS="414" VPOS="631"><String ID="p591_w30" CONTENT="Rajab" HPOS="414" VPOS="631" WIDTH="107" HEIGHT="75" STYLEREFS="font0"/><SP WIDTH="69" VPOS="631" HPOS="521"/><String ID="p591_w31" CONTENT="—" HPOS="590" VPOS="631" WIDTH="58" HEIGHT="75" STYLEREFS="font0"/></TextLine><TextLine WIDTH="138" HEIGHT="75" ID="p591_t12" HPOS="416" VPOS="676"><String ID="p591_w32" CONTENT="Shafban" HPOS="416" VPOS="676" WIDTH="138" HEIGHT="75" STYLEREFS="font0"/></TextLine><TextLine WIDTH="234" HEIGHT="75" ID="p591_t13" HPOS="414" VPOS="723"><String ID="p591_w33" CONTENT="Ramadam" HPOS="414" VPOS="723" WIDTH="176" HEIGHT="75" STYLEREFS="font0"/><SP WIDTH="49" VPOS="723" HPOS="590"/><String ID="p591_w34" CONTENT="-" HPOS="639" VPOS="723" WIDTH="9" HEIGHT="75" STYLEREFS="font0"/></TextLine><TextLine WIDTH="233" HEIGHT="75" ID="p591_t14" HPOS="415" VPOS="769"><String ID="p591_w35" CONTENT="Shawal" HPOS="415" VPOS="769" WIDTH="125" HEIGHT="75" STYLEREFS="font0"/><SP WIDTH="49" VPOS="769" HPOS="540"/><String ID="p591_w36" CONTENT="—" HPOS="589" VPOS="769" WIDTH="59" HEIGHT="75" STYLEREFS="font0"/></TextLine><TextLine WIDTH="234" HEIGHT="75" ID="p591_t15" HPOS="414" VPOS="814"><String ID="p591_w37" CONTENT="Dulhaadah" HPOS="414" VPOS="814" WIDTH="192" HEIGHT="75" STYLEREFS="font0"/><SP WIDTH="33" VPOS="814" HPOS="606"/><String ID="p591_w38" CONTENT="-" HPOS="639" VPOS="814" WIDTH="9" HEIGHT="75" STYLEREFS="font0"/></TextLine><TextLine WIDTH="235" HEIGHT="75" ID="p591_t16" HPOS="413" VPOS="859"><String ID="p591_w39" CONTENT="Dulheggia" HPOS="413" VPOS="859" WIDTH="185" HEIGHT="75" STYLEREFS="font0"/><SP WIDTH="41" VPOS="859" HPOS="598"/><String ID="p591_w40" CONTENT="-" HPOS="639" VPOS="859" WIDTH="9" HEIGHT="75" STYLEREFS="font0"/></TextLine><TextLine WIDTH="265" HEIGHT="75" ID="p591_t17" HPOS="760" VPOS="356"><String ID="p591_w41" CONTENT="-" HPOS="760" VPOS="356" WIDTH="13" HEIGHT="75" STYLEREFS="font0"/><SP WIDTH="16" VPOS="356" HPOS="773"/><String ID="p591_w42" CONTENT="July." HPOS="789" VPOS="356" WIDTH="81" HEIGHT="75" STYLEREFS="font0"/><SP WIDTH="116" VPOS="356" HPOS="870"/><String ID="p591_w43" CONTENT="16" HPOS="986" VPOS="356" WIDTH="39" HEIGHT="75" STYLEREFS="font0"/></TextLine><TextLine WIDTH="264" HEIGHT="75" ID="p591_t18" HPOS="760" VPOS="395"><String ID="p591_w44" CONTENT="-" HPOS="760" VPOS="395" WIDTH="14" HEIGHT="75" STYLEREFS="font0"/><SP WIDTH="17" VPOS="395" HPOS="774"/><String ID="p591_w45" CONTENT="Auguft" HPOS="791" VPOS="395" WIDTH="123" HEIGHT="75" STYLEREFS="font0"/><SP WIDTH="71" VPOS="395" HPOS="914"/><String ID="p591_w46" CONTENT="15" HPOS="985" VPOS="395" WIDTH="39" HEIGHT="75" STYLEREFS="font0"/></TextLine><TextLine WIDTH="263" HEIGHT="75" ID="p591_t19" HPOS="760" VPOS="442"><String ID="p591_w47" CONTENT="-" HPOS="760" VPOS="442" WIDTH="17" HEIGHT="75" STYLEREFS="font0"/><SP WIDTH="17" VPOS="442" HPOS="777"/><String ID="p591_w48" CONTENT="Septemb." HPOS="794" VPOS="442" WIDTH="163" HEIGHT="75" STYLEREFS="font0"/><SP WIDTH="27" VPOS="442" HPOS="957"/><String ID="p591_w49" CONTENT="13" HPOS="984" VPOS="442" WIDTH="39" HEIGHT="75" STYLEREFS="font0"/></TextLine><TextLine WIDTH="263" HEIGHT="75" ID="p591_t20" HPOS="760" VPOS="488"><String ID="p591_w50" CONTENT="-" HPOS="760" VPOS="488" WIDTH="22" HEIGHT="75" STYLEREFS="font0"/><SP WIDTH="12" VPOS="488" HPOS="782"/><String ID="p591_w51" CONTENT="Oftober" HPOS="794" VPOS="488" WIDTH="143" HEIGHT="75" STYLEREFS="font0"/><SP WIDTH="47" VPOS="488" HPOS="937"/><String ID="p591_w52" CONTENT="13" HPOS="984" VPOS="488" WIDTH="39" HEIGHT="75" STYLEREFS="font0"/></TextLine><TextLine WIDTH="262" HEIGHT="75" ID="p591_t21" HPOS="760" VPOS="534"><String ID="p591_w53" CONTENT="-" HPOS="760" VPOS="534" WIDTH="16" HEIGHT="75" STYLEREFS="font0"/><SP WIDTH="17" VPOS="534" HPOS="776"/><String ID="p591_w54" CONTENT="Novemb." HPOS="793" VPOS="534" WIDTH="162" HEIGHT="75" STYLEREFS="font0"/><SP WIDTH="31" VPOS="534" HPOS="955"/><String ID="p591_w55" CONTENT="11" HPOS="986" VPOS="534" WIDTH="36" HEIGHT="75" STYLEREFS="font0"/></TextLine><TextLine WIDTH="264" HEIGHT="75" ID="p591_t22" HPOS="760" VPOS="579"><String ID="p591_w56" CONTENT="-" HPOS="760" VPOS="579" WIDTH="18" HEIGHT="75" STYLEREFS="font0"/><SP WIDTH="14" VPOS="579" HPOS="778"/><String ID="p591_w57" CONTENT="Decemb." HPOS="792" VPOS="579" WIDTH="161" HEIGHT="75" STYLEREFS="font0"/><SP WIDTH="33" VPOS="579" HPOS="953"/><String ID="p591_w58" CONTENT="11" HPOS="986" VPOS="579" WIDTH="38" HEIGHT="75" STYLEREFS="font0"/></TextLine><TextLine WIDTH="268" HEIGHT="75" ID="p591_t23" HPOS="760" VPOS="627"><String ID="p591_w59" CONTENT="-" HPOS="760" VPOS="627" WIDTH="17" HEIGHT="75" STYLEREFS="font0"/><SP WIDTH="16" VPOS="627" HPOS="777"/><String ID="p591_w60" CONTENT="January" HPOS="793" VPOS="627" WIDTH="142" HEIGHT="75" STYLEREFS="font0"/><SP WIDTH="72" VPOS="627" HPOS="935"/><String ID="p591_w61" CONTENT="9" HPOS="1007" VPOS="627" WIDTH="21" HEIGHT="75" STYLEREFS="font0"/></TextLine><TextLine WIDTH="267" HEIGHT="75" ID="p591_t24" HPOS="760" VPOS="672"><String ID="p591_w62" CONTENT="-February" HPOS="760" VPOS="672" WIDTH="200" HEIGHT="75" STYLEREFS="font0"/><SP WIDTH="48" VPOS="672" HPOS="960"/><String ID="p591_w63" CONTENT="8" HPOS="1008" VPOS="672" WIDTH="19" HEIGHT="75" STYLEREFS="font0"/></TextLine><TextLine WIDTH="271" HEIGHT="75" ID="p591_t25" HPOS="760" VPOS="719"><String ID="p591_w64" CONTENT="-" HPOS="760" VPOS="719" WIDTH="19" HEIGHT="75" STYLEREFS="font0"/><SP WIDTH="15" VPOS="719" HPOS="779"/><String ID="p591_w65" CONTENT="March" HPOS="794" VPOS="719" WIDTH="119" HEIGHT="75" STYLEREFS="font0"/><SP WIDTH="97" VPOS="719" HPOS="913"/><String ID="p591_w66" CONTENT="9" HPOS="1010" VPOS="719" WIDTH="21" HEIGHT="75" STYLEREFS="font0"/></TextLine><TextLine WIDTH="269" HEIGHT="75" ID="p591_t26" HPOS="760" VPOS="766"><String ID="p591_w67" CONTENT="-" HPOS="760" VPOS="766" WIDTH="16" HEIGHT="75" STYLEREFS="font0"/><SP WIDTH="22" VPOS="766" HPOS="776"/><String ID="p591_w68" CONTENT="April" HPOS="798" VPOS="766" WIDTH="91" HEIGHT="75" STYLEREFS="font0"/><SP WIDTH="120" VPOS="766" HPOS="889"/><String ID="p591_w69" CONTENT="8" HPOS="1009" VPOS="766" WIDTH="20" HEIGHT="75" STYLEREFS="font0"/></TextLine><TextLine WIDTH="119" HEIGHT="75" ID="p591_t27" HPOS="760" VPOS="813"><String ID="p591_w70" CONTENT="-" HPOS="760" VPOS="813" WIDTH="21" HEIGHT="75" STYLEREFS="font0"/><SP WIDTH="15" VPOS="813" HPOS="781"/><String ID="p591_w71" CONTENT="May" HPOS="796" VPOS="813" WIDTH="83" HEIGHT="75" STYLEREFS="font0"/></TextLine><TextLine WIDTH="19" HEIGHT="75" ID="p591_t28" HPOS="1011" VPOS="813"><String ID="p591_w72" CONTENT="7" HPOS="1011" VPOS="813" WIDTH="19" HEIGHT="75" STYLEREFS="font0"/></TextLine><TextLine WIDTH="120" HEIGHT="75" ID="p591_t29" HPOS="760" VPOS="858"><String ID="p591_w73" CONTENT="-" HPOS="760" VPOS="858" WIDTH="20" HEIGHT="75" STYLEREFS="font0"/><SP WIDTH="16" VPOS="858" HPOS="780"/><String ID="p591_w74" CONTENT="June" HPOS="796" VPOS="858" WIDTH="84" HEIGHT="75" STYLEREFS="font0"/></TextLine><TextLine WIDTH="17" HEIGHT="75" ID="p591_t30" HPOS="1013" VPOS="858"><String ID="p591_w75" CONTENT="5" HPOS="1013" VPOS="858" WIDTH="17" HEIGHT="75" STYLEREFS="font0"/></TextLine><TextLine WIDTH="305" HEIGHT="75" ID="p591_t31" HPOS="1291" VPOS="348"><String ID="p591_w76" CONTENT="Hecatombceon" HPOS="1291" VPOS="348" WIDTH="251" HEIGHT="75" STYLEREFS="font0"/><SP WIDTH="15" VPOS="348" HPOS="1542"/><String ID="p591_w77" CONTENT="—" HPOS="1557" VPOS="348" WIDTH="39" HEIGHT="75" STYLEREFS="font0"/></TextLine><TextLine WIDTH="306" HEIGHT="75" ID="p591_t32" HPOS="1290" VPOS="394"><String ID="p591_w78" CONTENT="Metagitnion" HPOS="1290" VPOS="394" WIDTH="218" HEIGHT="75" STYLEREFS="font0"/><SP WIDTH="49" VPOS="394" HPOS="1508"/><String ID="p591_w79" CONTENT="—" HPOS="1557" VPOS="394" WIDTH="39" HEIGHT="75" STYLEREFS="font0"/></TextLine><TextLine WIDTH="306" HEIGHT="75" ID="p591_t33" HPOS="1290" VPOS="440"><String ID="p591_w80" CONTENT="Boedromion" HPOS="1290" VPOS="440" WIDTH="217" HEIGHT="75" STYLEREFS="font0"/><SP WIDTH="50" VPOS="440" HPOS="1507"/><String ID="p591_w81" CONTENT="—" HPOS="1557" VPOS="440" WIDTH="39" HEIGHT="75" STYLEREFS="font0"/></TextLine><TextLine WIDTH="193" HEIGHT="75" ID="p591_t34" HPOS="1291" VPOS="487"><String ID="p591_w82" CONTENT="Pyanepfion" HPOS="1291" VPOS="487" WIDTH="193" HEIGHT="75" STYLEREFS="font0"/></TextLine><TextLine WIDTH="305" HEIGHT="75" ID="p591_t35" HPOS="1291" VPOS="533"><String ID="p591_w83" CONTENT="Maimadterion" HPOS="1291" VPOS="533" WIDTH="242" HEIGHT="75" STYLEREFS="font0"/><SP WIDTH="28" VPOS="533" HPOS="1533"/><String ID="p591_w84" CONTENT="—" HPOS="1561" VPOS="533" WIDTH="35" HEIGHT="75" STYLEREFS="font0"/></TextLine><TextLine WIDTH="155" HEIGHT="75" ID="p591_t36" HPOS="1291" VPOS="579"><String ID="p591_w85" CONTENT="Pofideon" HPOS="1291" VPOS="579" WIDTH="155" HEIGHT="75" STYLEREFS="font0"/></TextLine><TextLine WIDTH="173" HEIGHT="75" ID="p591_t37" HPOS="1292" VPOS="624"><String ID="p591_w86" CONTENT="Gaineiion" HPOS="1292" VPOS="624" WIDTH="173" HEIGHT="75" STYLEREFS="font0"/></TextLine><TextLine WIDTH="301" HEIGHT="75" ID="p591_t38" HPOS="1295" VPOS="671"><String ID="p591_w87" CONTENT="Anthefterion" HPOS="1295" VPOS="671" WIDTH="224" HEIGHT="75" STYLEREFS="font0"/><SP WIDTH="43" VPOS="671" HPOS="1519"/><String ID="p591_w88" CONTENT="—" HPOS="1562" VPOS="671" WIDTH="34" HEIGHT="75" STYLEREFS="font0"/></TextLine><TextLine WIDTH="303" HEIGHT="75" ID="p591_t39" HPOS="1293" VPOS="717"><String ID="p591_w89" CONTENT="Elaphebolion" HPOS="1293" VPOS="717" WIDTH="233" HEIGHT="75" STYLEREFS="font0"/><SP WIDTH="33" VPOS="717" HPOS="1526"/><String ID="p591_w90" CONTENT="—" HPOS="1559" VPOS="717" WIDTH="37" HEIGHT="75" STYLEREFS="font0"/></TextLine><TextLine WIDTH="190" HEIGHT="75" ID="p591_t40" HPOS="1294" VPOS="765"><String ID="p591_w91" CONTENT="Munichion" HPOS="1294" VPOS="765" WIDTH="190" HEIGHT="75" STYLEREFS="font0"/></TextLine><TextLine WIDTH="199" HEIGHT="75" ID="p591_t41" HPOS="1293" VPOS="810"><String ID="p591_w92" CONTENT="Thargelion" HPOS="1293" VPOS="810" WIDTH="199" HEIGHT="75" STYLEREFS="font0"/></TextLine><TextLine WIDTH="267" HEIGHT="75" ID="p591_t42" HPOS="1296" VPOS="855"><String ID="p591_w93" CONTENT="Schirrophorion" HPOS="1296" VPOS="855" WIDTH="267" HEIGHT="75" STYLEREFS="font0"/></TextLine><TextLine WIDTH="148" HEIGHT="75" ID="p591_t43" HPOS="1684" VPOS="345"><String ID="p591_w94" CONTENT="-" HPOS="1684" VPOS="345" WIDTH="15" HEIGHT="75" STYLEREFS="font0"/><SP WIDTH="16" VPOS="345" HPOS="1699"/><String ID="p591_w95" CONTENT="June-" HPOS="1715" VPOS="345" WIDTH="117" HEIGHT="75" STYLEREFS="font0"/></TextLine><TextLine WIDTH="148" HEIGHT="75" ID="p591_t44" HPOS="1684" VPOS="400"><String ID="p591_w96" CONTENT="-" HPOS="1684" VPOS="400" WIDTH="14" HEIGHT="75" STYLEREFS="font0"/><SP WIDTH="16" VPOS="400" HPOS="1698"/><String ID="p591_w97" CONTENT="July" HPOS="1714" VPOS="400" WIDTH="78" HEIGHT="75" STYLEREFS="font0"/><SP WIDTH="16" VPOS="400" HPOS="1792"/><String ID="p591_w98" CONTENT="-" HPOS="1808" VPOS="400" WIDTH="24" HEIGHT="75" STYLEREFS="font0"/></TextLine><TextLine WIDTH="148" HEIGHT="75" ID="p591_t45" HPOS="1684" VPOS="439"><String ID="p591_w99" CONTENT="-" HPOS="1684" VPOS="439" WIDTH="14" HEIGHT="75" STYLEREFS="font0"/><SP WIDTH="16" VPOS="439" HPOS="1698"/><String ID="p591_w100" CONTENT="Aug.-" HPOS="1714" VPOS="439" WIDTH="118" HEIGHT="75" STYLEREFS="font0"/></TextLine><TextLine WIDTH="148" HEIGHT="75" ID="p591_t46" HPOS="1684" VPOS="484"><String ID="p591_w101" CONTENT="-" HPOS="1684" VPOS="484" WIDTH="16" HEIGHT="75" STYLEREFS="font0"/><SP WIDTH="16" VPOS="484" HPOS="1700"/><String ID="p591_w102" CONTENT="Sept.-" HPOS="1716" VPOS="484" WIDTH="116" HEIGHT="75" STYLEREFS="font0"/></TextLine><TextLine WIDTH="148" HEIGHT="75" ID="p591_t47" HPOS="1684" VPOS="531"><String ID="p591_w103" CONTENT="-" HPOS="1684" VPOS="531" WIDTH="18" HEIGHT="75" STYLEREFS="font0"/><SP WIDTH="16" VPOS="531" HPOS="1702"/><String ID="p591_w104" CONTENT="oa." HPOS="1718" VPOS="531" WIDTH="77" HEIGHT="75" STYLEREFS="font0"/><SP WIDTH="16" VPOS="531" HPOS="1795"/><String ID="p591_w105" CONTENT="-" HPOS="1811" VPOS="531" WIDTH="21" HEIGHT="75" STYLEREFS="font0"/></TextLine><TextLine WIDTH="148" HEIGHT="75" ID="p591_t48" HPOS="1684" VPOS="575"><String ID="p591_w106" CONTENT="-" HPOS="1684" VPOS="575" WIDTH="18" HEIGHT="75" STYLEREFS="font0"/><SP WIDTH="15" VPOS="575" HPOS="1702"/><String ID="p591_w107" CONTENT="Nov.-" HPOS="1717" VPOS="575" WIDTH="115" HEIGHT="75" STYLEREFS="font0"/></TextLine><TextLine WIDTH="148" HEIGHT="75" ID="p591_t49" HPOS="1684" VPOS="624"><String ID="p591_w108" CONTENT="-" HPOS="1684" VPOS="624" WIDTH="17" HEIGHT="75" STYLEREFS="font0"/><SP WIDTH="15" VPOS="624" HPOS="1701"/><String ID="p591_w109" CONTENT="Dec.-" HPOS="1716" VPOS="624" WIDTH="116" HEIGHT="75" STYLEREFS="font0"/></TextLine><TextLine WIDTH="148" HEIGHT="75" ID="p591_t50" HPOS="1684" VPOS="670"><String ID="p591_w110" CONTENT="-'Jan." HPOS="1684" VPOS="670" WIDTH="109" HEIGHT="75" STYLEREFS="font0"/><SP WIDTH="17" VPOS="670" HPOS="1793"/><String ID="p591_w111" CONTENT="-" HPOS="1810" VPOS="670" WIDTH="22" HEIGHT="75" STYLEREFS="font0"/></TextLine><TextLine WIDTH="148" HEIGHT="75" ID="p591_t51" HPOS="1684" VPOS="717"><String ID="p591_w112" CONTENT="-" HPOS="1684" VPOS="717" WIDTH="16" HEIGHT="75" STYLEREFS="font0"/><SP WIDTH="17" VPOS="717" HPOS="1700"/><String ID="p591_w113" CONTENT="Feb." HPOS="1717" VPOS="717" WIDTH="80" HEIGHT="75" STYLEREFS="font0"/><SP WIDTH="12" VPOS="717" HPOS="1797"/><String ID="p591_w114" CONTENT="-" HPOS="1809" VPOS="717" WIDTH="23" HEIGHT="75" STYLEREFS="font0"/></TextLine><TextLine WIDTH="148" HEIGHT="75" ID="p591_t52" HPOS="1684" VPOS="763"><String ID="p591_w115" CONTENT="-" HPOS="1684" VPOS="763" WIDTH="19" HEIGHT="75" STYLEREFS="font0"/><SP WIDTH="16" VPOS="763" HPOS="1703"/><String ID="p591_w116" CONTENT="Mar.-" HPOS="1719" VPOS="763" WIDTH="113" HEIGHT="75" STYLEREFS="font0"/></TextLine><TextLine WIDTH="148" HEIGHT="75" ID="p591_t53" HPOS="1684" VPOS="810"><String ID="p591_w117" CONTENT="-" HPOS="1684" VPOS="810" WIDTH="21" HEIGHT="75" STYLEREFS="font0"/><SP WIDTH="14" VPOS="810" HPOS="1705"/><String ID="p591_w118" CONTENT="Apr.-" HPOS="1719" VPOS="810" WIDTH="113" HEIGHT="75" STYLEREFS="font0"/></TextLine><TextLine WIDTH="148" HEIGHT="75" ID="p591_t54" HPOS="1684" VPOS="855"><String ID="p591_w119" CONTENT="-" HPOS="1684" VPOS="855" WIDTH="20" HEIGHT="75" STYLEREFS="font0"/><SP WIDTH="17" VPOS="855" HPOS="1704"/><String ID="p591_w120" CONTENT="May-" HPOS="1721" VPOS="855" WIDTH="111" HEIGHT="75" STYLEREFS="font0"/></TextLine><TextLine WIDTH="88" HEIGHT="75" ID="p591_t55" HPOS="1848" VPOS="344"><String ID="p591_w121" CONTENT="-July" HPOS="1848" VPOS="344" WIDTH="88" HEIGHT="75" STYLEREFS="font0"/></TextLine><TextLine WIDTH="97" HEIGHT="75" ID="p591_t56" HPOS="1848" VPOS="391"><String ID="p591_w122" CONTENT="-Aug." HPOS="1848" VPOS="391" WIDTH="97" HEIGHT="75" STYLEREFS="font0"/></TextLine><TextLine WIDTH="102" HEIGHT="75" ID="p591_t57" HPOS="1848" VPOS="438"><String ID="p591_w123" CONTENT="-Sept." HPOS="1848" VPOS="438" WIDTH="102" HEIGHT="75" STYLEREFS="font0"/></TextLine><TextLine WIDTH="85" HEIGHT="75" ID="p591_t58" HPOS="1848" VPOS="485"><String ID="p591_w124" CONTENT="-Oa." HPOS="1848" VPOS="485" WIDTH="85" HEIGHT="75" STYLEREFS="font0"/></TextLine><TextLine WIDTH="101" HEIGHT="75" ID="p591_t59" HPOS="1848" VPOS="530"><String ID="p591_w125" CONTENT="-Nov." HPOS="1848" VPOS="530" WIDTH="101" HEIGHT="75" STYLEREFS="font0"/></TextLine><TextLine WIDTH="95" HEIGHT="75" ID="p591_t60" HPOS="1848" VPOS="577"><String ID="p591_w126" CONTENT="-Dec." HPOS="1848" VPOS="577" WIDTH="95" HEIGHT="75" STYLEREFS="font0"/></TextLine><TextLine WIDTH="84" HEIGHT="75" ID="p591_t61" HPOS="1848" VPOS="623"><String ID="p591_w127" CONTENT="-Jan." HPOS="1848" VPOS="623" WIDTH="84" HEIGHT="75" STYLEREFS="font0"/></TextLine><TextLine WIDTH="91" HEIGHT="75" ID="p591_t62" HPOS="1848" VPOS="669"><String ID="p591_w128" CONTENT="-Feb." HPOS="1848" VPOS="669" WIDTH="91" HEIGHT="75" STYLEREFS="font0"/></TextLine><TextLine WIDTH="90" HEIGHT="75" ID="p591_t63" HPOS="1858" VPOS="716"><String ID="p591_w129" CONTENT="Mar." HPOS="1858" VPOS="716" WIDTH="90" HEIGHT="75" STYLEREFS="font0"/></TextLine><TextLine WIDTH="94" HEIGHT="75" ID="p591_t64" HPOS="1848" VPOS="762"><String ID="p591_w130" CONTENT="-Apr." HPOS="1848" VPOS="762" WIDTH="94" HEIGHT="75" STYLEREFS="font0"/></TextLine><TextLine WIDTH="94" HEIGHT="75" ID="p591_t65" HPOS="1848" VPOS="809"><String ID="p591_w131" CONTENT="-May" HPOS="1848" VPOS="809" WIDTH="94" HEIGHT="75" STYLEREFS="font0"/></TextLine><TextLine WIDTH="96" HEIGHT="75" ID="p591_t66" HPOS="1848" VPOS="856"><String ID="p591_w132" CONTENT="-June" HPOS="1848" VPOS="856" WIDTH="96" HEIGHT="75" STYLEREFS="font0"/></TextLine><TextLine WIDTH="342" HEIGHT="75" ID="p591_t67" HPOS="382" VPOS="952"><String ID="p591_w133" CONTENT="Days" HPOS="382" VPOS="952" WIDTH="93" HEIGHT="75" STYLEREFS="font0"/><SP WIDTH="16" VPOS="952" HPOS="475"/><String ID="p591_w134" CONTENT="in" HPOS="491" VPOS="952" WIDTH="32" HEIGHT="75" STYLEREFS="font0"/><SP WIDTH="17" VPOS="952" HPOS="523"/><String ID="p591_w135" CONTENT="the" HPOS="540" VPOS="952" WIDTH="56" HEIGHT="75" STYLEREFS="font0"/><SP WIDTH="18" VPOS="952" HPOS="596"/><String ID="p591_w136" CONTENT="year" HPOS="614" VPOS="952" WIDTH="75" HEIGHT="75" STYLEREFS="font0"/><SP WIDTH="15" VPOS="952" HPOS="689"/><String ID="p591_w137" CONTENT="-" HPOS="704" VPOS="952" WIDTH="20" HEIGHT="75" STYLEREFS="font0"/></TextLine><TextLine WIDTH="334" HEIGHT="75" ID="p591_t68" HPOS="1266" VPOS="948"><String ID="p591_w138" CONTENT="Days" HPOS="1266" VPOS="948" WIDTH="92" HEIGHT="75" STYLEREFS="font0"/><SP WIDTH="13" VPOS="948" HPOS="1358"/><String ID="p591_w139" CONTENT="in" HPOS="1371" VPOS="948" WIDTH="32" HEIGHT="75" STYLEREFS="font0"/><SP WIDTH="17" VPOS="948" HPOS="1403"/><String ID="p591_w140" CONTENT="the" HPOS="1420" VPOS="948" WIDTH="55" HEIGHT="75" STYLEREFS="font0"/><SP WIDTH="15" VPOS="948" HPOS="1475"/><String ID="p591_w141" CONTENT="year" HPOS="1490" VPOS="948" WIDTH="74" HEIGHT="75" STYLEREFS="font0"/><SP WIDTH="17" VPOS="948" HPOS="1564"/><String ID="p591_w142" CONTENT="-" HPOS="1581" VPOS="948" WIDTH="19" HEIGHT="75" STYLEREFS="font0"/></TextLine><TextLine WIDTH="1760" HEIGHT="75" ID="p591_t69" HPOS="300" VPOS="1045"><String ID="p591_w143" CONTENT="The" HPOS="300" VPOS="1045" WIDTH="77" HEIGHT="75" STYLEREFS="font0"/><SP WIDTH="16" VPOS="1045" HPOS="377"/><String ID="p591_w144" CONTENT="Arabians" HPOS="393" VPOS="1045" WIDTH="161" HEIGHT="75" STYLEREFS="font0"/><SP WIDTH="17" VPOS="1045" HPOS="554"/><String ID="p591_w145" CONTENT="add" HPOS="571" VPOS="1045" WIDTH="63" HEIGHT="75" STYLEREFS="font0"/><SP WIDTH="17" VPOS="1045" HPOS="634"/><String ID="p591_w146" CONTENT="11" HPOS="651" VPOS="1045" WIDTH="38" HEIGHT="75" STYLEREFS="font0"/><SP WIDTH="20" VPOS="1045" HPOS="689"/><String ID="p591_w147" CONTENT="days" HPOS="709" VPOS="1045" WIDTH="78" HEIGHT="75" STYLEREFS="font0"/><SP WIDTH="19" VPOS="1045" HPOS="787"/><String ID="p591_w148" CONTENT="at" HPOS="806" VPOS="1045" WIDTH="32" HEIGHT="75" STYLEREFS="font0"/><SP WIDTH="17" VPOS="1045" HPOS="838"/><String ID="p591_w149" CONTENT="the" HPOS="855" VPOS="1045" WIDTH="54" HEIGHT="75" STYLEREFS="font0"/><SP WIDTH="17" VPOS="1045" HPOS="909"/><String ID="p591_w150" CONTENT="end" HPOS="926" VPOS="1045" WIDTH="62" HEIGHT="75" STYLEREFS="font0"/><SP WIDTH="17" VPOS="1045" HPOS="988"/><String ID="p591_w151" CONTENT="of" HPOS="1005" VPOS="1045" WIDTH="40" HEIGHT="75" STYLEREFS="font0"/><SP WIDTH="19" VPOS="1045" HPOS="1045"/><String ID="p591_w152" CONTENT="every," HPOS="1064" VPOS="1045" WIDTH="102" HEIGHT="75" STYLEREFS="font0"/><SP WIDTH="10" VPOS="1045" HPOS="1166"/><String ID="p591_w153" CONTENT="year," HPOS="1176" VPOS="1045" WIDTH="90" HEIGHT="75" STYLEREFS="font0"/><SP WIDTH="25" VPOS="1045" HPOS="1266"/><String ID="p591_w154" CONTENT="which" HPOS="1291" VPOS="1045" WIDTH="107" HEIGHT="75" STYLEREFS="font0"/><SP WIDTH="22" VPOS="1045" HPOS="1398"/><String ID="p591_w155" CONTENT="keep" HPOS="1420" VPOS="1045" WIDTH="80" HEIGHT="75" STYLEREFS="font0"/><SP WIDTH="24" VPOS="1045" HPOS="1500"/><String ID="p591_w156" CONTENT="the" HPOS="1524" VPOS="1045" WIDTH="55" HEIGHT="75" STYLEREFS="font0"/><SP WIDTH="21" VPOS="1045" HPOS="1579"/><String ID="p591_w157" CONTENT="fame" HPOS="1600" VPOS="1045" WIDTH="84" HEIGHT="75" STYLEREFS="font0"/><SP WIDTH="16" VPOS="1045" HPOS="1684"/><String ID="p591_w158" CONTENT="months" HPOS="1700" VPOS="1045" WIDTH="128" HEIGHT="75" STYLEREFS="font0"/><SP WIDTH="25" VPOS="1045" HPOS="1828"/><String ID="p591_w159" CONTENT="to" HPOS="1853" VPOS="1045" WIDTH="36" HEIGHT="75" STYLEREFS="font0"/><SP WIDTH="17" VPOS="1045" HPOS="1889"/><String ID="p591_w160" CONTENT="the" HPOS="1906" VPOS="1045" WIDTH="55" HEIGHT="75" STYLEREFS="font0"/><SP WIDTH="16" VPOS="1045" HPOS="1961"/><String ID="p591_w161" CONTENT="fame" HPOS="1977" VPOS="1045" WIDTH="83" HEIGHT="75" STYLEREFS="font0"/></TextLine><TextLine WIDTH="137" HEIGHT="75" ID="p591_t70" HPOS="1112" VPOS="1086"><String ID="p591_w162" CONTENT="feafons." HPOS="1112" VPOS="1086" WIDTH="137" HEIGHT="75" STYLEREFS="font0"/></TextLine><TextLine WIDTH="982" HEIGHT="75" ID="p591_t71" HPOS="183" VPOS="1212"><String ID="p591_w163" CONTENT="A" HPOS="183" VPOS="1212" WIDTH="33" HEIGHT="75" STYLEREFS="font0"/><SP WIDTH="16" VPOS="1212" HPOS="216"/><String ID="p591_w164" CONTENT="day" HPOS="232" VPOS="1212" WIDTH="59" HEIGHT="75" STYLEREFS="font0"/><SP WIDTH="25" VPOS="1212" HPOS="291"/><String ID="p591_w165" CONTENT="is" HPOS="316" VPOS="1212" WIDTH="27" HEIGHT="75" STYLEREFS="font0"/><SP WIDTH="25" VPOS="1212" HPOS="343"/><String ID="p591_w166" CONTENT="either" HPOS="368" VPOS="1212" WIDTH="103" HEIGHT="75" STYLEREFS="font0"/><SP WIDTH="24" VPOS="1212" HPOS="471"/><String ID="p591_w167" CONTENT="natural" HPOS="495" VPOS="1212" WIDTH="141" HEIGHT="75" STYLEREFS="font0"/><SP WIDTH="20" VPOS="1212" HPOS="636"/><String ID="p591_w168" CONTENT="or" HPOS="656" VPOS="1212" WIDTH="37" HEIGHT="75" STYLEREFS="font0"/><SP WIDTH="24" VPOS="1212" HPOS="693"/><String ID="p591_w169" CONTENT="artificial." HPOS="717" VPOS="1212" WIDTH="172" HEIGHT="75" STYLEREFS="font0"/><SP WIDTH="49" VPOS="1212" HPOS="889"/><String ID="p591_w170" CONTENT="The" HPOS="938" VPOS="1212" WIDTH="76" HEIGHT="75" STYLEREFS="font0"/><SP WIDTH="26" VPOS="1212" HPOS="1014"/><String ID="p591_w171" CONTENT="natural" HPOS="1040" VPOS="1212" WIDTH="125" HEIGHT="75" STYLEREFS="font0"/></TextLine><TextLine WIDTH="1029" HEIGHT="75" ID="p591_t72" HPOS="136" VPOS="1257"><String ID="p591_w172" CONTENT="day" HPOS="136" VPOS="1257" WIDTH="63" HEIGHT="75" STYLEREFS="font0"/><SP WIDTH="16" VPOS="1257" HPOS="199"/><String ID="p591_w173" CONTENT="contains" HPOS="215" VPOS="1257" WIDTH="142" HEIGHT="75" STYLEREFS="font0"/><SP WIDTH="19" VPOS="1257" HPOS="357"/><String ID="p591_w174" CONTENT="24" HPOS="376" VPOS="1257" WIDTH="44" HEIGHT="75" STYLEREFS="font0"/><SP WIDTH="16" VPOS="1257" HPOS="420"/><String ID="p591_w175" CONTENT="hours" HPOS="436" VPOS="1257" WIDTH="98" HEIGHT="75" STYLEREFS="font0"/><SP WIDTH="13" VPOS="1257" HPOS="534"/><String ID="p591_w176" CONTENT=";" HPOS="547" VPOS="1257" WIDTH="9" HEIGHT="75" STYLEREFS="font0"/><SP WIDTH="27" VPOS="1257" HPOS="556"/><String ID="p591_w177" CONTENT="the" HPOS="583" VPOS="1257" WIDTH="54" HEIGHT="75" STYLEREFS="font0"/><SP WIDTH="18" VPOS="1257" HPOS="637"/><String ID="p591_w178" CONTENT="artificial" HPOS="655" VPOS="1257" WIDTH="143" HEIGHT="75" STYLEREFS="font0"/><SP WIDTH="21" VPOS="1257" HPOS="798"/><String ID="p591_w179" CONTENT="the" HPOS="819" VPOS="1257" WIDTH="55" HEIGHT="75" STYLEREFS="font0"/><SP WIDTH="18" VPOS="1257" HPOS="874"/><String ID="p591_w180" CONTENT="time" HPOS="892" VPOS="1257" WIDTH="75" HEIGHT="75" STYLEREFS="font0"/><SP WIDTH="26" VPOS="1257" HPOS="967"/><String ID="p591_w181" CONTENT="from" HPOS="993" VPOS="1257" WIDTH="83" HEIGHT="75" STYLEREFS="font0"/><SP WIDTH="18" VPOS="1257" HPOS="1076"/><String ID="p591_w182" CONTENT="fun-" HPOS="1094" VPOS="1257" WIDTH="71" HEIGHT="75" STYLEREFS="font0"/></TextLine><TextLine WIDTH="1034" HEIGHT="75" ID="p591_t73" HPOS="137" VPOS="1304"><String ID="p591_w183" CONTENT="rife" HPOS="137" VPOS="1304" WIDTH="58" HEIGHT="75" STYLEREFS="font0"/><SP WIDTH="17" VPOS="1304" HPOS="195"/><String ID="p591_w184" CONTENT="to" HPOS="212" VPOS="1304" WIDTH="35" HEIGHT="75" STYLEREFS="font0"/><SP WIDTH="15" VPOS="1304" HPOS="247"/><String ID="p591_w185" CONTENT="fun-fet." HPOS="262" VPOS="1304" WIDTH="132" HEIGHT="75" STYLEREFS="font0"/><SP WIDTH="47" VPOS="1304" HPOS="394"/><String ID="p591_w186" CONTENT="The" HPOS="441" VPOS="1304" WIDTH="77" HEIGHT="75" STYLEREFS="font0"/><SP WIDTH="24" VPOS="1304" HPOS="518"/><String ID="p591_w187" CONTENT="natural" HPOS="542" VPOS="1304" WIDTH="123" HEIGHT="75" STYLEREFS="font0"/><SP WIDTH="26" VPOS="1304" HPOS="665"/><String ID="p591_w188" CONTENT="day" HPOS="691" VPOS="1304" WIDTH="63" HEIGHT="75" STYLEREFS="font0"/><SP WIDTH="16" VPOS="1304" HPOS="754"/><String ID="p591_w189" CONTENT="is" HPOS="770" VPOS="1304" WIDTH="26" HEIGHT="75" STYLEREFS="font0"/><SP WIDTH="25" VPOS="1304" HPOS="796"/><String ID="p591_w190" CONTENT="either" HPOS="821" VPOS="1304" WIDTH="102" HEIGHT="75" STYLEREFS="font0"/><SP WIDTH="19" VPOS="1304" HPOS="923"/><String ID="p591_w191" CONTENT="ajlrtnotnical" HPOS="942" VPOS="1304" WIDTH="229" HEIGHT="75" STYLEREFS="font0"/></TextLine><TextLine WIDTH="1032" HEIGHT="75" ID="p591_t74" HPOS="136" VPOS="1349"><String ID="p591_w192" CONTENT="or" HPOS="136" VPOS="1349" WIDTH="37" HEIGHT="75" STYLEREFS="font0"/><SP WIDTH="17" VPOS="1349" HPOS="173"/><String ID="p591_w193" CONTENT="civil." HPOS="190" VPOS="1349" WIDTH="91" HEIGHT="75" STYLEREFS="font0"/><SP WIDTH="48" VPOS="1349" HPOS="281"/><String ID="p591_w194" CONTENT="The" HPOS="329" VPOS="1349" WIDTH="76" HEIGHT="75" STYLEREFS="font0"/><SP WIDTH="17" VPOS="1349" HPOS="405"/><String ID="p591_w195" CONTENT="aftronomical" HPOS="422" VPOS="1349" WIDTH="218" HEIGHT="75" STYLEREFS="font0"/><SP WIDTH="18" VPOS="1349" HPOS="640"/><String ID="p591_w196" CONTENT="day" HPOS="658" VPOS="1349" WIDTH="63" HEIGHT="75" STYLEREFS="font0"/><SP WIDTH="14" VPOS="1349" HPOS="721"/><String ID="p591_w197" CONTENT="begins" HPOS="735" VPOS="1349" WIDTH="111" HEIGHT="75" STYLEREFS="font0"/><SP WIDTH="19" VPOS="1349" HPOS="846"/><String ID="p591_w198" CONTENT="at" HPOS="865" VPOS="1349" WIDTH="32" HEIGHT="75" STYLEREFS="font0"/><SP WIDTH="17" VPOS="1349" HPOS="897"/><String ID="p591_w199" CONTENT="noon," HPOS="914" VPOS="1349" WIDTH="97" HEIGHT="75" STYLEREFS="font0"/><SP WIDTH="25" VPOS="1349" HPOS="1011"/><String ID="p591_w200" CONTENT="becaufe" HPOS="1036" VPOS="1349" WIDTH="132" HEIGHT="75" STYLEREFS="font0"/></TextLine><TextLine WIDTH="1031" HEIGHT="75" ID="p591_t75" HPOS="136" VPOS="1395"><String ID="p591_w201" CONTENT="the" HPOS="136" VPOS="1395" WIDTH="56" HEIGHT="75" STYLEREFS="font0"/><SP WIDTH="16" VPOS="1395" HPOS="192"/><String ID="p591_w202" CONTENT="increafe" HPOS="208" VPOS="1395" WIDTH="139" HEIGHT="75" STYLEREFS="font0"/><SP WIDTH="17" VPOS="1395" HPOS="347"/><String ID="p591_w203" CONTENT="and" HPOS="364" VPOS="1395" WIDTH="62" HEIGHT="75" STYLEREFS="font0"/><SP WIDTH="16" VPOS="1395" HPOS="426"/><String ID="p591_w204" CONTENT="decreafe" HPOS="442" VPOS="1395" WIDTH="145" HEIGHT="75" STYLEREFS="font0"/><SP WIDTH="12" VPOS="1395" HPOS="587"/><String ID="p591_w205" CONTENT="of" HPOS="599" VPOS="1395" WIDTH="41" HEIGHT="75" STYLEREFS="font0"/><SP WIDTH="10" VPOS="1395" HPOS="640"/><String ID="p591_w206" CONTENT="days" HPOS="650" VPOS="1395" WIDTH="79" HEIGHT="75" STYLEREFS="font0"/><SP WIDTH="17" VPOS="1395" HPOS="729"/><String ID="p591_w207" CONTENT="terminated" HPOS="746" VPOS="1395" WIDTH="191" HEIGHT="75" STYLEREFS="font0"/><SP WIDTH="16" VPOS="1395" HPOS="937"/><String ID="p591_w208" CONTENT="by" HPOS="953" VPOS="1395" WIDTH="43" HEIGHT="75" STYLEREFS="font0"/><SP WIDTH="17" VPOS="1395" HPOS="996"/><String ID="p591_w209" CONTENT="the" HPOS="1013" VPOS="1395" WIDTH="55" HEIGHT="75" STYLEREFS="font0"/><SP WIDTH="11" VPOS="1395" HPOS="1068"/><String ID="p591_w210" CONTENT="horE" HPOS="1079" VPOS="1395" WIDTH="88" HEIGHT="75" STYLEREFS="font0"/></TextLine><TextLine WIDTH="1030" HEIGHT="75" ID="p591_t76" HPOS="137" VPOS="1440"><String ID="p591_w211" CONTENT="zon" HPOS="137" VPOS="1440" WIDTH="64" HEIGHT="75" STYLEREFS="font0"/><SP WIDTH="18" VPOS="1440" HPOS="201"/><String ID="p591_w212" CONTENT="are" HPOS="219" VPOS="1440" WIDTH="52" HEIGHT="75" STYLEREFS="font0"/><SP WIDTH="22" VPOS="1440" HPOS="271"/><String ID="p591_w213" CONTENT="very" HPOS="293" VPOS="1440" WIDTH="77" HEIGHT="75" STYLEREFS="font0"/><SP WIDTH="14" VPOS="1440" HPOS="370"/><String ID="p591_w214" CONTENT="unequal" HPOS="384" VPOS="1440" WIDTH="139" HEIGHT="75" STYLEREFS="font0"/><SP WIDTH="23" VPOS="1440" HPOS="523"/><String ID="p591_w215" CONTENT="among" HPOS="546" VPOS="1440" WIDTH="114" HEIGHT="75" STYLEREFS="font0"/><SP WIDTH="16" VPOS="1440" HPOS="660"/><String ID="p591_w216" CONTENT="themfelves;" HPOS="676" VPOS="1440" WIDTH="210" HEIGHT="75" STYLEREFS="font0"/><SP WIDTH="29" VPOS="1440" HPOS="886"/><String ID="p591_w217" CONTENT="which" HPOS="915" VPOS="1440" WIDTH="103" HEIGHT="75" STYLEREFS="font0"/><SP WIDTH="17" VPOS="1440" HPOS="1018"/><String ID="p591_w218" CONTENT="inequa-" HPOS="1035" VPOS="1440" WIDTH="132" HEIGHT="75" STYLEREFS="font0"/></TextLine><TextLine WIDTH="1031" HEIGHT="75" ID="p591_t77" HPOS="137" VPOS="1487"><String ID="p591_w219" CONTENT="lity" HPOS="137" VPOS="1487" WIDTH="61" HEIGHT="75" STYLEREFS="font0"/><SP WIDTH="15" VPOS="1487" HPOS="198"/><String ID="p591_w220" CONTENT="is" HPOS="213" VPOS="1487" WIDTH="26" HEIGHT="75" STYLEREFS="font0"/><SP WIDTH="17" VPOS="1487" HPOS="239"/><String ID="p591_w221" CONTENT="likewife" HPOS="256" VPOS="1487" WIDTH="139" HEIGHT="75" STYLEREFS="font0"/><SP WIDTH="17" VPOS="1487" HPOS="395"/><String ID="p591_w222" CONTENT="augmented" HPOS="412" VPOS="1487" WIDTH="189" HEIGHT="75" STYLEREFS="font0"/><SP WIDTH="17" VPOS="1487" HPOS="601"/><String ID="p591_w223" CONTENT="by" HPOS="618" VPOS="1487" WIDTH="43" HEIGHT="75" STYLEREFS="font0"/><SP WIDTH="17" VPOS="1487" HPOS="661"/><String ID="p591_w224" CONTENT="the" HPOS="678" VPOS="1487" WIDTH="55" HEIGHT="75" STYLEREFS="font0"/><SP WIDTH="16" VPOS="1487" HPOS="733"/><String ID="p591_w225" CONTENT="inconftancy" HPOS="749" VPOS="1487" WIDTH="202" HEIGHT="75" STYLEREFS="font0"/><SP WIDTH="17" VPOS="1487" HPOS="951"/><String ID="p591_w226" CONTENT="of" HPOS="968" VPOS="1487" WIDTH="39" HEIGHT="75" STYLEREFS="font0"/><SP WIDTH="24" VPOS="1487" HPOS="1007"/><String ID="p591_w227" CONTENT="the" HPOS="1031" VPOS="1487" WIDTH="55" HEIGHT="75" STYLEREFS="font0"/><SP WIDTH="23" VPOS="1487" HPOS="1086"/><String ID="p591_w228" CONTENT="ho-" HPOS="1109" VPOS="1487" WIDTH="59" HEIGHT="75" STYLEREFS="font0"/></TextLine><TextLine WIDTH="1031" HEIGHT="75" ID="p591_t78" HPOS="137" VPOS="1534"><String ID="p591_w229" CONTENT="rizontal" HPOS="137" VPOS="1534" WIDTH="137" HEIGHT="75" STYLEREFS="font0"/><SP WIDTH="24" VPOS="1534" HPOS="274"/><String ID="p591_w230" CONTENT="refradtions," HPOS="298" VPOS="1534" WIDTH="197" HEIGHT="75" STYLEREFS="font0"/><SP WIDTH="27" VPOS="1534" HPOS="495"/><String ID="p591_w231" CONTENT="and" HPOS="522" VPOS="1534" WIDTH="60" HEIGHT="75" STYLEREFS="font0"/><SP WIDTH="18" VPOS="1534" HPOS="582"/><String ID="p591_w232" CONTENT="therefore" HPOS="600" VPOS="1534" WIDTH="164" HEIGHT="75" STYLEREFS="font0"/><SP WIDTH="24" VPOS="1534" HPOS="764"/><String ID="p591_w233" CONTENT="the" HPOS="788" VPOS="1534" WIDTH="55" HEIGHT="75" STYLEREFS="font0"/><SP WIDTH="25" VPOS="1534" HPOS="843"/><String ID="p591_w234" CONTENT="aftronomer" HPOS="868" VPOS="1534" WIDTH="193" HEIGHT="75" STYLEREFS="font0"/><SP WIDTH="16" VPOS="1534" HPOS="1061"/><String ID="p591_w235" CONTENT="takes" HPOS="1077" VPOS="1534" WIDTH="91" HEIGHT="75" STYLEREFS="font0"/></TextLine><TextLine WIDTH="1031" HEIGHT="75" ID="p591_t79" HPOS="137" VPOS="1581"><String ID="p591_w236" CONTENT="the" HPOS="137" VPOS="1581" WIDTH="56" HEIGHT="75" STYLEREFS="font0"/><SP WIDTH="16" VPOS="1581" HPOS="193"/><String ID="p591_w237" CONTENT="meridian" HPOS="209" VPOS="1581" WIDTH="154" HEIGHT="75" STYLEREFS="font0"/><SP WIDTH="13" VPOS="1581" HPOS="363"/><String ID="p591_w238" CONTENT="for" HPOS="376" VPOS="1581" WIDTH="51" HEIGHT="75" STYLEREFS="font0"/><SP WIDTH="15" VPOS="1581" HPOS="427"/><String ID="p591_w239" CONTENT="the" HPOS="442" VPOS="1581" WIDTH="57" HEIGHT="75" STYLEREFS="font0"/><SP WIDTH="12" VPOS="1581" HPOS="499"/><String ID="p591_w240" CONTENT="limit" HPOS="511" VPOS="1581" WIDTH="82" HEIGHT="75" STYLEREFS="font0"/><SP WIDTH="17" VPOS="1581" HPOS="593"/><String ID="p591_w241" CONTENT="of" HPOS="610" VPOS="1581" WIDTH="40" HEIGHT="75" STYLEREFS="font0"/><SP WIDTH="11" VPOS="1581" HPOS="650"/><String ID="p591_w242" CONTENT="diurnal" HPOS="661" VPOS="1581" WIDTH="124" HEIGHT="75" STYLEREFS="font0"/><SP WIDTH="17" VPOS="1581" HPOS="785"/><String ID="p591_w243" CONTENT="revolutions," HPOS="802" VPOS="1581" WIDTH="209" HEIGHT="75" STYLEREFS="font0"/><SP WIDTH="24" VPOS="1581" HPOS="1011"/><String ID="p591_w244" CONTENT="reckon-" HPOS="1035" VPOS="1581" WIDTH="133" HEIGHT="75" STYLEREFS="font0"/></TextLine><TextLine WIDTH="1033" HEIGHT="75" ID="p591_t80" HPOS="136" VPOS="1626"><String ID="p591_w245" CONTENT="ing" HPOS="136" VPOS="1626" WIDTH="56" HEIGHT="75" STYLEREFS="font0"/><SP WIDTH="11" VPOS="1626" HPOS="192"/><String ID="p591_w246" CONTENT="noon," HPOS="203" VPOS="1626" WIDTH="96" HEIGHT="75" STYLEREFS="font0"/><SP WIDTH="25" VPOS="1626" HPOS="299"/><String ID="p591_w247" CONTENT="that" HPOS="324" VPOS="1626" WIDTH="71" HEIGHT="75" STYLEREFS="font0"/><SP WIDTH="16" VPOS="1626" HPOS="395"/><String ID="p591_w248" CONTENT="is," HPOS="411" VPOS="1626" WIDTH="40" HEIGHT="75" STYLEREFS="font0"/><SP WIDTH="25" VPOS="1626" HPOS="451"/><String ID="p591_w249" CONTENT="the" HPOS="476" VPOS="1626" WIDTH="56" HEIGHT="75" STYLEREFS="font0"/><SP WIDTH="15" VPOS="1626" HPOS="532"/><String ID="p591_w250" CONTENT="inftant" HPOS="547" VPOS="1626" WIDTH="115" HEIGHT="75" STYLEREFS="font0"/><SP WIDTH="16" VPOS="1626" HPOS="662"/><String ID="p591_w251" CONTENT="when" HPOS="678" VPOS="1626" WIDTH="92" HEIGHT="75" STYLEREFS="font0"/><SP WIDTH="17" VPOS="1626" HPOS="770"/><String ID="p591_w252" CONTENT="the" HPOS="787" VPOS="1626" WIDTH="55" HEIGHT="75" STYLEREFS="font0"/><SP WIDTH="15" VPOS="1626" HPOS="842"/><String ID="p591_w253" CONTENT="fun’s" HPOS="857" VPOS="1626" WIDTH="86" HEIGHT="75" STYLEREFS="font0"/><SP WIDTH="17" VPOS="1626" HPOS="943"/><String ID="p591_w254" CONTENT="centre" HPOS="960" VPOS="1626" WIDTH="107" HEIGHT="75" STYLEREFS="font0"/><SP WIDTH="16" VPOS="1626" HPOS="1067"/><String ID="p591_w255" CONTENT="is" HPOS="1083" VPOS="1626" WIDTH="26" HEIGHT="75" STYLEREFS="font0"/><SP WIDTH="18" VPOS="1626" HPOS="1109"/><String ID="p591_w256" CONTENT="on" HPOS="1127" VPOS="1626" WIDTH="42" HEIGHT="75" STYLEREFS="font0"/></TextLine><TextLine WIDTH="1030" HEIGHT="75" ID="p591_t81" HPOS="137" VPOS="1673"><String ID="p591_w257" CONTENT="the" HPOS="137" VPOS="1673" WIDTH="56" HEIGHT="75" STYLEREFS="font0"/><SP WIDTH="17" VPOS="1673" HPOS="193"/><String ID="p591_w258" CONTENT="meridian," HPOS="210" VPOS="1673" WIDTH="167" HEIGHT="75" STYLEREFS="font0"/><SP WIDTH="26" VPOS="1673" HPOS="377"/><String ID="p591_w259" CONTENT="for" HPOS="403" VPOS="1673" WIDTH="53" HEIGHT="75" STYLEREFS="font0"/><SP WIDTH="21" VPOS="1673" HPOS="456"/><String ID="p591_w260" CONTENT="the" HPOS="477" VPOS="1673" WIDTH="56" HEIGHT="75" STYLEREFS="font0"/><SP WIDTH="25" VPOS="1673" HPOS="533"/><String ID="p591_w261" CONTENT="beginning" HPOS="558" VPOS="1673" WIDTH="172" HEIGHT="75" STYLEREFS="font0"/><SP WIDTH="16" VPOS="1673" HPOS="730"/><String ID="p591_w262" CONTENT="of" HPOS="746" VPOS="1673" WIDTH="40" HEIGHT="75" STYLEREFS="font0"/><SP WIDTH="18" VPOS="1673" HPOS="786"/><String ID="p591_w263" CONTENT="the" HPOS="804" VPOS="1673" WIDTH="56" HEIGHT="75" STYLEREFS="font0"/><SP WIDTH="16" VPOS="1673" HPOS="860"/><String ID="p591_w264" CONTENT="day.'" HPOS="876" VPOS="1673" WIDTH="87" HEIGHT="75" STYLEREFS="font0"/><SP WIDTH="36" VPOS="1673" HPOS="963"/><String ID="p591_w265" CONTENT="The" HPOS="999" VPOS="1673" WIDTH="78" HEIGHT="75" STYLEREFS="font0"/><SP WIDTH="17" VPOS="1673" HPOS="1077"/><String ID="p591_w266" CONTENT="Bri-" HPOS="1094" VPOS="1673" WIDTH="73" HEIGHT="75" STYLEREFS="font0"/></TextLine><TextLine WIDTH="1028" HEIGHT="75" ID="p591_t82" HPOS="136" VPOS="1718"><String ID="p591_w267" CONTENT="tifli," HPOS="136" VPOS="1718" WIDTH="73" HEIGHT="75" STYLEREFS="font0"/><SP WIDTH="26" VPOS="1718" HPOS="209"/><String ID="p591_w268" CONTENT="French," HPOS="235" VPOS="1718" WIDTH="139" HEIGHT="75" STYLEREFS="font0"/><SP WIDTH="25" VPOS="1718" HPOS="374"/><String ID="p591_w269" CONTENT="Dutch," HPOS="399" VPOS="1718" WIDTH="127" HEIGHT="75" STYLEREFS="font0"/><SP WIDTH="26" VPOS="1718" HPOS="526"/><String ID="p591_w270" CONTENT="Germans," HPOS="552" VPOS="1718" WIDTH="173" HEIGHT="75" STYLEREFS="font0"/><SP WIDTH="27" VPOS="1718" HPOS="725"/><String ID="p591_w271" CONTENT="Spaniards," HPOS="752" VPOS="1718" WIDTH="184" HEIGHT="75" STYLEREFS="font0"/><SP WIDTH="18" VPOS="1718" HPOS="936"/><String ID="p591_w272" CONTENT="Portuguefe," HPOS="954" VPOS="1718" WIDTH="210" HEIGHT="75" STYLEREFS="font0"/></TextLine><TextLine WIDTH="1028" HEIGHT="75" ID="p591_t83" HPOS="137" VPOS="1766"><String ID="p591_w273" CONTENT="and" HPOS="137" VPOS="1766" WIDTH="64" HEIGHT="75" STYLEREFS="font0"/><SP WIDTH="15" VPOS="1766" HPOS="201"/><String ID="p591_w274" CONTENT="Egyptians," HPOS="216" VPOS="1766" WIDTH="191" HEIGHT="75" STYLEREFS="font0"/><SP WIDTH="25" VPOS="1766" HPOS="407"/><String ID="p591_w275" CONTENT="begin" HPOS="432" VPOS="1766" WIDTH="94" HEIGHT="75" STYLEREFS="font0"/><SP WIDTH="13" VPOS="1766" HPOS="526"/><String ID="p591_w276" CONTENT="the" HPOS="539" VPOS="1766" WIDTH="55" HEIGHT="75" STYLEREFS="font0"/><SP WIDTH="17" VPOS="1766" HPOS="594"/><String ID="p591_w277" CONTENT="civil" HPOS="611" VPOS="1766" WIDTH="71" HEIGHT="75" STYLEREFS="font0"/><SP WIDTH="19" VPOS="1766" HPOS="682"/><String ID="p591_w278" CONTENT="day" HPOS="701" VPOS="1766" WIDTH="63" HEIGHT="75" STYLEREFS="font0"/><SP WIDTH="12" VPOS="1766" HPOS="764"/><String ID="p591_w279" CONTENT="at" HPOS="776" VPOS="1766" WIDTH="32" HEIGHT="75" STYLEREFS="font0"/><SP WIDTH="18" VPOS="1766" HPOS="808"/><String ID="p591_w280" CONTENT="midnight;" HPOS="826" VPOS="1766" WIDTH="178" HEIGHT="75" STYLEREFS="font0"/><SP WIDTH="26" VPOS="1766" HPOS="1004"/><String ID="p591_w281" CONTENT="the" HPOS="1030" VPOS="1766" WIDTH="56" HEIGHT="75" STYLEREFS="font0"/><SP WIDTH="24" VPOS="1766" HPOS="1086"/><String ID="p591_w282" CONTENT="an-" HPOS="1110" VPOS="1766" WIDTH="55" HEIGHT="75" STYLEREFS="font0"/></TextLine><TextLine WIDTH="1028" HEIGHT="75" ID="p591_t84" HPOS="138" VPOS="1810"><String ID="p591_w283" CONTENT="cient" HPOS="138" VPOS="1810" WIDTH="86" HEIGHT="75" STYLEREFS="font0"/><SP WIDTH="16" VPOS="1810" HPOS="224"/><String ID="p591_w284" CONTENT="Greeks," HPOS="240" VPOS="1810" WIDTH="142" HEIGHT="75" STYLEREFS="font0"/><SP WIDTH="25" VPOS="1810" HPOS="382"/><String ID="p591_w285" CONTENT="Jews," HPOS="407" VPOS="1810" WIDTH="100" HEIGHT="75" STYLEREFS="font0"/><SP WIDTH="26" VPOS="1810" HPOS="507"/><String ID="p591_w286" CONTENT="Bohemians," HPOS="533" VPOS="1810" WIDTH="206" HEIGHT="75" STYLEREFS="font0"/><SP WIDTH="27" VPOS="1810" HPOS="739"/><String ID="p591_w287" CONTENT="Silefians," HPOS="766" VPOS="1810" WIDTH="157" HEIGHT="75" STYLEREFS="font0"/><SP WIDTH="19" VPOS="1810" HPOS="923"/><String ID="p591_w288" CONTENT="with" HPOS="942" VPOS="1810" WIDTH="76" HEIGHT="75" STYLEREFS="font0"/><SP WIDTH="12" VPOS="1810" HPOS="1018"/><String ID="p591_w289" CONTENT="the" HPOS="1030" VPOS="1810" WIDTH="55" HEIGHT="75" STYLEREFS="font0"/><SP WIDTH="12" VPOS="1810" HPOS="1085"/><String ID="p591_w290" CONTENT="mo-" HPOS="1097" VPOS="1810" WIDTH="69" HEIGHT="75" STYLEREFS="font0"/></TextLine><TextLine WIDTH="1031" HEIGHT="75" ID="p591_t85" HPOS="137" VPOS="1857"><String ID="p591_w291" CONTENT="dern" HPOS="137" VPOS="1857" WIDTH="80" HEIGHT="75" STYLEREFS="font0"/><SP WIDTH="15" VPOS="1857" HPOS="217"/><String ID="p591_w292" CONTENT="Italians," HPOS="232" VPOS="1857" WIDTH="145" HEIGHT="75" STYLEREFS="font0"/><SP WIDTH="26" VPOS="1857" HPOS="377"/><String ID="p591_w293" CONTENT="and" HPOS="403" VPOS="1857" WIDTH="60" HEIGHT="75" STYLEREFS="font0"/><SP WIDTH="26" VPOS="1857" HPOS="463"/><String ID="p591_w294" CONTENT="Ghinefe," HPOS="489" VPOS="1857" WIDTH="148" HEIGHT="75" STYLEREFS="font0"/><SP WIDTH="26" VPOS="1857" HPOS="637"/><String ID="p591_w295" CONTENT="begin" HPOS="663" VPOS="1857" WIDTH="93" HEIGHT="75" STYLEREFS="font0"/><SP WIDTH="17" VPOS="1857" HPOS="756"/><String ID="p591_w296" CONTENT="it" HPOS="773" VPOS="1857" WIDTH="26" HEIGHT="75" STYLEREFS="font0"/><SP WIDTH="17" VPOS="1857" HPOS="799"/><String ID="p591_w297" CONTENT="at" HPOS="816" VPOS="1857" WIDTH="32" HEIGHT="75" STYLEREFS="font0"/><SP WIDTH="22" VPOS="1857" HPOS="848"/><String ID="p591_w298" CONTENT="fun-fetting;" HPOS="870" VPOS="1857" WIDTH="208" HEIGHT="75" STYLEREFS="font0"/><SP WIDTH="27" VPOS="1857" HPOS="1078"/><String ID="p591_w299" CONTENT="and" HPOS="1105" VPOS="1857" WIDTH="63" HEIGHT="75" STYLEREFS="font0"/></TextLine><TextLine WIDTH="1028" HEIGHT="75" ID="p591_t86" HPOS="137" VPOS="1905"><String ID="p591_w300" CONTENT="the" HPOS="137" VPOS="1905" WIDTH="55" HEIGHT="75" STYLEREFS="font0"/><SP WIDTH="16" VPOS="1905" HPOS="192"/><String ID="p591_w301" CONTENT="ancient" HPOS="208" VPOS="1905" WIDTH="125" HEIGHT="75" STYLEREFS="font0"/><SP WIDTH="12" VPOS="1905" HPOS="333"/><String ID="p591_w302" CONTENT="Babylonians," HPOS="345" VPOS="1905" WIDTH="228" HEIGHT="75" STYLEREFS="font0"/><SP WIDTH="26" VPOS="1905" HPOS="573"/><String ID="p591_w303" CONTENT="Perfians," HPOS="599" VPOS="1905" WIDTH="154" HEIGHT="75" STYLEREFS="font0"/><SP WIDTH="19" VPOS="1905" HPOS="753"/><String ID="p591_w304" CONTENT="Syrians," HPOS="772" VPOS="1905" WIDTH="144" HEIGHT="75" STYLEREFS="font0"/><SP WIDTH="17" VPOS="1905" HPOS="916"/><String ID="p591_w305" CONTENT="with" HPOS="933" VPOS="1905" WIDTH="80" HEIGHT="75" STYLEREFS="font0"/><SP WIDTH="17" VPOS="1905" HPOS="1013"/><String ID="p591_w306" CONTENT="the" HPOS="1030" VPOS="1905" WIDTH="55" HEIGHT="75" STYLEREFS="font0"/><SP WIDTH="12" VPOS="1905" HPOS="1085"/><String ID="p591_w307" CONTENT="mo-" HPOS="1097" VPOS="1905" WIDTH="68" HEIGHT="75" STYLEREFS="font0"/></TextLine><TextLine WIDTH="489" HEIGHT="75" ID="p591_t87" HPOS="137" VPOS="1950"><String ID="p591_w308" CONTENT="dern" HPOS="137" VPOS="1950" WIDTH="79" HEIGHT="75" STYLEREFS="font0"/><SP WIDTH="18" VPOS="1950" HPOS="216"/><String ID="p591_w309" CONTENT="Greeks," HPOS="234" VPOS="1950" WIDTH="139" HEIGHT="75" STYLEREFS="font0"/><SP WIDTH="28" VPOS="1950" HPOS="373"/><String ID="p591_w310" CONTENT="at" HPOS="401" VPOS="1950" WIDTH="32" HEIGHT="75" STYLEREFS="font0"/><SP WIDTH="15" VPOS="1950" HPOS="433"/><String ID="p591_w311" CONTENT="fun-rifing." HPOS="448" VPOS="1950" WIDTH="178" HEIGHT="75" STYLEREFS="font0"/></TextLine><TextLine WIDTH="985" HEIGHT="75" ID="p591_t88" HPOS="184" VPOS="1996"><String ID="p591_w312" CONTENT="An" HPOS="184" VPOS="1996" WIDTH="57" HEIGHT="75" STYLEREFS="font0"/><SP WIDTH="17" VPOS="1996" HPOS="241"/><String ID="p591_w313" CONTENT="hour" HPOS="258" VPOS="1996" WIDTH="79" HEIGHT="75" STYLEREFS="font0"/><SP WIDTH="15" VPOS="1996" HPOS="337"/><String ID="p591_w314" CONTENT="is" HPOS="352" VPOS="1996" WIDTH="26" HEIGHT="75" STYLEREFS="font0"/><SP WIDTH="13" VPOS="1996" HPOS="378"/><String ID="p591_w315" CONTENT="a" HPOS="391" VPOS="1996" WIDTH="19" HEIGHT="75" STYLEREFS="font0"/><SP WIDTH="16" VPOS="1996" HPOS="410"/><String ID="p591_w316" CONTENT="certain" HPOS="426" VPOS="1996" WIDTH="119" HEIGHT="75" STYLEREFS="font0"/><SP WIDTH="13" VPOS="1996" HPOS="545"/><String ID="p591_w317" CONTENT="determinate" HPOS="558" VPOS="1996" WIDTH="207" HEIGHT="75" STYLEREFS="font0"/><SP WIDTH="12" VPOS="1996" HPOS="765"/><String ID="p591_w318" CONTENT="part" HPOS="777" VPOS="1996" WIDTH="74" HEIGHT="75" STYLEREFS="font0"/><SP WIDTH="16" VPOS="1996" HPOS="851"/><String ID="p591_w319" CONTENT="of" HPOS="867" VPOS="1996" WIDTH="40" HEIGHT="75" STYLEREFS="font0"/><SP WIDTH="20" VPOS="1996" HPOS="907"/><String ID="p591_w320" CONTENT="the" HPOS="927" VPOS="1996" WIDTH="55" HEIGHT="75" STYLEREFS="font0"/><SP WIDTH="21" VPOS="1996" HPOS="982"/><String ID="p591_w321" CONTENT="day," HPOS="1003" VPOS="1996" WIDTH="76" HEIGHT="75" STYLEREFS="font0"/><SP WIDTH="26" VPOS="1996" HPOS="1079"/><String ID="p591_w322" CONTENT="and" HPOS="1105" VPOS="1996" WIDTH="64" HEIGHT="75" STYLEREFS="font0"/></TextLine><TextLine WIDTH="1029" HEIGHT="75" ID="p591_t89" HPOS="140" VPOS="2042"><String ID="p591_w323" CONTENT="is" HPOS="140" VPOS="2042" WIDTH="27" HEIGHT="75" STYLEREFS="font0"/><SP WIDTH="19" VPOS="2042" HPOS="167"/><String ID="p591_w324" CONTENT="either" HPOS="186" VPOS="2042" WIDTH="102" HEIGHT="75" STYLEREFS="font0"/><SP WIDTH="15" VPOS="2042" HPOS="288"/><String ID="p591_w325" CONTENT="equal" HPOS="303" VPOS="2042" WIDTH="99" HEIGHT="75" STYLEREFS="font0"/><SP WIDTH="18" VPOS="2042" HPOS="402"/><String ID="p591_w326" CONTENT="or" HPOS="420" VPOS="2042" WIDTH="38" HEIGHT="75" STYLEREFS="font0"/><SP WIDTH="18" VPOS="2042" HPOS="458"/><String ID="p591_w327" CONTENT="unequal." HPOS="476" VPOS="2042" WIDTH="153" HEIGHT="75" STYLEREFS="font0"/><SP WIDTH="48" VPOS="2042" HPOS="629"/><String ID="p591_w328" CONTENT="An" HPOS="677" VPOS="2042" WIDTH="54" HEIGHT="75" STYLEREFS="font0"/><SP WIDTH="18" VPOS="2042" HPOS="731"/><String ID="p591_w329" CONTENT="equal" HPOS="749" VPOS="2042" WIDTH="92" HEIGHT="75" STYLEREFS="font0"/><SP WIDTH="17" VPOS="2042" HPOS="841"/><String ID="p591_w330" CONTENT="hour" HPOS="858" VPOS="2042" WIDTH="83" HEIGHT="75" STYLEREFS="font0"/><SP WIDTH="22" VPOS="2042" HPOS="941"/><String ID="p591_w331" CONTENT="is" HPOS="963" VPOS="2042" WIDTH="26" HEIGHT="75" STYLEREFS="font0"/><SP WIDTH="17" VPOS="2042" HPOS="989"/><String ID="p591_w332" CONTENT="the" HPOS="1006" VPOS="2042" WIDTH="56" HEIGHT="75" STYLEREFS="font0"/><SP WIDTH="24" VPOS="2042" HPOS="1062"/><String ID="p591_w333" CONTENT="24th" HPOS="1086" VPOS="2042" WIDTH="83" HEIGHT="75" STYLEREFS="font0"/></TextLine><TextLine WIDTH="1033" HEIGHT="75" ID="p591_t90" HPOS="137" VPOS="2088"><String ID="p591_w334" CONTENT="part" HPOS="137" VPOS="2088" WIDTH="73" HEIGHT="75" STYLEREFS="font0"/><SP WIDTH="16" VPOS="2088" HPOS="210"/><String ID="p591_w335" CONTENT="of" HPOS="226" VPOS="2088" WIDTH="40" HEIGHT="75" STYLEREFS="font0"/><SP WIDTH="18" VPOS="2088" HPOS="266"/><String ID="p591_w336" CONTENT="a" HPOS="284" VPOS="2088" WIDTH="19" HEIGHT="75" STYLEREFS="font0"/><SP WIDTH="23" VPOS="2088" HPOS="303"/><String ID="p591_w337" CONTENT="mean" HPOS="326" VPOS="2088" WIDTH="91" HEIGHT="75" STYLEREFS="font0"/><SP WIDTH="16" VPOS="2088" HPOS="417"/><String ID="p591_w338" CONTENT="natural" HPOS="433" VPOS="2088" WIDTH="125" HEIGHT="75" STYLEREFS="font0"/><SP WIDTH="16" VPOS="2088" HPOS="558"/><String ID="p591_w339" CONTENT="day," HPOS="574" VPOS="2088" WIDTH="75" HEIGHT="75" STYLEREFS="font0"/><SP WIDTH="27" VPOS="2088" HPOS="649"/><String ID="p591_w340" CONTENT="as" HPOS="676" VPOS="2088" WIDTH="34" HEIGHT="75" STYLEREFS="font0"/><SP WIDTH="13" VPOS="2088" HPOS="710"/><String ID="p591_w341" CONTENT="*fhewn" HPOS="723" VPOS="2088" WIDTH="113" HEIGHT="75" STYLEREFS="font0"/><SP WIDTH="16" VPOS="2088" HPOS="836"/><String ID="p591_w342" CONTENT="by" HPOS="852" VPOS="2088" WIDTH="44" HEIGHT="75" STYLEREFS="font0"/><SP WIDTH="17" VPOS="2088" HPOS="896"/><String ID="p591_w343" CONTENT="well-regulated" HPOS="913" VPOS="2088" WIDTH="257" HEIGHT="75" STYLEREFS="font0"/></TextLine><TextLine WIDTH="1027" HEIGHT="75" ID="p591_t91" HPOS="139" VPOS="2134"><String ID="p591_w344" CONTENT="clocks" HPOS="139" VPOS="2134" WIDTH="107" HEIGHT="75" STYLEREFS="font0"/><SP WIDTH="18" VPOS="2134" HPOS="246"/><String ID="p591_w345" CONTENT="and" HPOS="264" VPOS="2134" WIDTH="62" HEIGHT="75" STYLEREFS="font0"/><SP WIDTH="15" VPOS="2134" HPOS="326"/><String ID="p591_w346" CONTENT="watches" HPOS="341" VPOS="2134" WIDTH="139" HEIGHT="75" STYLEREFS="font0"/><SP WIDTH="9" VPOS="2134" HPOS="480"/><String ID="p591_w347" CONTENT=";" HPOS="489" VPOS="2134" WIDTH="11" HEIGHT="75" STYLEREFS="font0"/><SP WIDTH="27" VPOS="2134" HPOS="500"/><String ID="p591_w348" CONTENT="but" HPOS="527" VPOS="2134" WIDTH="56" HEIGHT="75" STYLEREFS="font0"/><SP WIDTH="18" VPOS="2134" HPOS="583"/><String ID="p591_w349" CONTENT="thefe" HPOS="601" VPOS="2134" WIDTH="86" HEIGHT="75" STYLEREFS="font0"/><SP WIDTH="17" VPOS="2134" HPOS="687"/><String ID="p591_w350" CONTENT="hours" HPOS="704" VPOS="2134" WIDTH="97" HEIGHT="75" STYLEREFS="font0"/><SP WIDTH="17" VPOS="2134" HPOS="801"/><String ID="p591_w351" CONTENT="are" HPOS="818" VPOS="2134" WIDTH="53" HEIGHT="75" STYLEREFS="font0"/><SP WIDTH="16" VPOS="2134" HPOS="871"/><String ID="p591_w352" CONTENT="not" HPOS="887" VPOS="2134" WIDTH="57" HEIGHT="75" STYLEREFS="font0"/><SP WIDTH="16" VPOS="2134" HPOS="944"/><String ID="p591_w353" CONTENT="quite" HPOS="960" VPOS="2134" WIDTH="91" HEIGHT="75" STYLEREFS="font0"/><SP WIDTH="20" VPOS="2134" HPOS="1051"/><String ID="p591_w354" CONTENT="equal" HPOS="1071" VPOS="2134" WIDTH="95" HEIGHT="75" STYLEREFS="font0"/></TextLine><TextLine WIDTH="1025" HEIGHT="75" ID="p591_t92" HPOS="139" VPOS="2179"><String ID="p591_w355" CONTENT="as" HPOS="139" VPOS="2179" WIDTH="35" HEIGHT="75" STYLEREFS="font0"/><SP WIDTH="16" VPOS="2179" HPOS="174"/><String ID="p591_w356" CONTENT="meafured" HPOS="190" VPOS="2179" WIDTH="162" HEIGHT="75" STYLEREFS="font0"/><SP WIDTH="16" VPOS="2179" HPOS="352"/><String ID="p591_w357" CONTENT="by" HPOS="368" VPOS="2179" WIDTH="44" HEIGHT="75" STYLEREFS="font0"/><SP WIDTH="22" VPOS="2179" HPOS="412"/><String ID="p591_w358" CONTENT="the" HPOS="434" VPOS="2179" WIDTH="56" HEIGHT="75" STYLEREFS="font0"/><SP WIDTH="16" VPOS="2179" HPOS="490"/><String ID="p591_w359" CONTENT="returns" HPOS="506" VPOS="2179" WIDTH="125" HEIGHT="75" STYLEREFS="font0"/><SP WIDTH="17" VPOS="2179" HPOS="631"/><String ID="p591_w360" CONTENT="of" HPOS="648" VPOS="2179" WIDTH="41" HEIGHT="75" STYLEREFS="font0"/><SP WIDTH="18" VPOS="2179" HPOS="689"/><String ID="p591_w361" CONTENT="the" HPOS="707" VPOS="2179" WIDTH="54" HEIGHT="75" STYLEREFS="font0"/><SP WIDTH="17" VPOS="2179" HPOS="761"/><String ID="p591_w362" CONTENT="fun" HPOS="778" VPOS="2179" WIDTH="55" HEIGHT="75" STYLEREFS="font0"/><SP WIDTH="25" VPOS="2179" HPOS="833"/><String ID="p591_w363" CONTENT="to" HPOS="858" VPOS="2179" WIDTH="36" HEIGHT="75" STYLEREFS="font0"/><SP WIDTH="24" VPOS="2179" HPOS="894"/><String ID="p591_w364" CONTENT="the" HPOS="918" VPOS="2179" WIDTH="56" HEIGHT="75" STYLEREFS="font0"/><SP WIDTH="24" VPOS="2179" HPOS="974"/><String ID="p591_w365" CONTENT="meridian," HPOS="998" VPOS="2179" WIDTH="166" HEIGHT="75" STYLEREFS="font0"/></TextLine><TextLine WIDTH="1029" HEIGHT="75" ID="p591_t93" HPOS="138" VPOS="2226"><String ID="p591_w366" CONTENT="becaufe" HPOS="138" VPOS="2226" WIDTH="132" HEIGHT="75" STYLEREFS="font0"/><SP WIDTH="17" VPOS="2226" HPOS="270"/><String ID="p591_w367" CONTENT="of" HPOS="287" VPOS="2226" WIDTH="39" HEIGHT="75" STYLEREFS="font0"/><SP WIDTH="18" VPOS="2226" HPOS="326"/><String ID="p591_w368" CONTENT="the" HPOS="344" VPOS="2226" WIDTH="55" HEIGHT="75" STYLEREFS="font0"/><SP WIDTH="11" VPOS="2226" HPOS="399"/><String ID="p591_w369" CONTENT="obliquity" HPOS="410" VPOS="2226" WIDTH="161" HEIGHT="75" STYLEREFS="font0"/><SP WIDTH="15" VPOS="2226" HPOS="571"/><String ID="p591_w370" CONTENT="of" HPOS="586" VPOS="2226" WIDTH="40" HEIGHT="75" STYLEREFS="font0"/><SP WIDTH="11" VPOS="2226" HPOS="626"/><String ID="p591_w371" CONTENT="the" HPOS="637" VPOS="2226" WIDTH="55" HEIGHT="75" STYLEREFS="font0"/><SP WIDTH="16" VPOS="2226" HPOS="692"/><String ID="p591_w372" CONTENT="ecliptic" HPOS="708" VPOS="2226" WIDTH="127" HEIGHT="75" STYLEREFS="font0"/><SP WIDTH="16" VPOS="2226" HPOS="835"/><String ID="p591_w373" CONTENT="and" HPOS="851" VPOS="2226" WIDTH="62" HEIGHT="75" STYLEREFS="font0"/><SP WIDTH="16" VPOS="2226" HPOS="913"/><String ID="p591_w374" CONTENT="fun’s" HPOS="929" VPOS="2226" WIDTH="83" HEIGHT="75" STYLEREFS="font0"/><SP WIDTH="18" VPOS="2226" HPOS="1012"/><String ID="p591_w375" CONTENT="unequal" HPOS="1030" VPOS="2226" WIDTH="137" HEIGHT="75" STYLEREFS="font0"/></TextLine><TextLine WIDTH="1027" HEIGHT="75" ID="p591_t94" HPOS="139" VPOS="2272"><String ID="p591_w376" CONTENT="motion" HPOS="139" VPOS="2272" WIDTH="122" HEIGHT="75" STYLEREFS="font0"/><SP WIDTH="13" VPOS="2272" HPOS="261"/><String ID="p591_w377" CONTENT="in" HPOS="274" VPOS="2272" WIDTH="32" HEIGHT="75" STYLEREFS="font0"/><SP WIDTH="16" VPOS="2272" HPOS="306"/><String ID="p591_w378" CONTENT="it." HPOS="322" VPOS="2272" WIDTH="38" HEIGHT="75" STYLEREFS="font0"/><SP WIDTH="49" VPOS="2272" HPOS="360"/><String ID="p591_w379" CONTENT="Unequal" HPOS="409" VPOS="2272" WIDTH="151" HEIGHT="75" STYLEREFS="font0"/><SP WIDTH="17" VPOS="2272" HPOS="560"/><String ID="p591_w380" CONTENT="hours" HPOS="577" VPOS="2272" WIDTH="97" HEIGHT="75" STYLEREFS="font0"/><SP WIDTH="17" VPOS="2272" HPOS="674"/><String ID="p591_w381" CONTENT="are" HPOS="691" VPOS="2272" WIDTH="53" HEIGHT="75" STYLEREFS="font0"/><SP WIDTH="16" VPOS="2272" HPOS="744"/><String ID="p591_w382" CONTENT="thofe" HPOS="760" VPOS="2272" WIDTH="89" HEIGHT="75" STYLEREFS="font0"/><SP WIDTH="12" VPOS="2272" HPOS="849"/><String ID="p591_w383" CONTENT="by" HPOS="861" VPOS="2272" WIDTH="44" HEIGHT="75" STYLEREFS="font0"/><SP WIDTH="11" VPOS="2272" HPOS="905"/><String ID="p591_w384" CONTENT="which" HPOS="916" VPOS="2272" WIDTH="105" HEIGHT="75" STYLEREFS="font0"/><SP WIDTH="17" VPOS="2272" HPOS="1021"/><String ID="p591_w385" CONTENT="the" HPOS="1038" VPOS="2272" WIDTH="55" HEIGHT="75" STYLEREFS="font0"/><SP WIDTH="24" VPOS="2272" HPOS="1093"/><String ID="p591_w386" CONTENT="ar-" HPOS="1117" VPOS="2272" WIDTH="49" HEIGHT="75" STYLEREFS="font0"/></TextLine><TextLine WIDTH="1028" HEIGHT="75" ID="p591_t95" HPOS="138" VPOS="2319"><String ID="p591_w387" CONTENT="tificial" HPOS="138" VPOS="2319" WIDTH="111" HEIGHT="75" STYLEREFS="font0"/><SP WIDTH="16" VPOS="2319" HPOS="249"/><String ID="p591_w388" CONTENT="day" HPOS="265" VPOS="2319" WIDTH="66" HEIGHT="75" STYLEREFS="font0"/><SP WIDTH="9" VPOS="2319" HPOS="331"/><String ID="p591_w389" CONTENT="“h" HPOS="340" VPOS="2319" WIDTH="33" HEIGHT="75" STYLEREFS="font0"/><SP WIDTH="16" VPOS="2319" HPOS="373"/><String ID="p591_w390" CONTENT="divided" HPOS="389" VPOS="2319" WIDTH="129" HEIGHT="75" STYLEREFS="font0"/><SP WIDTH="15" VPOS="2319" HPOS="518"/><String ID="p591_w391" CONTENT="into" HPOS="533" VPOS="2319" WIDTH="68" HEIGHT="75" STYLEREFS="font0"/><SP WIDTH="12" VPOS="2319" HPOS="601"/><String ID="p591_w392" CONTENT="twelve" HPOS="613" VPOS="2319" WIDTH="114" HEIGHT="75" STYLEREFS="font0"/><SP WIDTH="15" VPOS="2319" HPOS="727"/><String ID="p591_w393" CONTENT="parts," HPOS="742" VPOS="2319" WIDTH="100" HEIGHT="75" STYLEREFS="font0"/><SP WIDTH="25" VPOS="2319" HPOS="842"/><String ID="p591_w394" CONTENT="and" HPOS="867" VPOS="2319" WIDTH="63" HEIGHT="75" STYLEREFS="font0"/><SP WIDTH="17" VPOS="2319" HPOS="930"/><String ID="p591_w395" CONTENT="the" HPOS="947" VPOS="2319" WIDTH="54" HEIGHT="75" STYLEREFS="font0"/><SP WIDTH="16" VPOS="2319" HPOS="1001"/><String ID="p591_w396" CONTENT="night" HPOS="1017" VPOS="2319" WIDTH="91" HEIGHT="75" STYLEREFS="font0"/><SP WIDTH="10" VPOS="2319" HPOS="1108"/><String ID="p591_w397" CONTENT="in-" HPOS="1118" VPOS="2319" WIDTH="48" HEIGHT="75" STYLEREFS="font0"/></TextLine><TextLine WIDTH="201" HEIGHT="75" ID="p591_t96" HPOS="140" VPOS="2365"><String ID="p591_w398" CONTENT="to" HPOS="140" VPOS="2365" WIDTH="36" HEIGHT="75" STYLEREFS="font0"/><SP WIDTH="12" VPOS="2365" HPOS="176"/><String ID="p591_w399" CONTENT="as" HPOS="188" VPOS="2365" WIDTH="33" HEIGHT="75" STYLEREFS="font0"/><SP WIDTH="13" VPOS="2365" HPOS="221"/><String ID="p591_w400" CONTENT="many." HPOS="234" VPOS="2365" WIDTH="107" HEIGHT="75" STYLEREFS="font0"/></TextLine><TextLine WIDTH="981" HEIGHT="75" ID="p591_t97" HPOS="187" VPOS="2410"><String ID="p591_w401" CONTENT="An" HPOS="187" VPOS="2410" WIDTH="54" HEIGHT="75" STYLEREFS="font0"/><SP WIDTH="17" VPOS="2410" HPOS="241"/><String ID="p591_w402" CONTENT="hour" HPOS="258" VPOS="2410" WIDTH="81" HEIGHT="75" STYLEREFS="font0"/><SP WIDTH="16" VPOS="2410" HPOS="339"/><String ID="p591_w403" CONTENT="is" HPOS="355" VPOS="2410" WIDTH="27" HEIGHT="75" STYLEREFS="font0"/><SP WIDTH="17" VPOS="2410" HPOS="382"/><String ID="p591_w404" CONTENT="divided" HPOS="399" VPOS="2410" WIDTH="130" HEIGHT="75" STYLEREFS="font0"/><SP WIDTH="16" VPOS="2410" HPOS="529"/><String ID="p591_w405" CONTENT="into" HPOS="545" VPOS="2410" WIDTH="67" HEIGHT="75" STYLEREFS="font0"/><SP WIDTH="13" VPOS="2410" HPOS="612"/><String ID="p591_w406" CONTENT="60" HPOS="625" VPOS="2410" WIDTH="46" HEIGHT="75" STYLEREFS="font0"/><SP WIDTH="12" VPOS="2410" HPOS="671"/><String ID="p591_w407" CONTENT="equal" HPOS="683" VPOS="2410" WIDTH="93" HEIGHT="75" STYLEREFS="font0"/><SP WIDTH="17" VPOS="2410" HPOS="776"/><String ID="p591_w408" CONTENT="parts" HPOS="793" VPOS="2410" WIDTH="88" HEIGHT="75" STYLEREFS="font0"/><SP WIDTH="14" VPOS="2410" HPOS="881"/><String ID="p591_w409" CONTENT="called" HPOS="895" VPOS="2410" WIDTH="102" HEIGHT="75" STYLEREFS="font0"/><SP WIDTH="9" VPOS="2410" HPOS="997"/><String ID="p591_w410" CONTENT="minuteti" HPOS="1006" VPOS="2410" WIDTH="162" HEIGHT="75" STYLEREFS="font0"/></TextLine><TextLine WIDTH="1024" HEIGHT="75" ID="p591_t98" HPOS="141" VPOS="2457"><String ID="p591_w411" CONTENT="a" HPOS="141" VPOS="2457" WIDTH="20" HEIGHT="75" STYLEREFS="font0"/><SP WIDTH="14" VPOS="2457" HPOS="161"/><String ID="p591_w412" CONTENT="minute" HPOS="175" VPOS="2457" WIDTH="120" HEIGHT="75" STYLEREFS="font0"/><SP WIDTH="12" VPOS="2457" HPOS="295"/><String ID="p591_w413" CONTENT="into" HPOS="307" VPOS="2457" WIDTH="70" HEIGHT="75" STYLEREFS="font0"/><SP WIDTH="16" VPOS="2457" HPOS="377"/><String ID="p591_w414" CONTENT="60" HPOS="393" VPOS="2457" WIDTH="45" HEIGHT="75" STYLEREFS="font0"/><SP WIDTH="14" VPOS="2457" HPOS="438"/><String ID="p591_w415" CONTENT="equal" HPOS="452" VPOS="2457" WIDTH="92" HEIGHT="75" STYLEREFS="font0"/><SP WIDTH="14" VPOS="2457" HPOS="544"/><String ID="p591_w416" CONTENT="parts" HPOS="558" VPOS="2457" WIDTH="86" HEIGHT="75" STYLEREFS="font0"/><SP WIDTH="13" VPOS="2457" HPOS="644"/><String ID="p591_w417" CONTENT="called" HPOS="657" VPOS="2457" WIDTH="103" HEIGHT="75" STYLEREFS="font0"/><SP WIDTH="13" VPOS="2457" HPOS="760"/><String ID="p591_w418" CONTENT="feconds," HPOS="773" VPOS="2457" WIDTH="146" HEIGHT="75" STYLEREFS="font0"/><SP WIDTH="26" VPOS="2457" HPOS="919"/><String ID="p591_w419" CONTENT="and" HPOS="945" VPOS="2457" WIDTH="62" HEIGHT="75" STYLEREFS="font0"/><SP WIDTH="13" VPOS="2457" HPOS="1007"/><String ID="p591_w420" CONTENT="thefe" HPOS="1020" VPOS="2457" WIDTH="90" HEIGHT="75" STYLEREFS="font0"/><SP WIDTH="23" VPOS="2457" HPOS="1110"/><String ID="p591_w421" CONTENT="a-" HPOS="1133" VPOS="2457" WIDTH="32" HEIGHT="75" STYLEREFS="font0"/></TextLine><TextLine WIDTH="1025" HEIGHT="75" ID="p591_t99" HPOS="141" VPOS="2502"><String ID="p591_w422" CONTENT="gain" HPOS="141" VPOS="2502" WIDTH="71" HEIGHT="75" STYLEREFS="font0"/><SP WIDTH="29" VPOS="2502" HPOS="212"/><String ID="p591_w423" CONTENT="into" HPOS="241" VPOS="2502" WIDTH="69" HEIGHT="75" STYLEREFS="font0"/><SP WIDTH="30" VPOS="2502" HPOS="310"/><String ID="p591_w424" CONTENT="60" HPOS="340" VPOS="2502" WIDTH="45" HEIGHT="75" STYLEREFS="font0"/><SP WIDTH="28" VPOS="2502" HPOS="385"/><String ID="p591_w425" CONTENT="equal" HPOS="413" VPOS="2502" WIDTH="92" HEIGHT="75" STYLEREFS="font0"/><SP WIDTH="27" VPOS="2502" HPOS="505"/><String ID="p591_w426" CONTENT="parts" HPOS="532" VPOS="2502" WIDTH="87" HEIGHT="75" STYLEREFS="font0"/><SP WIDTH="28" VPOS="2502" HPOS="619"/><String ID="p591_w427" CONTENT="called" HPOS="647" VPOS="2502" WIDTH="103" HEIGHT="75" STYLEREFS="font0"/><SP WIDTH="29" VPOS="2502" HPOS="750"/><String ID="p591_w428" CONTENT="thirds." HPOS="779" VPOS="2502" WIDTH="119" HEIGHT="75" STYLEREFS="font0"/><SP WIDTH="63" VPOS="2502" HPOS="898"/><String ID="p591_w429" CONTENT="The" HPOS="961" VPOS="2502" WIDTH="77" HEIGHT="75" STYLEREFS="font0"/><SP WIDTH="28" VPOS="2502" HPOS="1038"/><String ID="p591_w430" CONTENT="Jews;" HPOS="1066" VPOS="2502" WIDTH="100" HEIGHT="75" STYLEREFS="font0"/></TextLine><TextLine WIDTH="1022" HEIGHT="75" ID="p591_t100" HPOS="142" VPOS="2549"><String ID="p591_w431" CONTENT="Chaldeans," HPOS="142" VPOS="2549" WIDTH="195" HEIGHT="75" STYLEREFS="font0"/><SP WIDTH="26" VPOS="2549" HPOS="337"/><String ID="p591_w432" CONTENT="and" HPOS="363" VPOS="2549" WIDTH="61" HEIGHT="75" STYLEREFS="font0"/><SP WIDTH="16" VPOS="2549" HPOS="424"/><String ID="p591_w433" CONTENT="Arabians," HPOS="440" VPOS="2549" WIDTH="171" HEIGHT="75" STYLEREFS="font0"/><SP WIDTH="25" VPOS="2549" HPOS="611"/><String ID="p591_w434" CONTENT="divide" HPOS="636" VPOS="2549" WIDTH="106" HEIGHT="75" STYLEREFS="font0"/><SP WIDTH="16" VPOS="2549" HPOS="742"/><String ID="p591_w435" CONTENT="the" HPOS="758" VPOS="2549" WIDTH="55" HEIGHT="75" STYLEREFS="font0"/><SP WIDTH="16" VPOS="2549" HPOS="813"/><String ID="p591_w436" CONTENT="hour" HPOS="829" VPOS="2549" WIDTH="82" HEIGHT="75" STYLEREFS="font0"/><SP WIDTH="22" VPOS="2549" HPOS="911"/><String ID="p591_w437" CONTENT="into" HPOS="933" VPOS="2549" WIDTH="69" HEIGHT="75" STYLEREFS="font0"/><SP WIDTH="21" VPOS="2549" HPOS="1002"/><String ID="p591_w438" CONTENT="1080" HPOS="1023" VPOS="2549" WIDTH="88" HEIGHT="75" STYLEREFS="font0"/><SP WIDTH="20" VPOS="2549" HPOS="1111"/><String ID="p591_w439" CONTENT="e-" HPOS="1131" VPOS="2549" WIDTH="33" HEIGHT="75" STYLEREFS="font0"/></TextLine><TextLine WIDTH="1022" HEIGHT="75" ID="p591_t101" HPOS="141" VPOS="2594"><String ID="p591_w440" CONTENT="qual" HPOS="141" VPOS="2594" WIDTH="75" HEIGHT="75" STYLEREFS="font0"/><SP WIDTH="29" VPOS="2594" HPOS="216"/><String ID="p591_w441" CONTENT="parts" HPOS="245" VPOS="2594" WIDTH="86" HEIGHT="75" STYLEREFS="font0"/><SP WIDTH="29" VPOS="2594" HPOS="331"/><String ID="p591_w442" CONTENT="called" HPOS="360" VPOS="2594" WIDTH="101" HEIGHT="75" STYLEREFS="font0"/><SP WIDTH="13" VPOS="2594" HPOS="461"/><String ID="p591_w443" CONTENT="ycra/’/cr;" HPOS="474" VPOS="2594" WIDTH="169" HEIGHT="75" STYLEREFS="font0"/><SP WIDTH="27" VPOS="2594" HPOS="643"/><String ID="p591_w444" CONTENT="which" HPOS="670" VPOS="2594" WIDTH="105" HEIGHT="75" STYLEREFS="font0"/><SP WIDTH="25" VPOS="2594" HPOS="775"/><String ID="p591_w445" CONTENT="number" HPOS="800" VPOS="2594" WIDTH="132" HEIGHT="75" STYLEREFS="font0"/><SP WIDTH="27" VPOS="2594" HPOS="932"/><String ID="p591_w446" CONTENT="contains" HPOS="959" VPOS="2594" WIDTH="145" HEIGHT="75" STYLEREFS="font0"/><SP WIDTH="20" VPOS="2594" HPOS="1104"/><String ID="p591_w447" CONTENT="18" HPOS="1124" VPOS="2594" WIDTH="39" HEIGHT="75" STYLEREFS="font0"/></TextLine><TextLine WIDTH="902" HEIGHT="75" ID="p591_t102" HPOS="141" VPOS="2641"><String ID="p591_w448" CONTENT="times" HPOS="141" VPOS="2641" WIDTH="93" HEIGHT="75" STYLEREFS="font0"/><SP WIDTH="19" VPOS="2641" HPOS="234"/><String ID="p591_w449" CONTENT="60," HPOS="253" VPOS="2641" WIDTH="58" HEIGHT="75" STYLEREFS="font0"/><SP WIDTH="25" VPOS="2641" HPOS="311"/><String ID="p591_w450" CONTENT="fo" HPOS="336" VPOS="2641" WIDTH="33" HEIGHT="75" STYLEREFS="font0"/><SP WIDTH="11" VPOS="2641" HPOS="369"/><String ID="p591_w451" CONTENT="that" HPOS="380" VPOS="2641" WIDTH="71" HEIGHT="75" STYLEREFS="font0"/><SP WIDTH="11" VPOS="2641" HPOS="451"/><String ID="p591_w452" CONTENT="one" HPOS="462" VPOS="2641" WIDTH="60" HEIGHT="75" STYLEREFS="font0"/><SP WIDTH="17" VPOS="2641" HPOS="522"/><String ID="p591_w453" CONTENT="minhte" HPOS="539" VPOS="2641" WIDTH="118" HEIGHT="75" STYLEREFS="font0"/><SP WIDTH="12" VPOS="2641" HPOS="657"/><String ID="p591_w454" CONTENT="contains" HPOS="669" VPOS="2641" WIDTH="146" HEIGHT="75" STYLEREFS="font0"/><SP WIDTH="21" VPOS="2641" HPOS="815"/><String ID="p591_w455" CONTENT="18" HPOS="836" VPOS="2641" WIDTH="38" HEIGHT="75" STYLEREFS="font0"/><SP WIDTH="19" VPOS="2641" HPOS="874"/><String ID="p591_w456" CONTENT="fcruples." HPOS="893" VPOS="2641" WIDTH="150" HEIGHT="75" STYLEREFS="font0"/></TextLine><TextLine WIDTH="977" HEIGHT="75" ID="p591_t103" HPOS="188" VPOS="2671"><String ID="p591_w457" CONTENT="A" HPOS="188" VPOS="2689" WIDTH="34" HEIGHT="75" STYLEREFS="font0"/><SP WIDTH="23" VPOS="2689" HPOS="222"/><String ID="p591_w458" CONTENT="cycle" HPOS="245" VPOS="2689" WIDTH="83" HEIGHT="75" STYLEREFS="font0"/><SP WIDTH="26" VPOS="2689" HPOS="328"/><String ID="p591_w459" CONTENT="is" HPOS="354" VPOS="2689" WIDTH="26" HEIGHT="75" STYLEREFS="font0"/><SP WIDTH="30" VPOS="2689" HPOS="380"/><String ID="p591_w460" CONTENT="a" HPOS="410" VPOS="2689" WIDTH="18" HEIGHT="75" STYLEREFS="font0"/><SP WIDTH="26" VPOS="2689" HPOS="428"/><String ID="p591_w461" CONTENT="perpetuaf" HPOS="454" VPOS="2689" WIDTH="165" HEIGHT="75" STYLEREFS="font0"/><SP WIDTH="15" VPOS="2689" HPOS="619"/><String ID="p591_w462" CONTENT="!" HPOS="634" VPOS="2671" WIDTH="5" HEIGHT="49" STYLEREFS="font1"/><String ID="p591_w463" CONTENT="rhund," HPOS="639" VPOS="2689" WIDTH="121" HEIGHT="75" STYLEREFS="font0"/><SP WIDTH="25" VPOS="2689" HPOS="760"/><String ID="p591_w464" CONTENT="or" HPOS="785" VPOS="2689" WIDTH="37" HEIGHT="75" STYLEREFS="font0"/><SP WIDTH="27" VPOS="2689" HPOS="822"/><String ID="p591_w465" CONTENT="circulation" HPOS="849" VPOS="2689" WIDTH="186" HEIGHT="75" STYLEREFS="font0"/><SP WIDTH="25" VPOS="2689" HPOS="1035"/><String ID="p591_w466" CONTENT="of" HPOS="1060" VPOS="2689" WIDTH="40" HEIGHT="75" STYLEREFS="font0"/><SP WIDTH="10" VPOS="2689" HPOS="1100"/><String ID="p591_w467" CONTENT="the" HPOS="1110" VPOS="2689" WIDTH="55" HEIGHT="75" STYLEREFS="font0"/></TextLine><TextLine WIDTH="1024" HEIGHT="75" ID="p591_t104" HPOS="142" VPOS="2734"><String ID="p591_w468" CONTENT="fame" HPOS="142" VPOS="2734" WIDTH="82" HEIGHT="75" STYLEREFS="font0"/><SP WIDTH="28" VPOS="2734" HPOS="224"/><String ID="p591_w469" CONTENT="parts" HPOS="252" VPOS="2734" WIDTH="87" HEIGHT="75" STYLEREFS="font0"/><SP WIDTH="17" VPOS="2734" HPOS="339"/><String ID="p591_w470" CONTENT="of" HPOS="356" VPOS="2734" WIDTH="40" HEIGHT="75" STYLEREFS="font0"/><SP WIDTH="11" VPOS="2734" HPOS="396"/><String ID="p591_w471" CONTENT="time" HPOS="407" VPOS="2734" WIDTH="76" HEIGHT="75" STYLEREFS="font0"/><SP WIDTH="27" VPOS="2734" HPOS="483"/><String ID="p591_w472" CONTENT="of" HPOS="510" VPOS="2734" WIDTH="41" HEIGHT="75" STYLEREFS="font0"/><SP WIDTH="19" VPOS="2734" HPOS="551"/><String ID="p591_w473" CONTENT="any" HPOS="570" VPOS="2734" WIDTH="61" HEIGHT="75" STYLEREFS="font0"/><SP WIDTH="16" VPOS="2734" HPOS="631"/><String ID="p591_w474" CONTENT="fort." HPOS="647" VPOS="2734" WIDTH="77" HEIGHT="75" STYLEREFS="font0"/><SP WIDTH="48" VPOS="2734" HPOS="724"/><String ID="p591_w475" CONTENT="The" HPOS="772" VPOS="2734" WIDTH="76" HEIGHT="75" STYLEREFS="font0"/><SP WIDTH="24" VPOS="2734" HPOS="848"/><String ID="p591_w476" CONTENT="cycle" HPOS="872" VPOS="2734" WIDTH="84" HEIGHT="75" STYLEREFS="font0"/><SP WIDTH="21" VPOS="2734" HPOS="956"/><String ID="p591_w477" CONTENT="of" HPOS="977" VPOS="2734" WIDTH="43" HEIGHT="75" STYLEREFS="font0"/><SP WIDTH="13" VPOS="2734" HPOS="1020"/><String ID="p591_w478" CONTENT="the" HPOS="1033" VPOS="2734" WIDTH="52" HEIGHT="75" STYLEREFS="font0"/><SP WIDTH="14" VPOS="2734" HPOS="1085"/><String ID="p591_w479" CONTENT="fun" HPOS="1099" VPOS="2734" WIDTH="67" HEIGHT="75" STYLEREFS="font0"/></TextLine><TextLine WIDTH="1031" HEIGHT="75" ID="p591_t105" HPOS="141" VPOS="2779"><String ID="p591_w480" CONTENT="is" HPOS="141" VPOS="2779" WIDTH="27" HEIGHT="75" STYLEREFS="font0"/><SP WIDTH="18" VPOS="2779" HPOS="168"/><String ID="p591_w481" CONTENT="a" HPOS="186" VPOS="2779" WIDTH="19" HEIGHT="75" STYLEREFS="font0"/><SP WIDTH="17" VPOS="2779" HPOS="205"/><String ID="p591_w482" CONTENT="revolution" HPOS="222" VPOS="2779" WIDTH="180" HEIGHT="75" STYLEREFS="font0"/><SP WIDTH="21" VPOS="2779" HPOS="402"/><String ID="p591_w483" CONTENT="of" HPOS="423" VPOS="2779" WIDTH="41" HEIGHT="75" STYLEREFS="font0"/><SP WIDTH="13" VPOS="2779" HPOS="464"/><String ID="p591_w484" CONTENT="28" HPOS="477" VPOS="2779" WIDTH="42" HEIGHT="75" STYLEREFS="font0"/><SP WIDTH="17" VPOS="2779" HPOS="519"/><String ID="p591_w485" CONTENT="years," HPOS="536" VPOS="2779" WIDTH="103" HEIGHT="75" STYLEREFS="font0"/><SP WIDTH="26" VPOS="2779" HPOS="639"/><String ID="p591_w486" CONTENT="in" HPOS="665" VPOS="2779" WIDTH="31" HEIGHT="75" STYLEREFS="font0"/><SP WIDTH="2" VPOS="2779" HPOS="696"/><String ID="p591_w487" CONTENT="which" HPOS="698" VPOS="2779" WIDTH="120" HEIGHT="75" STYLEREFS="font0"/><SP WIDTH="27" VPOS="2779" HPOS="818"/><String ID="p591_w488" CONTENT="time" HPOS="845" VPOS="2779" WIDTH="78" HEIGHT="75" STYLEREFS="font0"/><SP WIDTH="23" VPOS="2779" HPOS="923"/><String ID="p591_w489" CONTENT="the" HPOS="946" VPOS="2779" WIDTH="55" HEIGHT="75" STYLEREFS="font0"/><SP WIDTH="28" VPOS="2779" HPOS="1001"/><String ID="p591_w490" CONTENT="days" HPOS="1029" VPOS="2779" WIDTH="77" HEIGHT="75" STYLEREFS="font0"/><SP WIDTH="26" VPOS="2779" HPOS="1106"/><String ID="p591_w491" CONTENT="of" HPOS="1132" VPOS="2779" WIDTH="40" HEIGHT="75" STYLEREFS="font0"/></TextLine><TextLine WIDTH="1026" HEIGHT="75" ID="p591_t106" HPOS="139" VPOS="2827"><String ID="p591_w492" CONTENT="the" HPOS="139" VPOS="2827" WIDTH="58" HEIGHT="75" STYLEREFS="font0"/><SP WIDTH="16" VPOS="2827" HPOS="197"/><String ID="p591_w493" CONTENT="months" HPOS="213" VPOS="2827" WIDTH="129" HEIGHT="75" STYLEREFS="font0"/><SP WIDTH="17" VPOS="2827" HPOS="342"/><String ID="p591_w494" CONTENT="return" HPOS="359" VPOS="2827" WIDTH="107" HEIGHT="75" STYLEREFS="font0"/><SP WIDTH="17" VPOS="2827" HPOS="466"/><String ID="p591_w495" CONTENT="again" HPOS="483" VPOS="2827" WIDTH="90" HEIGHT="75" STYLEREFS="font0"/><SP WIDTH="21" VPOS="2827" HPOS="573"/><String ID="p591_w496" CONTENT="to" HPOS="594" VPOS="2827" WIDTH="34" HEIGHT="75" STYLEREFS="font0"/><SP WIDTH="22" VPOS="2827" HPOS="628"/><String ID="p591_w497" CONTENT="the" HPOS="650" VPOS="2827" WIDTH="56" HEIGHT="75" STYLEREFS="font0"/><SP WIDTH="16" VPOS="2827" HPOS="706"/><String ID="p591_w498" CONTENT="fame" HPOS="722" VPOS="2827" WIDTH="83" HEIGHT="75" STYLEREFS="font0"/><SP WIDTH="16" VPOS="2827" HPOS="805"/><String ID="p591_w499" CONTENT="days" HPOS="821" VPOS="2827" WIDTH="77" HEIGHT="75" STYLEREFS="font0"/><SP WIDTH="28" VPOS="2827" HPOS="898"/><String ID="p591_w500" CONTENT="of" HPOS="926" VPOS="2827" WIDTH="40" HEIGHT="75" STYLEREFS="font0"/><SP WIDTH="19" VPOS="2827" HPOS="966"/><String ID="p591_w501" CONTENT="the" HPOS="985" VPOS="2827" WIDTH="55" HEIGHT="75" STYLEREFS="font0"/><SP WIDTH="17" VPOS="2827" HPOS="1040"/><String ID="p591_w502" CONTENT="week;" HPOS="1057" VPOS="2827" WIDTH="108" HEIGHT="75" STYLEREFS="font0"/></TextLine><TextLine WIDTH="1027" HEIGHT="75" ID="p591_t107" HPOS="140" VPOS="2873"><String ID="p591_w503" CONTENT="the" HPOS="140" VPOS="2873" WIDTH="58" HEIGHT="75" STYLEREFS="font0"/><SP WIDTH="15" VPOS="2873" HPOS="198"/><String ID="p591_w504" CONTENT="fun’s" HPOS="213" VPOS="2873" WIDTH="84" HEIGHT="75" STYLEREFS="font0"/><SP WIDTH="17" VPOS="2873" HPOS="297"/><String ID="p591_w505" CONTENT="place" HPOS="314" VPOS="2873" WIDTH="89" HEIGHT="75" STYLEREFS="font0"/><SP WIDTH="15" VPOS="2873" HPOS="403"/><String ID="p591_w506" CONTENT="to" HPOS="418" VPOS="2873" WIDTH="36" HEIGHT="75" STYLEREFS="font0"/><SP WIDTH="14" VPOS="2873" HPOS="454"/><String ID="p591_w507" CONTENT="the" HPOS="468" VPOS="2873" WIDTH="57" HEIGHT="75" STYLEREFS="font0"/><SP WIDTH="15" VPOS="2873" HPOS="525"/><String ID="p591_w508" CONTENT="fame" HPOS="540" VPOS="2873" WIDTH="83" HEIGHT="75" STYLEREFS="font0"/><SP WIDTH="25" VPOS="2873" HPOS="623"/><String ID="p591_w509" CONTENT="figns" HPOS="648" VPOS="2873" WIDTH="82" HEIGHT="75" STYLEREFS="font0"/><SP WIDTH="27" VPOS="2873" HPOS="730"/><String ID="p591_w510" CONTENT="and" HPOS="757" VPOS="2873" WIDTH="62" HEIGHT="75" STYLEREFS="font0"/><SP WIDTH="25" VPOS="2873" HPOS="819"/><String ID="p591_w511" CONTENT="degrees" HPOS="844" VPOS="2873" WIDTH="136" HEIGHT="75" STYLEREFS="font0"/><SP WIDTH="21" VPOS="2873" HPOS="980"/><String ID="p591_w512" CONTENT="of" HPOS="1001" VPOS="2873" WIDTH="41" HEIGHT="75" STYLEREFS="font0"/><SP WIDTH="20" VPOS="2873" HPOS="1042"/><String ID="p591_w513" CONTENT="the" HPOS="1062" VPOS="2873" WIDTH="56" HEIGHT="75" STYLEREFS="font0"/><SP WIDTH="16" VPOS="2873" HPOS="1118"/><String ID="p591_w514" CONTENT="e-" HPOS="1134" VPOS="2873" WIDTH="33" HEIGHT="75" STYLEREFS="font0"/></TextLine><TextLine WIDTH="1029" HEIGHT="75" ID="p591_t108" HPOS="140" VPOS="2918"><String ID="p591_w515" CONTENT="diptic" HPOS="140" VPOS="2918" WIDTH="109" HEIGHT="75" STYLEREFS="font0"/><SP WIDTH="15" VPOS="2918" HPOS="249"/><String ID="p591_w516" CONTENT="on" HPOS="264" VPOS="2918" WIDTH="41" HEIGHT="75" STYLEREFS="font0"/><SP WIDTH="17" VPOS="2918" HPOS="305"/><String ID="p591_w517" CONTENT="the" HPOS="322" VPOS="2918" WIDTH="55" HEIGHT="75" STYLEREFS="font0"/><SP WIDTH="16" VPOS="2918" HPOS="377"/><String ID="p591_w518" CONTENT="fame" HPOS="393" VPOS="2918" WIDTH="82" HEIGHT="75" STYLEREFS="font0"/><SP WIDTH="22" VPOS="2918" HPOS="475"/><String ID="p591_w519" CONTENT="months" HPOS="497" VPOS="2918" WIDTH="128" HEIGHT="75" STYLEREFS="font0"/><SP WIDTH="16" VPOS="2918" HPOS="625"/><String ID="p591_w520" CONTENT="and" HPOS="641" VPOS="2918" WIDTH="62" HEIGHT="75" STYLEREFS="font0"/><SP WIDTH="16" VPOS="2918" HPOS="703"/><String ID="p591_w521" CONTENT="days," HPOS="719" VPOS="2918" WIDTH="90" HEIGHT="75" STYLEREFS="font0"/><SP WIDTH="26" VPOS="2918" HPOS="809"/><String ID="p591_w522" CONTENT="fo" HPOS="835" VPOS="2918" WIDTH="34" HEIGHT="75" STYLEREFS="font0"/><SP WIDTH="17" VPOS="2918" HPOS="869"/><String ID="p591_w523" CONTENT="as" HPOS="886" VPOS="2918" WIDTH="32" HEIGHT="75" STYLEREFS="font0"/><SP WIDTH="25" VPOS="2918" HPOS="918"/><String ID="p591_w524" CONTENT="not" HPOS="943" VPOS="2918" WIDTH="56" HEIGHT="75" STYLEREFS="font0"/><SP WIDTH="16" VPOS="2918" HPOS="999"/><String ID="p591_w525" CONTENT="to" HPOS="1015" VPOS="2918" WIDTH="35" HEIGHT="75" STYLEREFS="font0"/><SP WIDTH="22" VPOS="2918" HPOS="1050"/><String ID="p591_w526" CONTENT="differ" HPOS="1072" VPOS="2918" WIDTH="97" HEIGHT="75" STYLEREFS="font0"/></TextLine><TextLine WIDTH="1027" HEIGHT="75" ID="p591_t109" HPOS="142" VPOS="2967"><String ID="p591_w527" CONTENT="one" HPOS="142" VPOS="2967" WIDTH="60" HEIGHT="75" STYLEREFS="font0"/><SP WIDTH="16" VPOS="2967" HPOS="202"/><String ID="p591_w528" CONTENT="degree" HPOS="218" VPOS="2967" WIDTH="115" HEIGHT="75" STYLEREFS="font0"/><SP WIDTH="18" VPOS="2967" HPOS="333"/><String ID="p591_w529" CONTENT="in" HPOS="351" VPOS="2967" WIDTH="34" HEIGHT="75" STYLEREFS="font0"/><SP WIDTH="20" VPOS="2967" HPOS="385"/><String ID="p591_w530" CONTENT="100" HPOS="405" VPOS="2967" WIDTH="66" HEIGHT="75" STYLEREFS="font0"/><SP WIDTH="14" VPOS="2967" HPOS="471"/><String ID="p591_w531" CONTENT="years;" HPOS="485" VPOS="2967" WIDTH="111" HEIGHT="75" STYLEREFS="font0"/><SP WIDTH="28" VPOS="2967" HPOS="596"/><String ID="p591_w532" CONTENT="and" HPOS="624" VPOS="2967" WIDTH="63" HEIGHT="75" STYLEREFS="font0"/><SP WIDTH="22" VPOS="2967" HPOS="687"/><String ID="p591_w533" CONTENT="the" HPOS="709" VPOS="2967" WIDTH="55" HEIGHT="75" STYLEREFS="font0"/><SP WIDTH="25" VPOS="2967" HPOS="764"/><String ID="p591_w534" CONTENT="leap-years" HPOS="789" VPOS="2967" WIDTH="180" HEIGHT="75" STYLEREFS="font0"/><SP WIDTH="28" VPOS="2967" HPOS="969"/><String ID="p591_w535" CONTENT="begin" HPOS="997" VPOS="2967" WIDTH="94" HEIGHT="75" STYLEREFS="font0"/><SP WIDTH="22" VPOS="2967" HPOS="1091"/><String ID="p591_w536" CONTENT="the" HPOS="1113" VPOS="2967" WIDTH="56" HEIGHT="75" STYLEREFS="font0"/></TextLine><TextLine WIDTH="1039" HEIGHT="75" ID="p591_t110" HPOS="1214" VPOS="1211"><String ID="p591_w537" CONTENT="fame" HPOS="1214" VPOS="1211" WIDTH="83" HEIGHT="75" STYLEREFS="font0"/><SP WIDTH="16" VPOS="1211" HPOS="1297"/><String ID="p591_w538" CONTENT="courfe" HPOS="1313" VPOS="1211" WIDTH="109" HEIGHT="75" STYLEREFS="font0"/><SP WIDTH="17" VPOS="1211" HPOS="1422"/><String ID="p591_w539" CONTENT="over" HPOS="1439" VPOS="1211" WIDTH="77" HEIGHT="75" STYLEREFS="font0"/><SP WIDTH="16" VPOS="1211" HPOS="1516"/><String ID="p591_w540" CONTENT="again" HPOS="1532" VPOS="1211" WIDTH="91" HEIGHT="75" STYLEREFS="font0"/><SP WIDTH="16" VPOS="1211" HPOS="1623"/><String ID="p591_w541" CONTENT="with" HPOS="1639" VPOS="1211" WIDTH="80" HEIGHT="75" STYLEREFS="font0"/><SP WIDTH="29" VPOS="1211" HPOS="1719"/><String ID="p591_w542" CONTENT="refped" HPOS="1748" VPOS="1211" WIDTH="119" HEIGHT="75" STYLEREFS="font0"/><SP WIDTH="27" VPOS="1211" HPOS="1867"/><String ID="p591_w543" CONTENT="to" HPOS="1894" VPOS="1211" WIDTH="34" HEIGHT="75" STYLEREFS="font0"/><SP WIDTH="31" VPOS="1211" HPOS="1928"/><String ID="p591_w544" CONTENT="the" HPOS="1959" VPOS="1211" WIDTH="55" HEIGHT="75" STYLEREFS="font0"/><SP WIDTH="27" VPOS="1211" HPOS="2014"/><String ID="p591_w545" CONTENT="days" HPOS="2041" VPOS="1211" WIDTH="79" HEIGHT="75" STYLEREFS="font0"/><SP WIDTH="17" VPOS="1211" HPOS="2120"/><String ID="p591_w546" CONTENT="of" HPOS="2137" VPOS="1211" WIDTH="40" HEIGHT="75" STYLEREFS="font0"/><SP WIDTH="20" VPOS="1211" HPOS="2177"/><String ID="p591_w547" CONTENT="the" HPOS="2197" VPOS="1211" WIDTH="56" HEIGHT="75" STYLEREFS="font0"/></TextLine><TextLine WIDTH="1039" HEIGHT="75" ID="p591_t111" HPOS="1214" VPOS="1257"><String ID="p591_w548" CONTENT="week" HPOS="1214" VPOS="1257" WIDTH="88" HEIGHT="75" STYLEREFS="font0"/><SP WIDTH="17" VPOS="1257" HPOS="1302"/><String ID="p591_w549" CONTENT="on" HPOS="1319" VPOS="1257" WIDTH="40" HEIGHT="75" STYLEREFS="font0"/><SP WIDTH="18" VPOS="1257" HPOS="1359"/><String ID="p591_w550" CONTENT="which" HPOS="1377" VPOS="1257" WIDTH="104" HEIGHT="75" STYLEREFS="font0"/><SP WIDTH="20" VPOS="1257" HPOS="1481"/><String ID="p591_w551" CONTENT="the" HPOS="1501" VPOS="1257" WIDTH="55" HEIGHT="75" STYLEREFS="font0"/><SP WIDTH="16" VPOS="1257" HPOS="1556"/><String ID="p591_w552" CONTENT="days" HPOS="1572" VPOS="1257" WIDTH="78" HEIGHT="75" STYLEREFS="font0"/><SP WIDTH="17" VPOS="1257" HPOS="1650"/><String ID="p591_w553" CONTENT="of" HPOS="1667" VPOS="1257" WIDTH="40" HEIGHT="75" STYLEREFS="font0"/><SP WIDTH="11" VPOS="1257" HPOS="1707"/><String ID="p591_w554" CONTENT="the" HPOS="1718" VPOS="1257" WIDTH="55" HEIGHT="75" STYLEREFS="font0"/><SP WIDTH="25" VPOS="1257" HPOS="1773"/><String ID="p591_w555" CONTENT="months" HPOS="1798" VPOS="1257" WIDTH="127" HEIGHT="75" STYLEREFS="font0"/><SP WIDTH="25" VPOS="1257" HPOS="1925"/><String ID="p591_w556" CONTENT="fall." HPOS="1950" VPOS="1257" WIDTH="69" HEIGHT="75" STYLEREFS="font0"/><SP WIDTH="59" VPOS="1257" HPOS="2019"/><String ID="p591_w557" CONTENT="The" HPOS="2078" VPOS="1257" WIDTH="75" HEIGHT="75" STYLEREFS="font0"/><SP WIDTH="17" VPOS="1257" HPOS="2153"/><String ID="p591_w558" CONTENT="cycle" HPOS="2170" VPOS="1257" WIDTH="83" HEIGHT="75" STYLEREFS="font0"/></TextLine><TextLine WIDTH="1035" HEIGHT="75" ID="p591_t112" HPOS="1217" VPOS="1303"><String ID="p591_w559" CONTENT="of" HPOS="1217" VPOS="1303" WIDTH="42" HEIGHT="75" STYLEREFS="font0"/><SP WIDTH="6" VPOS="1303" HPOS="1259"/><String ID="p591_w560" CONTENT="the" HPOS="1265" VPOS="1303" WIDTH="53" HEIGHT="75" STYLEREFS="font0"/><SP WIDTH="20" VPOS="1303" HPOS="1318"/><String ID="p591_w561" CONTENT="moon," HPOS="1338" VPOS="1303" WIDTH="99" HEIGHT="75" STYLEREFS="font0"/><SP WIDTH="26" VPOS="1303" HPOS="1437"/><String ID="p591_w562" CONTENT="commonly" HPOS="1463" VPOS="1303" WIDTH="182" HEIGHT="75" STYLEREFS="font0"/><SP WIDTH="25" VPOS="1303" HPOS="1645"/><String ID="p591_w563" CONTENT="called" HPOS="1670" VPOS="1303" WIDTH="102" HEIGHT="75" STYLEREFS="font0"/><SP WIDTH="21" VPOS="1303" HPOS="1772"/><String ID="p591_w564" CONTENT="the" HPOS="1793" VPOS="1303" WIDTH="54" HEIGHT="75" STYLEREFS="font0"/><SP WIDTH="18" VPOS="1303" HPOS="1847"/><String ID="p591_w565" CONTENT="golden," HPOS="1865" VPOS="1303" WIDTH="126" HEIGHT="75" STYLEREFS="font0"/><SP WIDTH="17" VPOS="1303" HPOS="1991"/><String ID="p591_w566" CONTENT="number," HPOS="2008" VPOS="1303" WIDTH="146" HEIGHT="75" STYLEREFS="font0"/><SP WIDTH="28" VPOS="1303" HPOS="2154"/><String ID="p591_w567" CONTENT="is" HPOS="2182" VPOS="1303" WIDTH="25" HEIGHT="75" STYLEREFS="font0"/><SP WIDTH="26" VPOS="1303" HPOS="2207"/><String ID="p591_w568" CONTENT="a" HPOS="2233" VPOS="1303" WIDTH="19" HEIGHT="75" STYLEREFS="font0"/></TextLine><TextLine WIDTH="1050" HEIGHT="75" ID="p591_t113" HPOS="1218" VPOS="1349"><String ID="p591_w569" CONTENT="revolution" HPOS="1218" VPOS="1349" WIDTH="178" HEIGHT="75" STYLEREFS="font0"/><SP WIDTH="22" VPOS="1349" HPOS="1396"/><String ID="p591_w570" CONTENT="of" HPOS="1418" VPOS="1349" WIDTH="40" HEIGHT="75" STYLEREFS="font0"/><SP WIDTH="24" VPOS="1349" HPOS="1458"/><String ID="p591_w571" CONTENT="19" HPOS="1482" VPOS="1349" WIDTH="40" HEIGHT="75" STYLEREFS="font0"/><SP WIDTH="19" VPOS="1349" HPOS="1522"/><String ID="p591_w572" CONTENT="years;" HPOS="1541" VPOS="1349" WIDTH="110" HEIGHT="75" STYLEREFS="font0"/><SP WIDTH="27" VPOS="1349" HPOS="1651"/><String ID="p591_w573" CONTENT="in.which" HPOS="1678" VPOS="1349" WIDTH="152" HEIGHT="75" STYLEREFS="font0"/><SP WIDTH="13" VPOS="1349" HPOS="1830"/><String ID="p591_w574" CONTENT="time," HPOS="1843" VPOS="1349" WIDTH="89" HEIGHT="75" STYLEREFS="font0"/><SP WIDTH="18" VPOS="1349" HPOS="1932"/><String ID="p591_w575" CONTENT="the" HPOS="1950" VPOS="1349" WIDTH="56" HEIGHT="75" STYLEREFS="font0"/><SP WIDTH="12" VPOS="1349" HPOS="2006"/><String ID="p591_w576" CONTENT="conjundions,." HPOS="2018" VPOS="1349" WIDTH="250" HEIGHT="75" STYLEREFS="font0"/></TextLine><TextLine WIDTH="1037" HEIGHT="75" ID="p591_t114" HPOS="1216" VPOS="1396"><String ID="p591_w577" CONTENT="oppofitions," HPOS="1216" VPOS="1396" WIDTH="206" HEIGHT="75" STYLEREFS="font0"/><SP WIDTH="26" VPOS="1396" HPOS="1422"/><String ID="p591_w578" CONTENT="and" HPOS="1448" VPOS="1396" WIDTH="61" HEIGHT="75" STYLEREFS="font0"/><SP WIDTH="17" VPOS="1396" HPOS="1509"/><String ID="p591_w579" CONTENT="other" HPOS="1526" VPOS="1396" WIDTH="93" HEIGHT="75" STYLEREFS="font0"/><SP WIDTH="18" VPOS="1396" HPOS="1619"/><String ID="p591_w580" CONTENT="afpe&amp;s" HPOS="1637" VPOS="1396" WIDTH="117" HEIGHT="75" STYLEREFS="font0"/><SP WIDTH="17" VPOS="1396" HPOS="1754"/><String ID="p591_w581" CONTENT="of" HPOS="1771" VPOS="1396" WIDTH="41" HEIGHT="75" STYLEREFS="font0"/><SP WIDTH="9" VPOS="1396" HPOS="1812"/><String ID="p591_w582" CONTENT="the" HPOS="1821" VPOS="1396" WIDTH="55" HEIGHT="75" STYLEREFS="font0"/><SP WIDTH="16" VPOS="1396" HPOS="1876"/><String ID="p591_w583" CONTENT="moon," HPOS="1892" VPOS="1396" WIDTH="109" HEIGHT="75" STYLEREFS="font0"/><SP WIDTH="18" VPOS="1396" HPOS="2001"/><String ID="p591_w584" CONTENT="are" HPOS="2019" VPOS="1396" WIDTH="52" HEIGHT="75" STYLEREFS="font0"/><SP WIDTH="17" VPOS="1396" HPOS="2071"/><String ID="p591_w585" CONTENT="within" HPOS="2088" VPOS="1396" WIDTH="111" HEIGHT="75" STYLEREFS="font0"/><SP WIDTH="14" VPOS="1396" HPOS="2199"/><String ID="p591_w586" CONTENT="an" HPOS="2213" VPOS="1396" WIDTH="40" HEIGHT="75" STYLEREFS="font0"/></TextLine><TextLine WIDTH="1037" HEIGHT="75" ID="p591_t115" HPOS="1215" VPOS="1441"><String ID="p591_w587" CONTENT="hour" HPOS="1215" VPOS="1441" WIDTH="83" HEIGHT="75" STYLEREFS="font0"/><SP WIDTH="12" VPOS="1441" HPOS="1298"/><String ID="p591_w588" CONTENT="and" HPOS="1310" VPOS="1441" WIDTH="63" HEIGHT="75" STYLEREFS="font0"/><SP WIDTH="15" VPOS="1441" HPOS="1373"/><String ID="p591_w589" CONTENT="half" HPOS="1388" VPOS="1441" WIDTH="75" HEIGHT="75" STYLEREFS="font0"/><SP WIDTH="6" VPOS="1441" HPOS="1463"/><String ID="p591_w590" CONTENT="of" HPOS="1469" VPOS="1441" WIDTH="41" HEIGHT="75" STYLEREFS="font0"/><SP WIDTH="9" VPOS="1441" HPOS="1510"/><String ID="p591_w591" CONTENT="being" HPOS="1519" VPOS="1441" WIDTH="96" HEIGHT="75" STYLEREFS="font0"/><SP WIDTH="12" VPOS="1441" HPOS="1615"/><String ID="p591_w592" CONTENT="the" HPOS="1627" VPOS="1441" WIDTH="56" HEIGHT="75" STYLEREFS="font0"/><SP WIDTH="16" VPOS="1441" HPOS="1683"/><String ID="p591_w593" CONTENT="fatpe" HPOS="1699" VPOS="1441" WIDTH="82" HEIGHT="75" STYLEREFS="font0"/><SP WIDTH="17" VPOS="1441" HPOS="1781"/><String ID="p591_w594" CONTENT="as" HPOS="1798" VPOS="1441" WIDTH="34" HEIGHT="75" STYLEREFS="font0"/><SP WIDTH="15" VPOS="1441" HPOS="1832"/><String ID="p591_w595" CONTENT="they" HPOS="1847" VPOS="1441" WIDTH="79" HEIGHT="75" STYLEREFS="font0"/><SP WIDTH="12" VPOS="1441" HPOS="1926"/><String ID="p591_w596" CONTENT="were" HPOS="1938" VPOS="1441" WIDTH="83" HEIGHT="75" STYLEREFS="font0"/><SP WIDTH="17" VPOS="1441" HPOS="2021"/><String ID="p591_w597" CONTENT="on" HPOS="2038" VPOS="1441" WIDTH="40" HEIGHT="75" STYLEREFS="font0"/><SP WIDTH="18" VPOS="1441" HPOS="2078"/><String ID="p591_w598" CONTENT="the" HPOS="2096" VPOS="1441" WIDTH="55" HEIGHT="75" STYLEREFS="font0"/><SP WIDTH="16" VPOS="1441" HPOS="2151"/><String ID="p591_w599" CONTENT="fame" HPOS="2167" VPOS="1441" WIDTH="85" HEIGHT="75" STYLEREFS="font0"/></TextLine><TextLine WIDTH="1035" HEIGHT="75" ID="p591_t116" HPOS="1216" VPOS="1489"><String ID="p591_w600" CONTENT="days" HPOS="1216" VPOS="1489" WIDTH="77" HEIGHT="75" STYLEREFS="font0"/><SP WIDTH="18" VPOS="1489" HPOS="1293"/><String ID="p591_w601" CONTENT="of" HPOS="1311" VPOS="1489" WIDTH="43" HEIGHT="75" STYLEREFS="font0"/><SP WIDTH="9" VPOS="1489" HPOS="1354"/><String ID="p591_w602" CONTENT="the" HPOS="1363" VPOS="1489" WIDTH="56" HEIGHT="75" STYLEREFS="font0"/><SP WIDTH="16" VPOS="1489" HPOS="1419"/><String ID="p591_w603" CONTENT="months" HPOS="1435" VPOS="1489" WIDTH="129" HEIGHT="75" STYLEREFS="font0"/><SP WIDTH="22" VPOS="1489" HPOS="1564"/><String ID="p591_w604" CONTENT="19" HPOS="1586" VPOS="1489" WIDTH="41" HEIGHT="75" STYLEREFS="font0"/><SP WIDTH="17" VPOS="1489" HPOS="1627"/><String ID="p591_w605" CONTENT="years" HPOS="1644" VPOS="1489" WIDTH="90" HEIGHT="75" STYLEREFS="font0"/><SP WIDTH="17" VPOS="1489" HPOS="1734"/><String ID="p591_w606" CONTENT="before." HPOS="1751" VPOS="1489" WIDTH="125" HEIGHT="75" STYLEREFS="font0"/><SP WIDTH="47" VPOS="1489" HPOS="1876"/><String ID="p591_w607" CONTENT="The" HPOS="1923" VPOS="1489" WIDTH="77" HEIGHT="75" STYLEREFS="font0"/><SP WIDTH="17" VPOS="1489" HPOS="2000"/><String ID="p591_w608" CONTENT="indittion" HPOS="2017" VPOS="1489" WIDTH="157" HEIGHT="75" STYLEREFS="font0"/><SP WIDTH="16" VPOS="1489" HPOS="2174"/><String ID="p591_w609" CONTENT="is" HPOS="2190" VPOS="1489" WIDTH="27" HEIGHT="75" STYLEREFS="font0"/><SP WIDTH="13" VPOS="1489" HPOS="2217"/><String ID="p591_w610" CONTENT="a" HPOS="2230" VPOS="1489" WIDTH="21" HEIGHT="75" STYLEREFS="font0"/></TextLine><TextLine WIDTH="1035" HEIGHT="75" ID="p591_t117" HPOS="1217" VPOS="1535"><String ID="p591_w611" CONTENT="revolution" HPOS="1217" VPOS="1535" WIDTH="178" HEIGHT="75" STYLEREFS="font0"/><SP WIDTH="17" VPOS="1535" HPOS="1395"/><String ID="p591_w612" CONTENT="of" HPOS="1412" VPOS="1535" WIDTH="40" HEIGHT="75" STYLEREFS="font0"/><SP WIDTH="16" VPOS="1535" HPOS="1452"/><String ID="p591_w613" CONTENT="15" HPOS="1468" VPOS="1535" WIDTH="39" HEIGHT="75" STYLEREFS="font0"/><SP WIDTH="18" VPOS="1535" HPOS="1507"/><String ID="p591_w614" CONTENT="years," HPOS="1525" VPOS="1535" WIDTH="104" HEIGHT="75" STYLEREFS="font0"/><SP WIDTH="26" VPOS="1535" HPOS="1629"/><String ID="p591_w615" CONTENT="ufed" HPOS="1655" VPOS="1535" WIDTH="76" HEIGHT="75" STYLEREFS="font0"/><SP WIDTH="16" VPOS="1535" HPOS="1731"/><String ID="p591_w616" CONTENT="only" HPOS="1747" VPOS="1535" WIDTH="77" HEIGHT="75" STYLEREFS="font0"/><SP WIDTH="15" VPOS="1535" HPOS="1824"/><String ID="p591_w617" CONTENT="by" HPOS="1839" VPOS="1535" WIDTH="43" HEIGHT="75" STYLEREFS="font0"/><SP WIDTH="16" VPOS="1535" HPOS="1882"/><String ID="p591_w618" CONTENT="the" HPOS="1898" VPOS="1535" WIDTH="56" HEIGHT="75" STYLEREFS="font0"/><SP WIDTH="17" VPOS="1535" HPOS="1954"/><String ID="p591_w619" CONTENT="Romans" HPOS="1971" VPOS="1535" WIDTH="143" HEIGHT="75" STYLEREFS="font0"/><SP WIDTH="19" VPOS="1535" HPOS="2114"/><String ID="p591_w620" CONTENT="for" HPOS="2133" VPOS="1535" WIDTH="51" HEIGHT="75" STYLEREFS="font0"/><SP WIDTH="19" VPOS="1535" HPOS="2184"/><String ID="p591_w621" CONTENT="in-" HPOS="2203" VPOS="1535" WIDTH="49" HEIGHT="75" STYLEREFS="font0"/></TextLine><TextLine WIDTH="1036" HEIGHT="75" ID="p591_t118" HPOS="1216" VPOS="1581"><String ID="p591_w622" CONTENT="dicating" HPOS="1216" VPOS="1581" WIDTH="141" HEIGHT="75" STYLEREFS="font0"/><SP WIDTH="21" VPOS="1581" HPOS="1357"/><String ID="p591_w623" CONTENT="the" HPOS="1378" VPOS="1581" WIDTH="55" HEIGHT="75" STYLEREFS="font0"/><SP WIDTH="15" VPOS="1581" HPOS="1433"/><String ID="p591_w624" CONTENT="times" HPOS="1448" VPOS="1581" WIDTH="93" HEIGHT="75" STYLEREFS="font0"/><SP WIDTH="18" VPOS="1581" HPOS="1541"/><String ID="p591_w625" CONTENT="of" HPOS="1559" VPOS="1581" WIDTH="40" HEIGHT="75" STYLEREFS="font0"/><SP WIDTH="19" VPOS="1581" HPOS="1599"/><String ID="p591_w626" CONTENT="certain" HPOS="1618" VPOS="1581" WIDTH="120" HEIGHT="75" STYLEREFS="font0"/><SP WIDTH="19" VPOS="1581" HPOS="1738"/><String ID="p591_w627" CONTENT="payments" HPOS="1757" VPOS="1581" WIDTH="166" HEIGHT="75" STYLEREFS="font0"/><SP WIDTH="17" VPOS="1581" HPOS="1923"/><String ID="p591_w628" CONTENT="made" HPOS="1940" VPOS="1581" WIDTH="92" HEIGHT="75" STYLEREFS="font0"/><SP WIDTH="16" VPOS="1581" HPOS="2032"/><String ID="p591_w629" CONTENT="by" HPOS="2048" VPOS="1581" WIDTH="44" HEIGHT="75" STYLEREFS="font0"/><SP WIDTH="15" VPOS="1581" HPOS="2092"/><String ID="p591_w630" CONTENT="the" HPOS="2107" VPOS="1581" WIDTH="55" HEIGHT="75" STYLEREFS="font0"/><SP WIDTH="16" VPOS="1581" HPOS="2162"/><String ID="p591_w631" CONTENT="fub-" HPOS="2178" VPOS="1581" WIDTH="74" HEIGHT="75" STYLEREFS="font0"/></TextLine><TextLine WIDTH="1038" HEIGHT="75" ID="p591_t119" HPOS="1213" VPOS="1628"><String ID="p591_w632" CONTENT="jeSs" HPOS="1213" VPOS="1628" WIDTH="81" HEIGHT="75" STYLEREFS="font0"/><SP WIDTH="17" VPOS="1628" HPOS="1294"/><String ID="p591_w633" CONTENT="to" HPOS="1311" VPOS="1628" WIDTH="36" HEIGHT="75" STYLEREFS="font0"/><SP WIDTH="23" VPOS="1628" HPOS="1347"/><String ID="p591_w634" CONTENT="the" HPOS="1370" VPOS="1628" WIDTH="56" HEIGHT="75" STYLEREFS="font0"/><SP WIDTH="16" VPOS="1628" HPOS="1426"/><String ID="p591_w635" CONTENT="republic" HPOS="1442" VPOS="1628" WIDTH="142" HEIGHT="75" STYLEREFS="font0"/><SP WIDTH="15" VPOS="1628" HPOS="1584"/><String ID="p591_w636" CONTENT=":" HPOS="1599" VPOS="1628" WIDTH="9" HEIGHT="75" STYLEREFS="font0"/><SP WIDTH="35" VPOS="1628" HPOS="1608"/><String ID="p591_w637" CONTENT="It" HPOS="1643" VPOS="1628" WIDTH="33" HEIGHT="75" STYLEREFS="font0"/><SP WIDTH="15" VPOS="1628" HPOS="1676"/><String ID="p591_w638" CONTENT="was" HPOS="1691" VPOS="1628" WIDTH="66" HEIGHT="75" STYLEREFS="font0"/><SP WIDTH="16" VPOS="1628" HPOS="1757"/><String ID="p591_w639" CONTENT="eflablifhed" HPOS="1773" VPOS="1628" WIDTH="183" HEIGHT="75" STYLEREFS="font0"/><SP WIDTH="16" VPOS="1628" HPOS="1956"/><String ID="p591_w640" CONTENT="by" HPOS="1972" VPOS="1628" WIDTH="42" HEIGHT="75" STYLEREFS="font0"/><SP WIDTH="17" VPOS="1628" HPOS="2014"/><String ID="p591_w641" CONTENT="Conflantine," HPOS="2031" VPOS="1628" WIDTH="220" HEIGHT="75" STYLEREFS="font0"/></TextLine><TextLine WIDTH="222" HEIGHT="75" ID="p591_t120" HPOS="1219" VPOS="1675"><String ID="p591_w642" CONTENT="A." HPOS="1219" VPOS="1675" WIDTH="45" HEIGHT="75" STYLEREFS="font0"/><SP WIDTH="19" VPOS="1675" HPOS="1264"/><String ID="p591_w643" CONTENT="D." HPOS="1283" VPOS="1675" WIDTH="49" HEIGHT="75" STYLEREFS="font0"/><SP WIDTH="28" VPOS="1675" HPOS="1332"/><String ID="p591_w644" CONTENT="312-" HPOS="1360" VPOS="1675" WIDTH="81" HEIGHT="75" STYLEREFS="font0"/></TextLine><TextLine WIDTH="987" HEIGHT="75" ID="p591_t121" HPOS="1262" VPOS="1721"><String ID="p591_w645" CONTENT="The" HPOS="1262" VPOS="1721" WIDTH="75" HEIGHT="75" STYLEREFS="font0"/><SP WIDTH="13" VPOS="1721" HPOS="1337"/><String ID="p591_w646" CONTENT="year" HPOS="1350" VPOS="1721" WIDTH="76" HEIGHT="75" STYLEREFS="font0"/><SP WIDTH="17" VPOS="1721" HPOS="1426"/><String ID="p591_w647" CONTENT="of" HPOS="1443" VPOS="1721" WIDTH="40" HEIGHT="75" STYLEREFS="font0"/><SP WIDTH="11" VPOS="1721" HPOS="1483"/><String ID="p591_w648" CONTENT="our" HPOS="1494" VPOS="1721" WIDTH="60" HEIGHT="75" STYLEREFS="font0"/><SP WIDTH="12" VPOS="1721" HPOS="1554"/><String ID="p591_w649" CONTENT="Saviour’s" HPOS="1566" VPOS="1721" WIDTH="163" HEIGHT="75" STYLEREFS="font0"/><SP WIDTH="16" VPOS="1721" HPOS="1729"/><String ID="p591_w650" CONTENT="birth," HPOS="1745" VPOS="1721" WIDTH="100" HEIGHT="75" STYLEREFS="font0"/><SP WIDTH="26" VPOS="1721" HPOS="1845"/><String ID="p591_w651" CONTENT="according" HPOS="1871" VPOS="1721" WIDTH="170" HEIGHT="75" STYLEREFS="font0"/><SP WIDTH="11" VPOS="1721" HPOS="2041"/><String ID="p591_w652" CONTENT="to" HPOS="2052" VPOS="1721" WIDTH="36" HEIGHT="75" STYLEREFS="font0"/><SP WIDTH="17" VPOS="1721" HPOS="2088"/><String ID="p591_w653" CONTENT="the" HPOS="2105" VPOS="1721" WIDTH="56" HEIGHT="75" STYLEREFS="font0"/><SP WIDTH="16" VPOS="1721" HPOS="2161"/><String ID="p591_w654" CONTENT="vul-" HPOS="2177" VPOS="1721" WIDTH="72" HEIGHT="75" STYLEREFS="font0"/></TextLine><TextLine WIDTH="1037" HEIGHT="75" ID="p591_t122" HPOS="1214" VPOS="1767"><String ID="p591_w655" CONTENT="gar" HPOS="1214" VPOS="1767" WIDTH="56" HEIGHT="75" STYLEREFS="font0"/><SP WIDTH="16" VPOS="1767" HPOS="1270"/><String ID="p591_w656" CONTENT="aera," HPOS="1286" VPOS="1767" WIDTH="75" HEIGHT="75" STYLEREFS="font0"/><SP WIDTH="25" VPOS="1767" HPOS="1361"/><String ID="p591_w657" CONTENT="was" HPOS="1386" VPOS="1767" WIDTH="64" HEIGHT="75" STYLEREFS="font0"/><SP WIDTH="18" VPOS="1767" HPOS="1450"/><String ID="p591_w658" CONTENT="the" HPOS="1468" VPOS="1767" WIDTH="56" HEIGHT="75" STYLEREFS="font0"/><SP WIDTH="30" VPOS="1767" HPOS="1524"/><String ID="p591_w659" CONTENT="9th" HPOS="1554" VPOS="1767" WIDTH="58" HEIGHT="75" STYLEREFS="font0"/><SP WIDTH="30" VPOS="1767" HPOS="1612"/><String ID="p591_w660" CONTENT="year" HPOS="1642" VPOS="1767" WIDTH="76" HEIGHT="75" STYLEREFS="font0"/><SP WIDTH="21" VPOS="1767" HPOS="1718"/><String ID="p591_w661" CONTENT="of" HPOS="1739" VPOS="1767" WIDTH="39" HEIGHT="75" STYLEREFS="font0"/><SP WIDTH="19" VPOS="1767" HPOS="1778"/><String ID="p591_w662" CONTENT="the" HPOS="1797" VPOS="1767" WIDTH="55" HEIGHT="75" STYLEREFS="font0"/><SP WIDTH="17" VPOS="1767" HPOS="1852"/><String ID="p591_w663" CONTENT="folar" HPOS="1869" VPOS="1767" WIDTH="82" HEIGHT="75" STYLEREFS="font0"/><SP WIDTH="15" VPOS="1767" HPOS="1951"/><String ID="p591_w664" CONTENT="cycle," HPOS="1966" VPOS="1767" WIDTH="102" HEIGHT="75" STYLEREFS="font0"/><SP WIDTH="44" VPOS="1767" HPOS="2068"/><String ID="p591_w665" CONTENT="the" HPOS="2112" VPOS="1767" WIDTH="57" HEIGHT="75" STYLEREFS="font0"/><SP WIDTH="17" VPOS="1767" HPOS="2169"/><String ID="p591_w666" CONTENT="firfl" HPOS="2186" VPOS="1767" WIDTH="65" HEIGHT="75" STYLEREFS="font0"/></TextLine><TextLine WIDTH="1034" HEIGHT="75" ID="p591_t123" HPOS="1215" VPOS="1813"><String ID="p591_w667" CONTENT="year" HPOS="1215" VPOS="1813" WIDTH="76" HEIGHT="75" STYLEREFS="font0"/><SP WIDTH="27" VPOS="1813" HPOS="1291"/><String ID="p591_w668" CONTENT="of" HPOS="1318" VPOS="1813" WIDTH="41" HEIGHT="75" STYLEREFS="font0"/><SP WIDTH="21" VPOS="1813" HPOS="1359"/><String ID="p591_w669" CONTENT="the" HPOS="1380" VPOS="1813" WIDTH="56" HEIGHT="75" STYLEREFS="font0"/><SP WIDTH="16" VPOS="1813" HPOS="1436"/><String ID="p591_w670" CONTENT="lunar" HPOS="1452" VPOS="1813" WIDTH="93" HEIGHT="75" STYLEREFS="font0"/><SP WIDTH="16" VPOS="1813" HPOS="1545"/><String ID="p591_w671" CONTENT="cycle," HPOS="1561" VPOS="1813" WIDTH="100" HEIGHT="75" STYLEREFS="font0"/><SP WIDTH="27" VPOS="1813" HPOS="1661"/><String ID="p591_w672" CONTENT="and" HPOS="1688" VPOS="1813" WIDTH="61" HEIGHT="75" STYLEREFS="font0"/><SP WIDTH="20" VPOS="1813" HPOS="1749"/><String ID="p591_w673" CONTENT="the" HPOS="1769" VPOS="1813" WIDTH="55" HEIGHT="75" STYLEREFS="font0"/><SP WIDTH="27" VPOS="1813" HPOS="1824"/><String ID="p591_w674" CONTENT="312th" HPOS="1851" VPOS="1813" WIDTH="104" HEIGHT="75" STYLEREFS="font0"/><SP WIDTH="29" VPOS="1813" HPOS="1955"/><String ID="p591_w675" CONTENT="year" HPOS="1984" VPOS="1813" WIDTH="77" HEIGHT="75" STYLEREFS="font0"/><SP WIDTH="28" VPOS="1813" HPOS="2061"/><String ID="p591_w676" CONTENT="after" HPOS="2089" VPOS="1813" WIDTH="83" HEIGHT="75" STYLEREFS="font0"/><SP WIDTH="26" VPOS="1813" HPOS="2172"/><String ID="p591_w677" CONTENT="his" HPOS="2198" VPOS="1813" WIDTH="51" HEIGHT="75" STYLEREFS="font0"/></TextLine><TextLine WIDTH="1034" HEIGHT="75" ID="p591_t124" HPOS="1216" VPOS="1860"><String ID="p591_w678" CONTENT="birth" HPOS="1216" VPOS="1860" WIDTH="86" HEIGHT="75" STYLEREFS="font0"/><SP WIDTH="18" VPOS="1860" HPOS="1302"/><String ID="p591_w679" CONTENT="was" HPOS="1320" VPOS="1860" WIDTH="65" HEIGHT="75" STYLEREFS="font0"/><SP WIDTH="17" VPOS="1860" HPOS="1385"/><String ID="p591_w680" CONTENT="the" HPOS="1402" VPOS="1860" WIDTH="56" HEIGHT="75" STYLEREFS="font0"/><SP WIDTH="16" VPOS="1860" HPOS="1458"/><String ID="p591_w681" CONTENT="firfl" HPOS="1474" VPOS="1860" WIDTH="69" HEIGHT="75" STYLEREFS="font0"/><SP WIDTH="12" VPOS="1860" HPOS="1543"/><String ID="p591_w682" CONTENT="year" HPOS="1555" VPOS="1860" WIDTH="74" HEIGHT="75" STYLEREFS="font0"/><SP WIDTH="12" VPOS="1860" HPOS="1629"/><String ID="p591_w683" CONTENT="of" HPOS="1641" VPOS="1860" WIDTH="41" HEIGHT="75" STYLEREFS="font0"/><SP WIDTH="10" VPOS="1860" HPOS="1682"/><String ID="p591_w684" CONTENT="the" HPOS="1692" VPOS="1860" WIDTH="56" HEIGHT="75" STYLEREFS="font0"/><SP WIDTH="17" VPOS="1860" HPOS="1748"/><String ID="p591_w685" CONTENT="Roman" HPOS="1765" VPOS="1860" WIDTH="127" HEIGHT="75" STYLEREFS="font0"/><SP WIDTH="17" VPOS="1860" HPOS="1892"/><String ID="p591_w686" CONTENT="indidion." HPOS="1909" VPOS="1860" WIDTH="164" HEIGHT="75" STYLEREFS="font0"/><SP WIDTH="48" VPOS="1860" HPOS="2073"/><String ID="p591_w687" CONTENT="There-" HPOS="2121" VPOS="1860" WIDTH="129" HEIGHT="75" STYLEREFS="font0"/></TextLine><TextLine WIDTH="1036" HEIGHT="75" ID="p591_t125" HPOS="1215" VPOS="1907"><String ID="p591_w688" CONTENT="fore," HPOS="1215" VPOS="1907" WIDTH="82" HEIGHT="75" STYLEREFS="font0"/><SP WIDTH="27" VPOS="1907" HPOS="1297"/><String ID="p591_w689" CONTENT="to" HPOS="1324" VPOS="1907" WIDTH="35" HEIGHT="75" STYLEREFS="font0"/><SP WIDTH="16" VPOS="1907" HPOS="1359"/><String ID="p591_w690" CONTENT="find" HPOS="1375" VPOS="1907" WIDTH="66" HEIGHT="75" STYLEREFS="font0"/><SP WIDTH="28" VPOS="1907" HPOS="1441"/><String ID="p591_w691" CONTENT="the" HPOS="1469" VPOS="1907" WIDTH="56" HEIGHT="75" STYLEREFS="font0"/><SP WIDTH="28" VPOS="1907" HPOS="1525"/><String ID="p591_w692" CONTENT="year," HPOS="1553" VPOS="1907" WIDTH="86" HEIGHT="75" STYLEREFS="font0"/><SP WIDTH="13" VPOS="1907" HPOS="1639"/><String ID="p591_w693" CONTENT="of" HPOS="1652" VPOS="1907" WIDTH="41" HEIGHT="75" STYLEREFS="font0"/><SP WIDTH="18" VPOS="1907" HPOS="1693"/><String ID="p591_w694" CONTENT="the" HPOS="1711" VPOS="1907" WIDTH="54" HEIGHT="75" STYLEREFS="font0"/><SP WIDTH="17" VPOS="1907" HPOS="1765"/><String ID="p591_w695" CONTENT="folar" HPOS="1782" VPOS="1907" WIDTH="83" HEIGHT="75" STYLEREFS="font0"/><SP WIDTH="16" VPOS="1907" HPOS="1865"/><String ID="p591_w696" CONTENT="cycle," HPOS="1881" VPOS="1907" WIDTH="104" HEIGHT="75" STYLEREFS="font0"/><SP WIDTH="24" VPOS="1907" HPOS="1985"/><String ID="p591_w697" CONTENT="add" HPOS="2009" VPOS="1907" WIDTH="64" HEIGHT="75" STYLEREFS="font0"/><SP WIDTH="17" VPOS="1907" HPOS="2073"/><String ID="p591_w698" CONTENT="9" HPOS="2090" VPOS="1907" WIDTH="21" HEIGHT="75" STYLEREFS="font0"/><SP WIDTH="18" VPOS="1907" HPOS="2111"/><String ID="p591_w699" CONTENT="to" HPOS="2129" VPOS="1907" WIDTH="35" HEIGHT="75" STYLEREFS="font0"/><SP WIDTH="24" VPOS="1907" HPOS="2164"/><String ID="p591_w700" CONTENT="any" HPOS="2188" VPOS="1907" WIDTH="63" HEIGHT="75" STYLEREFS="font0"/></TextLine><TextLine WIDTH="1035" HEIGHT="75" ID="p591_t126" HPOS="1216" VPOS="1954"><String ID="p591_w701" CONTENT="given" HPOS="1216" VPOS="1954" WIDTH="92" HEIGHT="75" STYLEREFS="font0"/><SP WIDTH="21" VPOS="1954" HPOS="1308"/><String ID="p591_w702" CONTENT="year" HPOS="1329" VPOS="1954" WIDTH="77" HEIGHT="75" STYLEREFS="font0"/><SP WIDTH="25" VPOS="1954" HPOS="1406"/><String ID="p591_w703" CONTENT="of" HPOS="1431" VPOS="1954" WIDTH="40" HEIGHT="75" STYLEREFS="font0"/><SP WIDTH="23" VPOS="1954" HPOS="1471"/><String ID="p591_w704" CONTENT="Chrifl^" HPOS="1494" VPOS="1954" WIDTH="127" HEIGHT="75" STYLEREFS="font0"/><SP WIDTH="25" VPOS="1954" HPOS="1621"/><String ID="p591_w705" CONTENT="and" HPOS="1646" VPOS="1954" WIDTH="66" HEIGHT="75" STYLEREFS="font0"/><SP WIDTH="28" VPOS="1954" HPOS="1712"/><String ID="p591_w706" CONTENT="divide" HPOS="1740" VPOS="1954" WIDTH="109" HEIGHT="75" STYLEREFS="font0"/><SP WIDTH="22" VPOS="1954" HPOS="1849"/><String ID="p591_w707" CONTENT="the" HPOS="1871" VPOS="1954" WIDTH="57" HEIGHT="75" STYLEREFS="font0"/><SP WIDTH="22" VPOS="1954" HPOS="1928"/><String ID="p591_w708" CONTENT="fum" HPOS="1950" VPOS="1954" WIDTH="68" HEIGHT="75" STYLEREFS="font0"/><SP WIDTH="22" VPOS="1954" HPOS="2018"/><String ID="p591_w709" CONTENT="by" HPOS="2040" VPOS="1954" WIDTH="45" HEIGHT="75" STYLEREFS="font0"/><SP WIDTH="26" VPOS="1954" HPOS="2085"/><String ID="p591_w710" CONTENT="28," HPOS="2111" VPOS="1954" WIDTH="56" HEIGHT="75" STYLEREFS="font0"/><SP WIDTH="26" VPOS="1954" HPOS="2167"/><String ID="p591_w711" CONTENT="the" HPOS="2193" VPOS="1954" WIDTH="58" HEIGHT="75" STYLEREFS="font0"/></TextLine><TextLine WIDTH="1032" HEIGHT="75" ID="p591_t127" HPOS="1217" VPOS="2001"><String ID="p591_w712" CONTENT="quotient" HPOS="1217" VPOS="2001" WIDTH="146" HEIGHT="75" STYLEREFS="font0"/><SP WIDTH="15" VPOS="2001" HPOS="1363"/><String ID="p591_w713" CONTENT="is" HPOS="1378" VPOS="2001" WIDTH="28" HEIGHT="75" STYLEREFS="font0"/><SP WIDTH="22" VPOS="2001" HPOS="1406"/><String ID="p591_w714" CONTENT="the" HPOS="1428" VPOS="2001" WIDTH="57" HEIGHT="75" STYLEREFS="font0"/><SP WIDTH="24" VPOS="2001" HPOS="1485"/><String ID="p591_w715" CONTENT="number" HPOS="1509" VPOS="2001" WIDTH="132" HEIGHT="75" STYLEREFS="font0"/><SP WIDTH="16" VPOS="2001" HPOS="1641"/><String ID="p591_w716" CONTENT="of" HPOS="1657" VPOS="2001" WIDTH="41" HEIGHT="75" STYLEREFS="font0"/><SP WIDTH="11" VPOS="2001" HPOS="1698"/><String ID="p591_w717" CONTENT="cycles-" HPOS="1709" VPOS="2001" WIDTH="117" HEIGHT="75" STYLEREFS="font0"/><SP WIDTH="17" VPOS="2001" HPOS="1826"/><String ID="p591_w718" CONTENT="elapfed" HPOS="1843" VPOS="2001" WIDTH="129" HEIGHT="75" STYLEREFS="font0"/><SP WIDTH="13" VPOS="2001" HPOS="1972"/><String ID="p591_w719" CONTENT="fince" HPOS="1985" VPOS="2001" WIDTH="81" HEIGHT="75" STYLEREFS="font0"/><SP WIDTH="15" VPOS="2001" HPOS="2066"/><String ID="p591_w720" CONTENT="his" HPOS="2081" VPOS="2001" WIDTH="50" HEIGHT="75" STYLEREFS="font0"/><SP WIDTH="16" VPOS="2001" HPOS="2131"/><String ID="p591_w721" CONTENT="birth," HPOS="2147" VPOS="2001" WIDTH="102" HEIGHT="75" STYLEREFS="font0"/></TextLine><TextLine WIDTH="1038" HEIGHT="75" ID="p591_t128" HPOS="1217" VPOS="2047"><String ID="p591_w722" CONTENT="and" HPOS="1217" VPOS="2047" WIDTH="61" HEIGHT="75" STYLEREFS="font0"/><SP WIDTH="17" VPOS="2047" HPOS="1278"/><String ID="p591_w723" CONTENT="the" HPOS="1295" VPOS="2047" WIDTH="55" HEIGHT="75" STYLEREFS="font0"/><SP WIDTH="20" VPOS="2047" HPOS="1350"/><String ID="p591_w724" CONTENT="remainder" HPOS="1370" VPOS="2047" WIDTH="179" HEIGHT="75" STYLEREFS="font0"/><SP WIDTH="21" VPOS="2047" HPOS="1549"/><String ID="p591_w725" CONTENT="is" HPOS="1570" VPOS="2047" WIDTH="28" HEIGHT="75" STYLEREFS="font0"/><SP WIDTH="28" VPOS="2047" HPOS="1598"/><String ID="p591_w726" CONTENT="the" HPOS="1626" VPOS="2047" WIDTH="55" HEIGHT="75" STYLEREFS="font0"/><SP WIDTH="29" VPOS="2047" HPOS="1681"/><String ID="p591_w727" CONTENT="cycle" HPOS="1710" VPOS="2047" WIDTH="90" HEIGHT="75" STYLEREFS="font0"/><SP WIDTH="27" VPOS="2047" HPOS="1800"/><String ID="p591_w728" CONTENT="for" HPOS="1827" VPOS="2047" WIDTH="54" HEIGHT="75" STYLEREFS="font0"/><SP WIDTH="23" VPOS="2047" HPOS="1881"/><String ID="p591_w729" CONTENT="the" HPOS="1904" VPOS="2047" WIDTH="55" HEIGHT="75" STYLEREFS="font0"/><SP WIDTH="16" VPOS="2047" HPOS="1959"/><String ID="p591_w730" CONTENT="given" HPOS="1975" VPOS="2047" WIDTH="93" HEIGHT="75" STYLEREFS="font0"/><SP WIDTH="22" VPOS="2047" HPOS="2068"/><String ID="p591_w731" CONTENT="year:" HPOS="2090" VPOS="2047" WIDTH="98" HEIGHT="75" STYLEREFS="font0"/><SP WIDTH="28" VPOS="2047" HPOS="2188"/><String ID="p591_w732" CONTENT="If" HPOS="2216" VPOS="2047" WIDTH="39" HEIGHT="75" STYLEREFS="font0"/></TextLine><TextLine WIDTH="1052" HEIGHT="75" ID="p591_t129" HPOS="1216" VPOS="2093"><String ID="p591_w733" CONTENT="nothing" HPOS="1216" VPOS="2093" WIDTH="133" HEIGHT="75" STYLEREFS="font0"/><SP WIDTH="15" VPOS="2093" HPOS="1349"/><String ID="p591_w734" CONTENT="remains," HPOS="1364" VPOS="2093" WIDTH="149" HEIGHT="75" STYLEREFS="font0"/><SP WIDTH="13" VPOS="2093" HPOS="1513"/><String ID="p591_w735" CONTENT="the" HPOS="1526" VPOS="2093" WIDTH="56" HEIGHT="75" STYLEREFS="font0"/><SP WIDTH="11" VPOS="2093" HPOS="1582"/><String ID="p591_w736" CONTENT="cycle" HPOS="1593" VPOS="2093" WIDTH="90" HEIGHT="75" STYLEREFS="font0"/><SP WIDTH="11" VPOS="2093" HPOS="1683"/><String ID="p591_w737" CONTENT="is" HPOS="1694" VPOS="2093" WIDTH="27" HEIGHT="75" STYLEREFS="font0"/><SP WIDTH="14" VPOS="2093" HPOS="1721"/><String ID="p591_w738" CONTENT="28" HPOS="1735" VPOS="2093" WIDTH="42" HEIGHT="75" STYLEREFS="font0"/><SP WIDTH="8" VPOS="2093" HPOS="1777"/><String ID="p591_w739" CONTENT="&gt;" HPOS="1785" VPOS="2093" WIDTH="8" HEIGHT="75" STYLEREFS="font0"/><SP WIDTH="32" VPOS="2093" HPOS="1793"/><String ID="p591_w740" CONTENT="To" HPOS="1825" VPOS="2093" WIDTH="57" HEIGHT="75" STYLEREFS="font0"/><SP WIDTH="12" VPOS="2093" HPOS="1882"/><String ID="p591_w741" CONTENT="find" HPOS="1894" VPOS="2093" WIDTH="66" HEIGHT="75" STYLEREFS="font0"/><SP WIDTH="12" VPOS="2093" HPOS="1960"/><String ID="p591_w742" CONTENT="the" HPOS="1972" VPOS="2093" WIDTH="55" HEIGHT="75" STYLEREFS="font0"/><SP WIDTH="9" VPOS="2093" HPOS="2027"/><String ID="p591_w743" CONTENT="lunar" HPOS="2036" VPOS="2093" WIDTH="94" HEIGHT="75" STYLEREFS="font0"/><SP WIDTH="13" VPOS="2093" HPOS="2130"/><String ID="p591_w744" CONTENT="cycle," HPOS="2143" VPOS="2093" WIDTH="104" HEIGHT="75" STYLEREFS="font0"/><SP WIDTH="17" VPOS="2093" HPOS="2247"/><String ID="p591_w745" CONTENT="," HPOS="2264" VPOS="2093" WIDTH="4" HEIGHT="75" STYLEREFS="font0"/></TextLine><TextLine WIDTH="1032" HEIGHT="75" ID="p591_t130" HPOS="1217" VPOS="2140"><String ID="p591_w746" CONTENT="add" HPOS="1217" VPOS="2140" WIDTH="64" HEIGHT="75" STYLEREFS="font0"/><SP WIDTH="21" VPOS="2140" HPOS="1281"/><String ID="p591_w747" CONTENT="1" HPOS="1302" VPOS="2140" WIDTH="13" HEIGHT="75" STYLEREFS="font0"/><SP WIDTH="20" VPOS="2140" HPOS="1315"/><String ID="p591_w748" CONTENT="to" HPOS="1335" VPOS="2140" WIDTH="35" HEIGHT="75" STYLEREFS="font0"/><SP WIDTH="21" VPOS="2140" HPOS="1370"/><String ID="p591_w749" CONTENT="the" HPOS="1391" VPOS="2140" WIDTH="55" HEIGHT="75" STYLEREFS="font0"/><SP WIDTH="17" VPOS="2140" HPOS="1446"/><String ID="p591_w750" CONTENT="given-year" HPOS="1463" VPOS="2140" WIDTH="188" HEIGHT="75" STYLEREFS="font0"/><SP WIDTH="16" VPOS="2140" HPOS="1651"/><String ID="p591_w751" CONTENT="of" HPOS="1667" VPOS="2140" WIDTH="42" HEIGHT="75" STYLEREFS="font0"/><SP WIDTH="17" VPOS="2140" HPOS="1709"/><String ID="p591_w752" CONTENT="Chrift," HPOS="1726" VPOS="2140" WIDTH="120" HEIGHT="75" STYLEREFS="font0"/><SP WIDTH="25" VPOS="2140" HPOS="1846"/><String ID="p591_w753" CONTENT="and" HPOS="1871" VPOS="2140" WIDTH="62" HEIGHT="75" STYLEREFS="font0"/><SP WIDTH="28" VPOS="2140" HPOS="1933"/><String ID="p591_w754" CONTENT="divide" HPOS="1961" VPOS="2140" WIDTH="107" HEIGHT="75" STYLEREFS="font0"/><SP WIDTH="30" VPOS="2140" HPOS="2068"/><String ID="p591_w755" CONTENT="the" HPOS="2098" VPOS="2140" WIDTH="56" HEIGHT="75" STYLEREFS="font0"/><SP WIDTH="26" VPOS="2140" HPOS="2154"/><String ID="p591_w756" CONTENT="fum" HPOS="2180" VPOS="2140" WIDTH="69" HEIGHT="75" STYLEREFS="font0"/></TextLine><TextLine WIDTH="1034" HEIGHT="75" ID="p591_t131" HPOS="1214" VPOS="2185"><String ID="p591_w757" CONTENT="by" HPOS="1214" VPOS="2185" WIDTH="43" HEIGHT="75" STYLEREFS="font0"/><SP WIDTH="18" VPOS="2185" HPOS="1257"/><String ID="p591_w758" CONTENT="19;" HPOS="1275" VPOS="2185" WIDTH="63" HEIGHT="75" STYLEREFS="font0"/><SP WIDTH="27" VPOS="2185" HPOS="1338"/><String ID="p591_w759" CONTENT="the" HPOS="1365" VPOS="2185" WIDTH="56" HEIGHT="75" STYLEREFS="font0"/><SP WIDTH="17" VPOS="2185" HPOS="1421"/><String ID="p591_w760" CONTENT="quotient" HPOS="1438" VPOS="2185" WIDTH="147" HEIGHT="75" STYLEREFS="font0"/><SP WIDTH="16" VPOS="2185" HPOS="1585"/><String ID="p591_w761" CONTENT="is" HPOS="1601" VPOS="2185" WIDTH="26" HEIGHT="75" STYLEREFS="font0"/><SP WIDTH="17" VPOS="2185" HPOS="1627"/><String ID="p591_w762" CONTENT="the." HPOS="1644" VPOS="2185" WIDTH="62" HEIGHT="75" STYLEREFS="font0"/><SP WIDTH="10" VPOS="2185" HPOS="1706"/><String ID="p591_w763" CONTENT="number" HPOS="1716" VPOS="2185" WIDTH="132" HEIGHT="75" STYLEREFS="font0"/><SP WIDTH="20" VPOS="2185" HPOS="1848"/><String ID="p591_w764" CONTENT="of" HPOS="1868" VPOS="2185" WIDTH="42" HEIGHT="75" STYLEREFS="font0"/><SP WIDTH="23" VPOS="2185" HPOS="1910"/><String ID="p591_w765" CONTENT="cycles" HPOS="1933" VPOS="2185" WIDTH="105" HEIGHT="75" STYLEREFS="font0"/><SP WIDTH="27" VPOS="2185" HPOS="2038"/><String ID="p591_w766" CONTENT="elapfed" HPOS="2065" VPOS="2185" WIDTH="128" HEIGHT="75" STYLEREFS="font0"/><SP WIDTH="21" VPOS="2185" HPOS="2193"/><String ID="p591_w767" CONTENT="in" HPOS="2214" VPOS="2185" WIDTH="34" HEIGHT="75" STYLEREFS="font0"/></TextLine><TextLine WIDTH="1032" HEIGHT="75" ID="p591_t132" HPOS="1213" VPOS="2233"><String ID="p591_w768" CONTENT="the" HPOS="1213" VPOS="2233" WIDTH="54" HEIGHT="75" STYLEREFS="font0"/><SP WIDTH="16" VPOS="2233" HPOS="1267"/><String ID="p591_w769" CONTENT="interval," HPOS="1283" VPOS="2233" WIDTH="149" HEIGHT="75" STYLEREFS="font0"/><SP WIDTH="11" VPOS="2233" HPOS="1432"/><String ID="p591_w770" CONTENT="and" HPOS="1443" VPOS="2233" WIDTH="68" HEIGHT="75" STYLEREFS="font0"/><SP WIDTH="9" VPOS="2233" HPOS="1511"/><String ID="p591_w771" CONTENT="the" HPOS="1520" VPOS="2233" WIDTH="57" HEIGHT="75" STYLEREFS="font0"/><SP WIDTH="13" VPOS="2233" HPOS="1577"/><String ID="p591_w772" CONTENT="remainder" HPOS="1590" VPOS="2233" WIDTH="176" HEIGHT="75" STYLEREFS="font0"/><SP WIDTH="15" VPOS="2233" HPOS="1766"/><String ID="p591_w773" CONTENT="is" HPOS="1781" VPOS="2233" WIDTH="26" HEIGHT="75" STYLEREFS="font0"/><SP WIDTH="18" VPOS="2233" HPOS="1807"/><String ID="p591_w774" CONTENT="the" HPOS="1825" VPOS="2233" WIDTH="56" HEIGHT="75" STYLEREFS="font0"/><SP WIDTH="16" VPOS="2233" HPOS="1881"/><String ID="p591_w775" CONTENT="cycle" HPOS="1897" VPOS="2233" WIDTH="90" HEIGHT="75" STYLEREFS="font0"/><SP WIDTH="20" VPOS="2233" HPOS="1987"/><String ID="p591_w776" CONTENT="for" HPOS="2007" VPOS="2233" WIDTH="53" HEIGHT="75" STYLEREFS="font0"/><SP WIDTH="20" VPOS="2233" HPOS="2060"/><String ID="p591_w777" CONTENT="the" HPOS="2080" VPOS="2233" WIDTH="56" HEIGHT="75" STYLEREFS="font0"/><SP WIDTH="16" VPOS="2233" HPOS="2136"/><String ID="p591_w778" CONTENT="given" HPOS="2152" VPOS="2233" WIDTH="93" HEIGHT="75" STYLEREFS="font0"/></TextLine><TextLine WIDTH="1033" HEIGHT="75" ID="p591_t133" HPOS="1214" VPOS="2279"><String ID="p591_w779" CONTENT="year.:" HPOS="1214" VPOS="2279" WIDTH="96" HEIGHT="75" STYLEREFS="font0"/><SP WIDTH="27" VPOS="2279" HPOS="1310"/><String ID="p591_w780" CONTENT="If" HPOS="1337" VPOS="2279" WIDTH="37" HEIGHT="75" STYLEREFS="font0"/><SP WIDTH="11" VPOS="2279" HPOS="1374"/><String ID="p591_w781" CONTENT="nothing" HPOS="1385" VPOS="2279" WIDTH="138" HEIGHT="75" STYLEREFS="font0"/><SP WIDTH="12" VPOS="2279" HPOS="1523"/><String ID="p591_w782" CONTENT="remains," HPOS="1535" VPOS="2279" WIDTH="148" HEIGHT="75" STYLEREFS="font0"/><SP WIDTH="19" VPOS="2279" HPOS="1683"/><String ID="p591_w783" CONTENT="the" HPOS="1702" VPOS="2279" WIDTH="55" HEIGHT="75" STYLEREFS="font0"/><SP WIDTH="15" VPOS="2279" HPOS="1757"/><String ID="p591_w784" CONTENT="cycle" HPOS="1772" VPOS="2279" WIDTH="90" HEIGHT="75" STYLEREFS="font0"/><SP WIDTH="16" VPOS="2279" HPOS="1862"/><String ID="p591_w785" CONTENT="is" HPOS="1878" VPOS="2279" WIDTH="27" HEIGHT="75" STYLEREFS="font0"/><SP WIDTH="18" VPOS="2279" HPOS="1905"/><String ID="p591_w786" CONTENT="19." HPOS="1923" VPOS="2279" WIDTH="54" HEIGHT="75" STYLEREFS="font0"/><SP WIDTH="48" VPOS="2279" HPOS="1977"/><String ID="p591_w787" CONTENT="Laftly," HPOS="2025" VPOS="2279" WIDTH="125" HEIGHT="75" STYLEREFS="font0"/><SP WIDTH="25" VPOS="2279" HPOS="2150"/><String ID="p591_w788" CONTENT="fub-" HPOS="2175" VPOS="2279" WIDTH="72" HEIGHT="75" STYLEREFS="font0"/></TextLine><TextLine WIDTH="1033" HEIGHT="75" ID="p591_t134" HPOS="1215" VPOS="2325"><String ID="p591_w789" CONTENT="tradt" HPOS="1215" VPOS="2325" WIDTH="79" HEIGHT="75" STYLEREFS="font0"/><SP WIDTH="20" VPOS="2325" HPOS="1294"/><String ID="p591_w790" CONTENT="312" HPOS="1314" VPOS="2325" WIDTH="64" HEIGHT="75" STYLEREFS="font0"/><SP WIDTH="19" VPOS="2325" HPOS="1378"/><String ID="p591_w791" CONTENT="from" HPOS="1397" VPOS="2325" WIDTH="85" HEIGHT="75" STYLEREFS="font0"/><SP WIDTH="23" VPOS="2325" HPOS="1482"/><String ID="p591_w792" CONTENT="the" HPOS="1505" VPOS="2325" WIDTH="55" HEIGHT="75" STYLEREFS="font0"/><SP WIDTH="17" VPOS="2325" HPOS="1560"/><String ID="p591_w793" CONTENT="giyen" HPOS="1577" VPOS="2325" WIDTH="93" HEIGHT="75" STYLEREFS="font0"/><SP WIDTH="17" VPOS="2325" HPOS="1670"/><String ID="p591_w794" CONTENT="year" HPOS="1687" VPOS="2325" WIDTH="76" HEIGHT="75" STYLEREFS="font0"/><SP WIDTH="16" VPOS="2325" HPOS="1763"/><String ID="p591_w795" CONTENT="of" HPOS="1779" VPOS="2325" WIDTH="42" HEIGHT="75" STYLEREFS="font0"/><SP WIDTH="16" VPOS="2325" HPOS="1821"/><String ID="p591_w796" CONTENT="Chrift," HPOS="1837" VPOS="2325" WIDTH="120" HEIGHT="75" STYLEREFS="font0"/><SP WIDTH="24" VPOS="2325" HPOS="1957"/><String ID="p591_w797" CONTENT="and" HPOS="1981" VPOS="2325" WIDTH="63" HEIGHT="75" STYLEREFS="font0"/><SP WIDTH="15" VPOS="2325" HPOS="2044"/><String ID="p591_w798" CONTENT="divide" HPOS="2059" VPOS="2325" WIDTH="108" HEIGHT="75" STYLEREFS="font0"/><SP WIDTH="23" VPOS="2325" HPOS="2167"/><String ID="p591_w799" CONTENT="the" HPOS="2190" VPOS="2325" WIDTH="58" HEIGHT="75" STYLEREFS="font0"/></TextLine><TextLine WIDTH="1054" HEIGHT="75" ID="p591_t135" HPOS="1216" VPOS="2369"><String ID="p591_w800" CONTENT="remainder" HPOS="1216" VPOS="2369" WIDTH="176" HEIGHT="75" STYLEREFS="font0"/><SP WIDTH="24" VPOS="2369" HPOS="1392"/><String ID="p591_w801" CONTENT="by" HPOS="1416" VPOS="2369" WIDTH="45" HEIGHT="75" STYLEREFS="font0"/><SP WIDTH="21" VPOS="2369" HPOS="1461"/><String ID="p591_w802" CONTENT="i" HPOS="1482" VPOS="2369" WIDTH="12" HEIGHT="75" STYLEREFS="font0"/><SP WIDTH="10" VPOS="2369" HPOS="1494"/><String ID="p591_w803" CONTENT="5" HPOS="1504" VPOS="2369" WIDTH="16" HEIGHT="75" STYLEREFS="font0"/><SP WIDTH="15" VPOS="2369" HPOS="1520"/><String ID="p591_w804" CONTENT=";" HPOS="1535" VPOS="2369" WIDTH="10" HEIGHT="75" STYLEREFS="font0"/><SP WIDTH="27" VPOS="2369" HPOS="1545"/><String ID="p591_w805" CONTENT="and" HPOS="1572" VPOS="2369" WIDTH="64" HEIGHT="75" STYLEREFS="font0"/><SP WIDTH="14" VPOS="2369" HPOS="1636"/><String ID="p591_w806" CONTENT="what" HPOS="1650" VPOS="2369" WIDTH="86" HEIGHT="75" STYLEREFS="font0"/><SP WIDTH="23" VPOS="2369" HPOS="1736"/><String ID="p591_w807" CONTENT="remains" HPOS="1759" VPOS="2369" WIDTH="134" HEIGHT="75" STYLEREFS="font0"/><SP WIDTH="24" VPOS="2369" HPOS="1893"/><String ID="p591_w808" CONTENT="after" HPOS="1917" VPOS="2369" WIDTH="82" HEIGHT="75" STYLEREFS="font0"/><SP WIDTH="25" VPOS="2369" HPOS="1999"/><String ID="p591_w809" CONTENT="this" HPOS="2024" VPOS="2369" WIDTH="64" HEIGHT="75" STYLEREFS="font0"/><SP WIDTH="27" VPOS="2369" HPOS="2088"/><String ID="p591_w810" CONTENT="divifion" HPOS="2115" VPOS="2369" WIDTH="133" HEIGHT="75" STYLEREFS="font0"/><SP WIDTH="17" VPOS="2369" HPOS="2248"/><String ID="p591_w811" CONTENT="-" HPOS="2265" VPOS="2369" WIDTH="5" HEIGHT="75" STYLEREFS="font0"/></TextLine><TextLine WIDTH="1027" HEIGHT="75" ID="p591_t136" HPOS="1216" VPOS="2417"><String ID="p591_w812" CONTENT="is" HPOS="1216" VPOS="2417" WIDTH="25" HEIGHT="75" STYLEREFS="font0"/><SP WIDTH="17" VPOS="2417" HPOS="1241"/><String ID="p591_w813" CONTENT="the" HPOS="1258" VPOS="2417" WIDTH="55" HEIGHT="75" STYLEREFS="font0"/><SP WIDTH="16" VPOS="2417" HPOS="1313"/><String ID="p591_w814" CONTENT="indidlion" HPOS="1329" VPOS="2417" WIDTH="151" HEIGHT="75" STYLEREFS="font0"/><SP WIDTH="20" VPOS="2417" HPOS="1480"/><String ID="p591_w815" CONTENT="for" HPOS="1500" VPOS="2417" WIDTH="51" HEIGHT="75" STYLEREFS="font0"/><SP WIDTH="24" VPOS="2417" HPOS="1551"/><String ID="p591_w816" CONTENT="the" HPOS="1575" VPOS="2417" WIDTH="57" HEIGHT="75" STYLEREFS="font0"/><SP WIDTH="15" VPOS="2417" HPOS="1632"/><String ID="p591_w817" CONTENT="given" HPOS="1647" VPOS="2417" WIDTH="92" HEIGHT="75" STYLEREFS="font0"/><SP WIDTH="17" VPOS="2417" HPOS="1739"/><String ID="p591_w818" CONTENT="year" HPOS="1756" VPOS="2417" WIDTH="76" HEIGHT="75" STYLEREFS="font0"/><SP WIDTH="14" VPOS="2417" HPOS="1832"/><String ID="p591_w819" CONTENT=":" HPOS="1846" VPOS="2417" WIDTH="9" HEIGHT="75" STYLEREFS="font0"/><SP WIDTH="35" VPOS="2417" HPOS="1855"/><String ID="p591_w820" CONTENT="If" HPOS="1890" VPOS="2417" WIDTH="37" HEIGHT="75" STYLEREFS="font0"/><SP WIDTH="11" VPOS="2417" HPOS="1927"/><String ID="p591_w821" CONTENT="nothing," HPOS="1938" VPOS="2417" WIDTH="142" HEIGHT="75" STYLEREFS="font0"/><SP WIDTH="16" VPOS="2417" HPOS="2080"/><String ID="p591_w822" CONTENT="remains," HPOS="2096" VPOS="2417" WIDTH="147" HEIGHT="75" STYLEREFS="font0"/></TextLine><TextLine WIDTH="342" HEIGHT="75" ID="p591_t137" HPOS="1216" VPOS="2463"><String ID="p591_w823" CONTENT="the" HPOS="1216" VPOS="2463" WIDTH="54" HEIGHT="75" STYLEREFS="font0"/><SP WIDTH="17" VPOS="2463" HPOS="1270"/><String ID="p591_w824" CONTENT="indidtion" HPOS="1287" VPOS="2463" WIDTH="151" HEIGHT="75" STYLEREFS="font0"/><SP WIDTH="17" VPOS="2463" HPOS="1438"/><String ID="p591_w825" CONTENT="is" HPOS="1455" VPOS="2463" WIDTH="26" HEIGHT="75" STYLEREFS="font0"/><SP WIDTH="23" VPOS="2463" HPOS="1481"/><String ID="p591_w826" CONTENT="15." HPOS="1504" VPOS="2463" WIDTH="54" HEIGHT="75" STYLEREFS="font0"/></TextLine><TextLine WIDTH="982" HEIGHT="75" ID="p591_t138" HPOS="1262" VPOS="2509"><String ID="p591_w827" CONTENT="Although" HPOS="1262" VPOS="2509" WIDTH="169" HEIGHT="75" STYLEREFS="font0"/><SP WIDTH="17" VPOS="2509" HPOS="1431"/><String ID="p591_w828" CONTENT="the" HPOS="1448" VPOS="2509" WIDTH="55" HEIGHT="75" STYLEREFS="font0"/><SP WIDTH="17" VPOS="2509" HPOS="1503"/><String ID="p591_w829" CONTENT="above" HPOS="1520" VPOS="2509" WIDTH="102" HEIGHT="75" STYLEREFS="font0"/><SP WIDTH="14" VPOS="2509" HPOS="1622"/><String ID="p591_w830" CONTENT="defidency-in" HPOS="1636" VPOS="2509" WIDTH="216" HEIGHT="75" STYLEREFS="font0"/><SP WIDTH="12" VPOS="2509" HPOS="1852"/><String ID="p591_w831" CONTENT="the" HPOS="1864" VPOS="2509" WIDTH="56" HEIGHT="75" STYLEREFS="font0"/><SP WIDTH="12" VPOS="2509" HPOS="1920"/><String ID="p591_w832" CONTENT="lunar;" HPOS="1932" VPOS="2509" WIDTH="97" HEIGHT="75" STYLEREFS="font0"/><SP WIDTH="12" VPOS="2509" HPOS="2029"/><String ID="p591_w833" CONTENT="circle" HPOS="2041" VPOS="2509" WIDTH="96" HEIGHT="75" STYLEREFS="font0"/><SP WIDTH="16" VPOS="2509" HPOS="2137"/><String ID="p591_w834" CONTENT="of" HPOS="2153" VPOS="2509" WIDTH="41" HEIGHT="75" STYLEREFS="font0"/><SP WIDTH="10" VPOS="2509" HPOS="2194"/><String ID="p591_w835" CONTENT="an" HPOS="2204" VPOS="2509" WIDTH="40" HEIGHT="75" STYLEREFS="font0"/></TextLine><TextLine WIDTH="1026" HEIGHT="75" ID="p591_t139" HPOS="1214" VPOS="2556"><String ID="p591_w836" CONTENT="hour" HPOS="1214" VPOS="2556" WIDTH="81" HEIGHT="75" STYLEREFS="font0"/><SP WIDTH="18" VPOS="2556" HPOS="1295"/><String ID="p591_w837" CONTENT="and" HPOS="1313" VPOS="2556" WIDTH="62" HEIGHT="75" STYLEREFS="font0"/><SP WIDTH="16" VPOS="2556" HPOS="1375"/><String ID="p591_w838" CONTENT="an" HPOS="1391" VPOS="2556" WIDTH="39" HEIGHT="75" STYLEREFS="font0"/><SP WIDTH="16" VPOS="2556" HPOS="1430"/><String ID="p591_w839" CONTENT="half" HPOS="1446" VPOS="2556" WIDTH="74" HEIGHT="75" STYLEREFS="font0"/><SP WIDTH="18" VPOS="2556" HPOS="1520"/><String ID="p591_w840" CONTENT="every" HPOS="1538" VPOS="2556" WIDTH="97" HEIGHT="75" STYLEREFS="font0"/><SP WIDTH="32" VPOS="2556" HPOS="1635"/><String ID="p591_w841" CONTENT="19" HPOS="1667" VPOS="2556" WIDTH="39" HEIGHT="75" STYLEREFS="font0"/><SP WIDTH="29" VPOS="2556" HPOS="1706"/><String ID="p591_w842" CONTENT="years" HPOS="1735" VPOS="2556" WIDTH="92" HEIGHT="75" STYLEREFS="font0"/><SP WIDTH="28" VPOS="2556" HPOS="1827"/><String ID="p591_w843" CONTENT="be" HPOS="1855" VPOS="2556" WIDTH="40" HEIGHT="75" STYLEREFS="font0"/><SP WIDTH="28" VPOS="2556" HPOS="1895"/><String ID="p591_w844" CONTENT="but" HPOS="1923" VPOS="2556" WIDTH="58" HEIGHT="75" STYLEREFS="font0"/><SP WIDTH="28" VPOS="2556" HPOS="1981"/><String ID="p591_w845" CONTENT="fmall," HPOS="2009" VPOS="2556" WIDTH="102" HEIGHT="75" STYLEREFS="font0"/><SP WIDTH="26" VPOS="2556" HPOS="2111"/><String ID="p591_w846" CONTENT="yet" HPOS="2137" VPOS="2556" WIDTH="54" HEIGHT="75" STYLEREFS="font0"/><SP WIDTH="17" VPOS="2556" HPOS="2191"/><String ID="p591_w847" CONTENT="in" HPOS="2208" VPOS="2556" WIDTH="32" HEIGHT="75" STYLEREFS="font0"/></TextLine><TextLine WIDTH="1031" HEIGHT="75" ID="p591_t140" HPOS="1213" VPOS="2602"><String ID="p591_w848" CONTENT="time" HPOS="1213" VPOS="2602" WIDTH="76" HEIGHT="75" STYLEREFS="font0"/><SP WIDTH="23" VPOS="2602" HPOS="1289"/><String ID="p591_w849" CONTENT="it" HPOS="1312" VPOS="2602" WIDTH="25" HEIGHT="75" STYLEREFS="font0"/><SP WIDTH="21" VPOS="2602" HPOS="1337"/><String ID="p591_w850" CONTENT="becomes" HPOS="1358" VPOS="2602" WIDTH="146" HEIGHT="75" STYLEREFS="font0"/><SP WIDTH="17" VPOS="2602" HPOS="1504"/><String ID="p591_w851" CONTENT="fo." HPOS="1521" VPOS="2602" WIDTH="42" HEIGHT="75" STYLEREFS="font0"/><SP WIDTH="12" VPOS="2602" HPOS="1563"/><String ID="p591_w852" CONTENT="fenfible" HPOS="1575" VPOS="2602" WIDTH="127" HEIGHT="75" STYLEREFS="font0"/><SP WIDTH="24" VPOS="2602" HPOS="1702"/><String ID="p591_w853" CONTENT="as" HPOS="1726" VPOS="2602" WIDTH="33" HEIGHT="75" STYLEREFS="font0"/><SP WIDTH="24" VPOS="2602" HPOS="1759"/><String ID="p591_w854" CONTENT="to" HPOS="1783" VPOS="2602" WIDTH="35" HEIGHT="75" STYLEREFS="font0"/><SP WIDTH="27" VPOS="2602" HPOS="1818"/><String ID="p591_w855" CONTENT="make" HPOS="1845" VPOS="2602" WIDTH="93" HEIGHT="75" STYLEREFS="font0"/><SP WIDTH="18" VPOS="2602" HPOS="1938"/><String ID="p591_w856" CONTENT="a" HPOS="1956" VPOS="2602" WIDTH="18" HEIGHT="75" STYLEREFS="font0"/><SP WIDTH="15" VPOS="2602" HPOS="1974"/><String ID="p591_w857" CONTENT="whole" HPOS="1989" VPOS="2602" WIDTH="105" HEIGHT="75" STYLEREFS="font0"/><SP WIDTH="24" VPOS="2602" HPOS="2094"/><String ID="p591_w858" CONTENT="natural" HPOS="2118" VPOS="2602" WIDTH="126" HEIGHT="75" STYLEREFS="font0"/></TextLine><TextLine WIDTH="1036" HEIGHT="75" ID="p591_t141" HPOS="1214" VPOS="2649"><String ID="p591_w859" CONTENT="day" HPOS="1214" VPOS="2649" WIDTH="63" HEIGHT="75" STYLEREFS="font0"/><SP WIDTH="16" VPOS="2649" HPOS="1277"/><String ID="p591_w860" CONTENT="in" HPOS="1293" VPOS="2649" WIDTH="31" HEIGHT="75" STYLEREFS="font0"/><SP WIDTH="19" VPOS="2649" HPOS="1324"/><String ID="p591_w861" CONTENT="310" HPOS="1343" VPOS="2649" WIDTH="67" HEIGHT="75" STYLEREFS="font0"/><SP WIDTH="16" VPOS="2649" HPOS="1410"/><String ID="p591_w862" CONTENT="years." HPOS="1426" VPOS="2649" WIDTH="104" HEIGHT="75" STYLEREFS="font0"/><SP WIDTH="51" VPOS="2649" HPOS="1530"/><String ID="p591_w863" CONTENT="So-that," HPOS="1581" VPOS="2649" WIDTH="152" HEIGHT="75" STYLEREFS="font0"/><SP WIDTH="25" VPOS="2649" HPOS="1733"/><String ID="p591_w864" CONTENT="although" HPOS="1758" VPOS="2649" WIDTH="155" HEIGHT="75" STYLEREFS="font0"/><SP WIDTH="25" VPOS="2649" HPOS="1913"/><String ID="p591_w865" CONTENT="this" HPOS="1938" VPOS="2649" WIDTH="63" HEIGHT="75" STYLEREFS="font0"/><SP WIDTH="29" VPOS="2649" HPOS="2001"/><String ID="p591_w866" CONTENT="cycle" HPOS="2030" VPOS="2649" WIDTH="89" HEIGHT="75" STYLEREFS="font0"/><SP WIDTH="26" VPOS="2649" HPOS="2119"/><String ID="p591_w867" CONTENT="be" HPOS="2145" VPOS="2649" WIDTH="39" HEIGHT="75" STYLEREFS="font0"/><SP WIDTH="23" VPOS="2649" HPOS="2184"/><String ID="p591_w868" CONTENT="of" HPOS="2207" VPOS="2649" WIDTH="43" HEIGHT="75" STYLEREFS="font0"/></TextLine><TextLine WIDTH="1031" HEIGHT="75" ID="p591_t142" HPOS="1213" VPOS="2695"><String ID="p591_w869" CONTENT="ufe," HPOS="1213" VPOS="2695" WIDTH="66" HEIGHT="75" STYLEREFS="font0"/><SP WIDTH="26" VPOS="2695" HPOS="1279"/><String ID="p591_w870" CONTENT="when" HPOS="1305" VPOS="2695" WIDTH="91" HEIGHT="75" STYLEREFS="font0"/><SP WIDTH="17" VPOS="2695" HPOS="1396"/><String ID="p591_w871" CONTENT="the" HPOS="1413" VPOS="2695" WIDTH="56" HEIGHT="75" STYLEREFS="font0"/><SP WIDTH="14" VPOS="2695" HPOS="1469"/><String ID="p591_w872" CONTENT="golden" HPOS="1483" VPOS="2695" WIDTH="116" HEIGHT="75" STYLEREFS="font0"/><SP WIDTH="24" VPOS="2695" HPOS="1599"/><String ID="p591_w873" CONTENT="numbers" HPOS="1623" VPOS="2695" WIDTH="148" HEIGHT="75" STYLEREFS="font0"/><SP WIDTH="17" VPOS="2695" HPOS="1771"/><String ID="p591_w874" CONTENT="are" HPOS="1788" VPOS="2695" WIDTH="54" HEIGHT="75" STYLEREFS="font0"/><SP WIDTH="16" VPOS="2695" HPOS="1842"/><String ID="p591_w875" CONTENT="rightly" HPOS="1858" VPOS="2695" WIDTH="121" HEIGHT="75" STYLEREFS="font0"/><SP WIDTH="19" VPOS="2695" HPOS="1979"/><String ID="p591_w876" CONTENT="placed" HPOS="1998" VPOS="2695" WIDTH="111" HEIGHT="75" STYLEREFS="font0"/><SP WIDTH="16" VPOS="2695" HPOS="2109"/><String ID="p591_w877" CONTENT="againft" HPOS="2125" VPOS="2695" WIDTH="119" HEIGHT="75" STYLEREFS="font0"/></TextLine><TextLine WIDTH="1028" HEIGHT="75" ID="p591_t143" HPOS="1214" VPOS="2740"><String ID="p591_w878" CONTENT="the" HPOS="1214" VPOS="2740" WIDTH="54" HEIGHT="75" STYLEREFS="font0"/><SP WIDTH="17" VPOS="2740" HPOS="1268"/><String ID="p591_w879" CONTENT="days" HPOS="1285" VPOS="2740" WIDTH="78" HEIGHT="75" STYLEREFS="font0"/><SP WIDTH="17" VPOS="2740" HPOS="1363"/><String ID="p591_w880" CONTENT="of" HPOS="1380" VPOS="2740" WIDTH="40" HEIGHT="75" STYLEREFS="font0"/><SP WIDTH="11" VPOS="2740" HPOS="1420"/><String ID="p591_w881" CONTENT="the" HPOS="1431" VPOS="2740" WIDTH="54" HEIGHT="75" STYLEREFS="font0"/><SP WIDTH="16" VPOS="2740" HPOS="1485"/><String ID="p591_w882" CONTENT="months" HPOS="1501" VPOS="2740" WIDTH="127" HEIGHT="75" STYLEREFS="font0"/><SP WIDTH="20" VPOS="2740" HPOS="1628"/><String ID="p591_w883" CONTENT="in" HPOS="1648" VPOS="2740" WIDTH="32" HEIGHT="75" STYLEREFS="font0"/><SP WIDTH="23" VPOS="2740" HPOS="1680"/><String ID="p591_w884" CONTENT="the" HPOS="1703" VPOS="2740" WIDTH="56" HEIGHT="75" STYLEREFS="font0"/><SP WIDTH="15" VPOS="2740" HPOS="1759"/><String ID="p591_w885" CONTENT="kalendar," HPOS="1774" VPOS="2740" WIDTH="166" HEIGHT="75" STYLEREFS="font0"/><SP WIDTH="26" VPOS="2740" HPOS="1940"/><String ID="p591_w886" CONTENT="as" HPOS="1966" VPOS="2740" WIDTH="32" HEIGHT="75" STYLEREFS="font0"/><SP WIDTH="17" VPOS="2740" HPOS="1998"/><String ID="p591_w887" CONTENT="innur" HPOS="2015" VPOS="2740" WIDTH="107" HEIGHT="75" STYLEREFS="font0"/><SP WIDTH="20" VPOS="2740" HPOS="2122"/><String ID="p591_w888" CONTENT="Com-" HPOS="2142" VPOS="2740" WIDTH="100" HEIGHT="75" STYLEREFS="font0"/></TextLine><TextLine WIDTH="1027" HEIGHT="75" ID="p591_t144" HPOS="1214" VPOS="2790"><String ID="p591_w889" CONTENT="mon" HPOS="1214" VPOS="2790" WIDTH="73" HEIGHT="75" STYLEREFS="font0"/><SP WIDTH="18" VPOS="2790" HPOS="1287"/><String ID="p591_w890" CONTENT="Prayer" HPOS="1305" VPOS="2790" WIDTH="120" HEIGHT="75" STYLEREFS="font0"/><SP WIDTH="15" VPOS="2790" HPOS="1425"/><String ID="p591_w891" CONTENT="Books," HPOS="1440" VPOS="2790" WIDTH="122" HEIGHT="75" STYLEREFS="font0"/><SP WIDTH="34" VPOS="2790" HPOS="1562"/><String ID="p591_w892" CONTENT="for" HPOS="1596" VPOS="2790" WIDTH="51" HEIGHT="75" STYLEREFS="font0"/><SP WIDTH="23" VPOS="2790" HPOS="1647"/><String ID="p591_w893" CONTENT="finding" HPOS="1670" VPOS="2790" WIDTH="119" HEIGHT="75" STYLEREFS="font0"/><SP WIDTH="29" VPOS="2790" HPOS="1789"/><String ID="p591_w894" CONTENT="the" HPOS="1818" VPOS="2790" WIDTH="59" HEIGHT="75" STYLEREFS="font0"/><SP WIDTH="23" VPOS="2790" HPOS="1877"/><String ID="p591_w895" CONTENT="days" HPOS="1900" VPOS="2790" WIDTH="78" HEIGHT="75" STYLEREFS="font0"/><SP WIDTH="28" VPOS="2790" HPOS="1978"/><String ID="p591_w896" CONTENT="of" HPOS="2006" VPOS="2790" WIDTH="41" HEIGHT="75" STYLEREFS="font0"/><SP WIDTH="20" VPOS="2790" HPOS="2047"/><String ID="p591_w897" CONTENT="the" HPOS="2067" VPOS="2790" WIDTH="55" HEIGHT="75" STYLEREFS="font0"/><SP WIDTH="27" VPOS="2790" HPOS="2122"/><String ID="p591_w898" CONTENT="mean" HPOS="2149" VPOS="2790" WIDTH="92" HEIGHT="75" STYLEREFS="font0"/></TextLine><TextLine WIDTH="1027" HEIGHT="75" ID="p591_t145" HPOS="1215" VPOS="2835"><String ID="p591_w899" CONTENT="conjundtions" HPOS="1215" VPOS="2835" WIDTH="214" HEIGHT="75" STYLEREFS="font0"/><SP WIDTH="25" VPOS="2835" HPOS="1429"/><String ID="p591_w900" CONTENT="or" HPOS="1454" VPOS="2835" WIDTH="39" HEIGHT="75" STYLEREFS="font0"/><SP WIDTH="25" VPOS="2835" HPOS="1493"/><String ID="p591_w901" CONTENT="oppofitions" HPOS="1518" VPOS="2835" WIDTH="189" HEIGHT="75" STYLEREFS="font0"/><SP WIDTH="24" VPOS="2835" HPOS="1707"/><String ID="p591_w902" CONTENT="of" HPOS="1731" VPOS="2835" WIDTH="39" HEIGHT="75" STYLEREFS="font0"/><SP WIDTH="23" VPOS="2835" HPOS="1770"/><String ID="p591_w903" CONTENT="the" HPOS="1793" VPOS="2835" WIDTH="54" HEIGHT="75" STYLEREFS="font0"/><SP WIDTH="28" VPOS="2835" HPOS="1847"/><String ID="p591_w904" CONTENT="fun" HPOS="1875" VPOS="2835" WIDTH="55" HEIGHT="75" STYLEREFS="font0"/><SP WIDTH="28" VPOS="2835" HPOS="1930"/><String ID="p591_w905" CONTENT="and" HPOS="1958" VPOS="2835" WIDTH="62" HEIGHT="75" STYLEREFS="font0"/><SP WIDTH="26" VPOS="2835" HPOS="2020"/><String ID="p591_w906" CONTENT="moon," HPOS="2046" VPOS="2835" WIDTH="108" HEIGHT="75" STYLEREFS="font0"/><SP WIDTH="26" VPOS="2835" HPOS="2154"/><String ID="p591_w907" CONTENT="and" HPOS="2180" VPOS="2835" WIDTH="62" HEIGHT="75" STYLEREFS="font0"/></TextLine><TextLine WIDTH="1025" HEIGHT="75" ID="p591_t146" HPOS="1216" VPOS="2881"><String ID="p591_w908" CONTENT="confequently" HPOS="1216" VPOS="2881" WIDTH="226" HEIGHT="75" STYLEREFS="font0"/><SP WIDTH="26" VPOS="2881" HPOS="1442"/><String ID="p591_w909" CONTENT="the" HPOS="1468" VPOS="2881" WIDTH="56" HEIGHT="75" STYLEREFS="font0"/><SP WIDTH="21" VPOS="2881" HPOS="1524"/><String ID="p591_w910" CONTENT="time" HPOS="1545" VPOS="2881" WIDTH="79" HEIGHT="75" STYLEREFS="font0"/><SP WIDTH="23" VPOS="2881" HPOS="1624"/><String ID="p591_w911" CONTENT="of" HPOS="1647" VPOS="2881" WIDTH="41" HEIGHT="75" STYLEREFS="font0"/><SP WIDTH="20" VPOS="2881" HPOS="1688"/><String ID="p591_w912" CONTENT="Eafter;" HPOS="1708" VPOS="2881" WIDTH="131" HEIGHT="75" STYLEREFS="font0"/><SP WIDTH="25" VPOS="2881" HPOS="1839"/><String ID="p591_w913" CONTENT="it" HPOS="1864" VPOS="2881" WIDTH="27" HEIGHT="75" STYLEREFS="font0"/><SP WIDTH="16" VPOS="2881" HPOS="1891"/><String ID="p591_w914" CONTENT="will" HPOS="1907" VPOS="2881" WIDTH="65" HEIGHT="75" STYLEREFS="font0"/><SP WIDTH="18" VPOS="2881" HPOS="1972"/><String ID="p591_w915" CONTENT="only" HPOS="1990" VPOS="2881" WIDTH="77" HEIGHT="75" STYLEREFS="font0"/><SP WIDTH="19" VPOS="2881" HPOS="2067"/><String ID="p591_w916" CONTENT="ferve" HPOS="2086" VPOS="2881" WIDTH="87" HEIGHT="75" STYLEREFS="font0"/><SP WIDTH="17" VPOS="2881" HPOS="2173"/><String ID="p591_w917" CONTENT="for" HPOS="2190" VPOS="2881" WIDTH="51" HEIGHT="75" STYLEREFS="font0"/></TextLine><TextLine WIDTH="1022" HEIGHT="75" ID="p591_t147" HPOS="1219" VPOS="2928"><String ID="p591_w918" CONTENT="310" HPOS="1219" VPOS="2928" WIDTH="66" HEIGHT="75" STYLEREFS="font0"/><SP WIDTH="15" VPOS="2928" HPOS="1285"/><String ID="p591_w919" CONTENT="years," HPOS="1300" VPOS="2928" WIDTH="103" HEIGHT="75" STYLEREFS="font0"/><SP WIDTH="26" VPOS="2928" HPOS="1403"/><String ID="p591_w920" CONTENT="old" HPOS="1429" VPOS="2928" WIDTH="54" HEIGHT="75" STYLEREFS="font0"/><SP WIDTH="16" VPOS="2928" HPOS="1483"/><String ID="p591_w921" CONTENT="ftyle." HPOS="1499" VPOS="2928" WIDTH="90" HEIGHT="75" STYLEREFS="font0"/><SP WIDTH="48" VPOS="2928" HPOS="1589"/><String ID="p591_w922" CONTENT="For" HPOS="1637" VPOS="2928" WIDTH="66" HEIGHT="75" STYLEREFS="font0"/><SP WIDTH="28" VPOS="2928" HPOS="1703"/><String ID="p591_w923" CONTENT="as" HPOS="1731" VPOS="2928" WIDTH="33" HEIGHT="75" STYLEREFS="font0"/><SP WIDTH="23" VPOS="2928" HPOS="1764"/><String ID="p591_w924" CONTENT="the" HPOS="1787" VPOS="2928" WIDTH="56" HEIGHT="75" STYLEREFS="font0"/><SP WIDTH="23" VPOS="2928" HPOS="1843"/><String ID="p591_w925" CONTENT="new" HPOS="1866" VPOS="2928" WIDTH="71" HEIGHT="75" STYLEREFS="font0"/><SP WIDTH="27" VPOS="2928" HPOS="1937"/><String ID="p591_w926" CONTENT="and" HPOS="1964" VPOS="2928" WIDTH="63" HEIGHT="75" STYLEREFS="font0"/><SP WIDTH="26" VPOS="2928" HPOS="2027"/><String ID="p591_w927" CONTENT="full" HPOS="2053" VPOS="2928" WIDTH="60" HEIGHT="75" STYLEREFS="font0"/><SP WIDTH="16" VPOS="2928" HPOS="2113"/><String ID="p591_w928" CONTENT="moons" HPOS="2129" VPOS="2928" WIDTH="112" HEIGHT="75" STYLEREFS="font0"/></TextLine><TextLine WIDTH="1024" HEIGHT="75" ID="p591_t148" HPOS="1217" VPOS="2978"><String ID="p591_w929" CONTENT="anticipate" HPOS="1217" VPOS="2978" WIDTH="167" HEIGHT="75" STYLEREFS="font0"/><SP WIDTH="16" VPOS="2978" HPOS="1384"/><String ID="p591_w930" CONTENT="a" HPOS="1400" VPOS="2978" WIDTH="19" HEIGHT="75" STYLEREFS="font0"/><SP WIDTH="14" VPOS="2978" HPOS="1419"/><String ID="p591_w931" CONTENT="day" HPOS="1433" VPOS="2978" WIDTH="64" HEIGHT="75" STYLEREFS="font0"/><SP WIDTH="16" VPOS="2978" HPOS="1497"/><String ID="p591_w932" CONTENT="in" HPOS="1513" VPOS="2978" WIDTH="32" HEIGHT="75" STYLEREFS="font0"/><SP WIDTH="13" VPOS="2978" HPOS="1545"/><String ID="p591_w933" CONTENT="that" HPOS="1558" VPOS="2978" WIDTH="72" HEIGHT="75" STYLEREFS="font0"/><SP WIDTH="17" VPOS="2978" HPOS="1630"/><String ID="p591_w934" CONTENT="time," HPOS="1647" VPOS="2978" WIDTH="89" HEIGHT="75" STYLEREFS="font0"/><SP WIDTH="25" VPOS="2978" HPOS="1736"/><String ID="p591_w935" CONTENT="the" HPOS="1761" VPOS="2978" WIDTH="55" HEIGHT="75" STYLEREFS="font0"/><SP WIDTH="26" VPOS="2978" HPOS="1816"/><String ID="p591_w936" CONTENT="golden" HPOS="1842" VPOS="2978" WIDTH="117" HEIGHT="75" STYLEREFS="font0"/><SP WIDTH="16" VPOS="2978" HPOS="1959"/><String ID="p591_w937" CONTENT="numbers" HPOS="1975" VPOS="2978" WIDTH="148" HEIGHT="75" STYLEREFS="font0"/><SP WIDTH="16" VPOS="2978" HPOS="2123"/><String ID="p591_w938" CONTENT="ought" HPOS="2139" VPOS="2978" WIDTH="102" HEIGHT="75" STYLEREFS="font0"/></TextLine></PrintSpace></Page></Layout></alto>