2456 3337
526 149 42 60 A
625 149 37 60 C
721 149 43 60 A

1118 149 20 60 (
1202 149 14 60 i

169 234 65 37 AC
238 234 28 37 A
271 234 206 37 NTHINE,
499 234 64 37 any
577 234 93 37 thing
695 234 188 37 refembling
907 234 38 37 or
968 234 173 37 belonging
1164 234 36 37 to

218 279 55 37 the
289 279 80 37 herb
392 279 165 37 acantiuis,
606 279 183 37 Acanthine
813 279 173 37 garments,
1011 279 117 37 among
1144 279 56 37 the

216 326 155 37 ancients,
396 326 52 37 are
465 326 66 37 faid
546 326 35 37 to
597 326 40 37 be
652 326 92 37 made
760 326 41 37 of
820 326 55 37 the
891 326 96 37 down
1003 326 40 37 of
1054 326 120 37 thiftles
1186 326 11 37 ;

217 371 109 37 others
342 371 93 37 think
450 371 79 37 they
544 371 84 37 were
644 371 161 37 garments
827 371 224 37 embroidered
1072 371 33 37 in
1128 371 72 37 imi-

217 418 104 37 tation
336 418 40 37 of
394 418 56 37 the
467 418 166 37 acanthus.

169 463 317 37 ACANTHIUM,
510 468 34 30 in
560 468 133 30 botany,
720 468 55 30 the
798 468 105 30 trivial
922 468 92 30 name
1035 463 41 37 of
1095 463 19 37 a
1132 468 68 30 fpe-

219 510 62 37 cies
298 510 40 37 of
355 515 214 30 onopordum.
619 510 62 37 See
698 520 264 24 ONOPQRDUM.

170 555 367 37 ACANTHOIDES,
562 555 33 37 in
610 555 132 37 botany,
769 555 18 37 a
809 555 162 37 fynonime
993 555 40 37 of
1052 555 56 37 the
1130 555 70 37 car-

219 602 77 37 lina,
321 602 39 37 or
375 602 254 37 carline-thiftle.
680 602 61 37 See
758 607 195 30 CARLINA.

171 647 553 37 ACANTHOPTERYGIOUS
748 647 112 37 fijhes,
898 647 19 37 a
944 647 83 37 term
1053 647 78 37 ufed
1143 647 59 37 .by

217 693 152 37 Linnaeus
387 693 62 37 and
460 693 109 37 others
580 693 52 37 for
648 693 91 37 thofe
754 693 89 37 fiihes
860 693 107 37 whofe
978 693 158 37 back-fins
1148 693 54 37 are

217 741 94 37 hard,
336 741 135 37 offeous,
496 741 64 37 and
574 741 138 37 prickly.

171 786 282 37 ACANTHUS,
479 786 239 37 bears-breach,
741 786 37 37 or
794 786 233 37 brank-urfine,
1052 786 33 37 in
1109 786 92 37 bota-

217 833 56 37 ny,
298 833 19 37 a
332 833 98 37 genus
447 833 41 37 of
507 833 103 37 plants
628 833 172 37 belonging
816 833 36 37 to
875 833 56 37 the
947 833 182 37 didynamia
1146 833 53 37 an-

218 879 187 37 giofpermia
419 879 92 37 clafa.
559 879 112 37 There
688 879 53 37 are
758 879 78 37 only
851 879 61 37 five
933 879 120 37 fpecies
1077 879 41 37 of
1137 879 63 37 this

217 924 169 37 plant,'all
403 924 40 37 of
460 924 107 37 which
584 924 54 37 are
660 924 121 37 natives
806 924 103 37 either
930 924 40 37 of
989 924 87 37 Italy
1092 924 36 37 or
1145 924 56 37 the

215 970 125 37 Indies.
387 970 66 37 For
467 970 43 37 its
526 970 113 37 figure,
664 970 107 37 which
786 970 30 37 is
830 970 184 37 extremely
1029 970 171 37 beautiful,

217 1020 50 37 fee
283 1020 132 37 plate,I.
439 1020 56 37 fig.
517 1020 32 37 3.
598 1020 77 37 The
699 1020 106 37 leaves
830 1020 40 37 of
888 1020 56 37 the
969 1020 153 37 acanthus
1148 1020 53 37 are

217 1063 125 37 famous
359 1063 51 37 for
426 1063 118 37 having
560 1063 93 37 given
669 1063 62 37 rife
745 1063 35 37 to
797 1063 56 37 the
869 1063 116 37 capital
1001 1063 41 37 of
1059 1063 57 37 the
1132 1063 68 37 Co-

218 1108 139 37 rinthian
369 1108 94 37 order
480 1108 40 37 of
538 1108 223 37 architecture.

170 1165 217 24 ACANTHUS
405 1155 26 37 is
448 1155 139 37 likewife
602 1155 78 37 ufed
695 1155 44 37 by
754 1155 242 37 Theophraftus
1013 1155 34 37 as
1070 1155 20 37 a.
1107 1155 94 37 fyno-

216 1202 85 37 nime
318 1202 40 37 of
377 1202 54 37 the
448 1202 118 37 acacia.

170 1254 231 30 ACANTHUS,
425 1249 33 37 in
482 1249 223 37 architedhire,
736 1249 40 37 an
800 1249 165 37 ornament
987 1249 216 37 reprefenting

217 1294 56 37 the
288 1294 106 37 leaves
411 1294 43 37 of
469 1294 56 37 the
541 1294 167 37 acanthus,
731 1294 78 37 ufed
823 1294 33 37 in
870 1294 58 37 the
945 1294 136 37 capitals
1094 1294 40 37 of
1146 1294 56 37 the

219 1340 191 37 Corinthian
425 1340 65 37 and
513 1340 184 37 Compofite
719 1340 126 37 orders.
894 1340 62 37 See
976 1345 225 30 ARCHITEC-

221 1393 118 30 TURE.

170 1433 66 37 AC
242 1433 140 37 ANUS,
407 1433 32 37 in
455 1433 132 37 botany,
612 1433 20 37 a
647 1433 162 37 fynonime
825 1433 40 37 of
883 1433 58 37 the
957 1433 136 37 carduus
1116 1433 85 37 cafa-

220 1478 87 37 bonas
320 1478 40 37 of
379 1478 163 37 Linnaeus.
592 1478 62 37 See
671 1483 203 30 CARDUUS.

171 1526 262 37 ACAPATLI,
458 1526 56 37 the
529 1526 172 37 American
713 1526 91 37 name
820 1526 41 37 of
880 1526 56 37 the
950 1526 93 37 piper
1057 1526 145 37 longum,

219 1570 37 37 or
272 1575 76 30 long
360 1570 128 37 pepper.
540 1570 61 37 See
618 1570 42 37 Pi
668 1580 83 24 PEP..

171 1618 246 37 ACAPNON,
443 1618 33 37 in
492 1618 132 37 botany,
649 1618 41 37 an
705 1618 141 37 obfolete
862 1618 92 37 name
970 1618 41 37 of
1028 1618 60 37 the
1096 1618 106 37 origa-

219 1662 76 37 num
312 1662 37 37 or
365 1662 186 37 marjoram.
603 1662 61 37 See
682 1667 235 30 ORIGANUM.

171 1709 278 37 ACAPULCO,
474 1709 32 37 in
523 1709 199 37 geography,
748 1709 19 37 a
782 1709 141 37 fea-port
940 1709 86 37 town
1042 1709 32 37 in
1091 1709 111 37 North

219 1754 165 37 America,
399 1754 33 37 in
448 1754 77 37 102.
543 1754 35 37 o.
596 1754 61 37 W.
671 1754 89 37 long.
791 1754 54 37 17.
865 1754 34 37 3.
917 1754 48 37 N.
983 1754 58 37 lat.
1067 1754 137 37 fituated

219 1800 32 37 in
270 1800 55 37 the
341 1800 151 37 province
503 1800 40 37 of
553 1800 150 37 Mexico,
721 1800 41 37 on
775 1800 19 37 a
809 1800 62 37 fine
887 1800 63 37 bay
961 1800 41 37 of
1012 1800 56 37 the
1081 1800 121 37 South-

220 1846 64 37 fea,
309 1846 84 37 from
409 1846 129 37 whence
555 1846 19 37 a
589 1846 66 37 (hip
679 1846 72 37 fails
776 1846 150 37 annually
947 1846 36 37 to
1007 1846 139 37 Manilla
1169 1846 33 37 in

223 1892 56 37 the
294 1892 181 37 Philippine
492 1892 127 37 iflands.

173 1939 180 37 ACARA,
377 1939 33 37 in
425 1939 223 37 ichthyology,
665 1939 40 37 an
720 1939 143 37 obfolete
879 1939 91 37 name
987 1939 40 37 of
1037 1939 56 37 the
1109 1939 95 37 perca

222 1987 218 37 chryfoptera.
488 1987 62 37 See
565 1997 145 24 PERCA.

174 2037 296 30 ACARA-AYAJ
494 2032 35 37 in
543 2032 223 37 ichthyology,
791 2032 41 37 an
854 2032 141 37 obfolete
1020 2032 90 37 name
1127 2032 40 37 of
1185 2032 19 37 a

222 2078 117 37 fpecies
357 2078 40 37 of
415 2078 56 37 the
486 2078 152 37 cyprinus
650 2078 38 37 or
705 2078 88 37 carp.
843 2078 64 37 See
923 2083 216 30 CYPRINUS.

175 2124 321 37 ACARA-PEBA,
521 2124 32 37 in
575 2124 225 37 ichthyology,
824 2124 40 37 an
888 2124 142 37 ohtolete
1053 2124 92 37 name
1169 2124 41 37 of

221 2169 55 37 the
292 2169 122 37 fparus.
465 2169 242 37 See^SpARus.

175 2216 374 37 ACARA-PINIMA,
572 2216 32 37 in
629 2216 225 37 ichthyology,
885 2216 39 37 an
948 2216 141 37 obfolete
1112 2216 93 37 name

224 2261 38 37 of
281 2261 59 37 the
354 2261 108 37 fparus
478 2261 181 37 cantharus.
709 2261 62 37 See
789 2266 162 30 SPARUS.

175 2309 64 37 AC
246 2309 348 37 ARA-PITAMBA,
619 2309 32 37 in
667 2309 223 37 ichthyology,
909 2309 39 37 an
960 2309 141 37 obfolete
1112 2309 92 37 name

224 2351 39 37 of
282 2351 18 37 a
317 2351 117 37 ;pecies
451 2351 39 37 of
510 2351 54 37 the
580 2351 114 37 mugil.
744 2351 62 37 See
822 2351 157 37 Mucin.

176 2397 199 37 ACARAI,
400 2397 19 37 a
434 2397 89 37 town
538 2397 37 37 in
583 2397 167 37 Paraguay
764 2397 33 37 in
811 2397 109 37 South
934 2397 163 37 America,
1122 2397 83 37 built

224 2442 43 37 by
283 2442 55 37 the
354 2442 119 37 Jefuits
489 2442 32 37 in
538 2442 104 37 1624,
669 2442 79 37 1x6.
766 2442 58 37 40-.
841 2442 88 37 long.
958 2442 58 37 26.
1034 2442 36 37 a.
1089 2442 40 37 S.
1143 2442 61 37 lat.

176 2489 166 37 ACARI.
392 2494 248 30 SCCACARUS.

176 2535 297 37 ACARICOBA,
497 2535 32 37 in
545 2535 131 37 botany,
703 2535 18 37 a
737 2535 162 37 fynonime
915 2535 40 37 of
973 2535 55 37 the
1044 2535 160 37 hydroco-

224 2580 72 37 tyle
307 2580 185 37 umbellata.
541 2580 61 37 See
618 2585 315 30 HVDROCOTYLE.

177 2626 217 37 ACARNA,
419 2626 32 37 in
468 2626 132 37 botany,
616 2626 19 37 a
646 2626 161 37 fynonime
824 2626 39 37 of
874 2626 56 37 the
946 2626 138 37 carduus
1099 2626 106 37 caufa-

226 2670 103 37 bonse,
354 2670 40 37 of
412 2670 55 37 the
484 2670 119 37 emeus,
628 2670 41 37 of
688 2670 55 37 the
760 2670 117 37 carhrra
892 2670 120 37 lanata,
1036 2670 168 37 corymbo-

225 2717 46 37 fa,
295 2717 171 37 racemofa,
490 2717 62 37 and
569 2717 186 37 cancellata.
804 2717 129 37 Acarna
944 2717 30 37 is
988 2717 68 37 abb
1069 2717 79 37 ufed
1161 2717 45 37 by

225 2763 146 37 Vaillant
388 2763 32 37 as
444 2763 19 37 a
479 2763 83 37 term
576 2763 52 37 for
652 2763 287 37 cynaracephalous
964 2763 38 37 or
1023 2763 182 37 astiehoak-

226 2809 123 37 headed
364 2809 117 37 plants,

180 2857 252 37 ACARNAN,
456 2857 39 37 an
519 2857 142 37 obfolete
677 2857 91 37 name
791 2857 41 37 of
849 2857 55 37 the
925 2857 108 37 fparus
1056 2857 148 37 erythry-

228 2900 71 37 mis.
349 2900 61 37 See
427 2905 162 30 SPARUS.

181 2947 216 37 ACARON,
421 2947 55 37 the
493 2947 91 37 name
600 2947 40 37 of
650 2947 55 37 the
722 2947 65 37 god
802 2947 40 37 f
852 2947 83 37 flies.
981 2947 79 37 The
1076 2947 130 37 Ekron-

228 2994 62 37 ites
306 2994 104 37 called
423 2994 69 37 him
509 2994 201 37 Baalzebub.

1229 148 19 60 2
1307 148 20 60 )

1621 148 18 60 '
1684 148 41 60 A
1786 148 36 60 C
1880 148 42 60 A

1246 231 210 37 ACARUS,
1481 231 19 37 a
1516 231 98 37 genus
1630 231 40 37 of
1688 231 33 37 in
1723 231 76 37 feds
1815 231 171 37 belonging
2002 231 35 37 to
2059 231 56 37 the
2131 231 95 37 order
2241 231 42 37 of

1293 277 121 37 aptera,
1438 277 37 37 or
1492 277 75 37 fuch
1585 277 34 37 as
1635 277 82 37 have
1733 277 41 37 no
1790 277 115 37 wings.
1952 277 77 37 The
2045 277 111 37 acarus
2179 277 57 37 has
2255 277 20 37 8

1293 323 80 37 legs,
1400 323 18 37 2
1438 323 87 37 eyes,
1551 323 60 37 one
1634 323 41 37 on
1699 323 78 37 eafch
1802 323 63 37 fide
1882 323 38 37 of
1939 323 55 37 the
2009 323 98 37 head,
2131 323 64 37 and
2210 323 67 37 two

1289 369 126 37 jointed
1424 369 234 37 tentaculalike
1668 369 78 37 feet.
1795 369 64 37 See
1873 369 85 37 plate
1967 369 31 37 I,
2015 369 57 37 fig,
2083 369 35 37 4.
2161 369 116 37 There

1294 416 53 37 are
1363 416 180 37 thirty-one
1559 416 120 37 fpecies
1695 416 40 37 of
1746 416 56 37 the
1817 416 122 37 acarus.
1991 416 30 37 1.
2038 416 77 37 The
2126 416 151 37 elephan-

1294 462 97 37 tinus,
1416 462 27 37 is
1469 462 98 37 about
1591 462 55 37 the
1670 462 63 37 fize
1757 462 40 37 of
1816 462 17 37 a
1850 462 97 37 white
1962 462 89 37 lupin
2066 462 88 37 feed,
2176 462 57 37 has
2258 462 20 37 a

1293 508 162 37 deprefled
1477 508 161 37 orbicular
1652 508 82 37 livid
1755 508 100 37 body,
1880 508 134 37 thickeft
2037 508 32 37 at
2094 508 55 37 the
2165 508 111 37 edges,

1294 556 79 37 with
1397 556 91 37 three
1511 556 139 37 furrows
1675 556 43 37 on
1741 556 77 37 each
1843 556 63 37 fide
1923 556 40 37 of
1980 556 56 37 the
2051 556 100 37 belly,
2179 556 63 37 and
2258 556 19 37 a

1293 602 95 37 black
1403 602 73 37 oval
1492 602 90 37 trifid
1596 602 71 37 fpot
1684 602 33 37 at
1733 602 55 37 the
1805 602 72 37 bafe
1893 602 37 37 or
1955 602 63 37 end
2039 602 40 37 of
2097 602 55 37 the
2175 602 101 37 body.

1294 648 33 37 It
1350 648 27 37 is
1395 648 19 37 a
1434 648 107 37 native
1557 648 40 37 of
1616 648 105 37 India.
1772 648 33 37 2.
1831 648 77 37 The
1931 648 169 37 segyptius,
2127 648 28 37 is
2178 648 40 37 of
2238 648 40 37 an

1294 694 72 37 oval
1391 694 105 37 fhape,
1529 694 162 37 yellowilh
1717 694 124 37 colour,
1875 694 62 37 and
1965 694 19 37 a
2008 694 97 37 v/hite
2133 694 80 37 edge
2240 694 40 37 or

1293 740 135 37 margin.
1478 740 32 37 It
1526 740 27 37 is
1578 740 19 37 a
1621 740 106 37 native
1743 740 40 37 of
1801 740 57 37 the
1881 740 90 37 Halt.
2023 740 31 37 3.
2080 740 78 37 The
2183 740 95 37 redu-

1292 786 69 37 vius
1378 786 27 37 is
1423 786 85 37 plain
1525 786 63 37 and
1603 786 86 37 oval,
1714 786 79 37 with
1811 786 37 37 an
1865 786 73 37 oval
1962 786 71 37 fpot
2056 786 32 37 at
2113 786 56 37 the
2191 786 86 37 bale.

1293 832 33 37 It
1349 832 80 37 lives
1452 832 42 37 on
1517 832 87 37 oxen
1627 832 63 37 and
1712 832 95 37 dogs.
1855 832 33 37 4.
1914 832 77 37 The
2015 832 209 37 americanus,
2249 832 28 37 is

1292 877 125 37 reddiih
1434 877 63 37 and
1512 877 86 37 oval,
1623 877 80 37 with
1720 877 56 37 the
1793 877 165 37 fcutellum
1975 877 62 37 and
2050 877 102 37 joints
2169 877 40 37 of
2221 877 59 37 the

1292 924 173 37 feetwhite
1512 924 32 37 It
1556 924 25 37 is
1591 924 19 37 a
1618 924 106 37 native
1736 924 41 37 of
1787 924 162 37 America.
1981 924 121 37 4.The
2114 924 161 37 fanguifu-

1292 971 71 37 gus.
1403 971 77 37 The
1496 971 114 37 hinder
1621 971 72 37 part
1704 971 42 37 of
1756 971 56 37 the
1824 971 156 37 abdomen
1995 971 28 37 is
2040 971 163 37 crenated,
2221 971 58 37 the

1290 1018 166 37 fcutellum
1472 1018 28 37 is
1515 1018 74 37 oval
1605 1018 63 37 and
1683 1018 176 37 yellowilh,
1886 1018 64 37 and
1961 1018 55 37 the
2033 1018 82 37 beak
2131 1018 26 37 is
2176 1018 99 37 trifl'd.

1293 1064 33 37 It
1341 1064 28 37 is
1383 1064 22 37 a
1419 1064 107 37 native
1542 1064 40 37 of
1595 1064 163 37 America,
1775 1064 63 37 and
1849 1064 94 37 flicks
1958 1064 35 37 fo
2009 1064 61 37 faft
2084 1064 42 37 on
2138 1064 56 37 the
2209 1064 69 37 kgs

1293 1111 40 37 of
1343 1111 180 37 travellers,
1547 1111 132 37 fucking
1694 1111 84 37 their
1794 1111 111 37 blood,
1929 1111 73 37 that
2017 1111 79 37 they
2106 1111 60 37 can
2180 1111 98 37 hard-

1294 1156 34 37 ly
1343 1156 40 37 be
1399 1156 179 37 extracted.
1627 1156 35 37 6.
1686 1156 79 37 The
1780 1156 116 37 ricinus
1912 1156 27 37 is
1949 1156 167 37 ^globular,
2140 1156 63 37 and
2218 1156 60 37 has

1294 1203 18 37 a
1327 1203 105 37 round
1448 1203 72 37 fpot
1530 1203 32 37 at
1578 1203 56 37 the
1652 1203 70 37 bafe
1735 1203 10 37 ;
1771 1203 56 37 the
1840 1203 115 37 feelers
1975 1203 54 37 are
2044 1203 151 37 clubbed.
2244 1203 33 37 It

1293 1249 140 37 inhabits
1455 1249 56 37 the
1528 1249 110 37 bodies
1662 1249 40 37 of
1713 1249 80 37 dogs
1816 1249 64 37 and
1904 1249 100 37 oxen.
2051 1249 33 37 7.
2109 1249 78 37 The
2202 1249 75 37 can-

1293 1295 137 37 croides,
1454 1295 81 37 with
1551 1295 126 37 nippers
1688 1295 64 37 like
1769 1295 19 37 a
1803 1295 88 37 crab,
1917 1295 62 37 and
1995 1295 41 37 an
2050 1295 74 37 oval
2139 1295 138 37 depreff-

1293 1343 40 37 ed
1361 1343 101 37 belly.
1518 1343 33 37 It
1575 1343 26 37 is
1627 1343 102 37 found
1752 1343 33 37 in
1812 1343 56 37 the
1892 1343 97 37 fhady
2013 1343 105 37 places
2143 1343 40 37 of
2208 1343 69 37 Eu-

1295 1389 88 37 rope.
1434 1389 34 37 8.
1492 1389 77 37 The
1586 1389 207 37 fcorpioides,
1817 1389 79 37 with
1914 1389 156 37 crab-hke
2092 1389 138 37 nippers,
2259 1389 20 37 a

1293 1433 187 37 cylindrical
1496 1433 102 37 belly,
1622 1433 63 37 and
1707 1433 20 37 a
1749 1433 91 37 fmaii
1856 1433 179 37 pendulous
2055 1433 96 37 head.
2200 1433 33 37 It
2249 1433 28 37 is

1293 1481 41 37 of
1352 1481 19 37 a
1386 1481 162 37 yellowifh
1565 1481 132 37 colour;
1723 1481 67 37 and
1808 1481 42 37 its
1871 1481 64 37 bite
1958 1481 28 37 is
2009 1481 185 37 venomous.
2244 1481 35 37 It

1293 1528 26 37 is
1337 1528 19 37 a
1374 1528 106 37 native
1497 1528 40 37 of
1550 1528 162 37 America,
1761 1528 34 37 9.
1819 1528 78 37 The
1923 1528 142 37 craffipes
2081 1528 58 37 has
2155 1528 56 37 the
2228 1528 48 37 fe-

1294 1574 84 37 coad
1393 1574 69 37 pair
1477 1574 40 37 of
1534 1574 70 37 legs
1619 1574 115 37 lhaped
1748 1574 65 37 like
1828 1574 91 37 thofe
1935 1574 40 37 of
1994 1574 19 37 a
2024 1574 89 37 crab,
2137 1574 62 37 and
2214 1574 26 37 is
2258 1574 21 37 a

1295 1619 105 37 native
1412 1619 40 37 of
1470 1619 143 37 Europe,
1667 1619 54 37 xo.
1745 1619 77 37 The
1844 1619 172 37 paflerinus
2035 1619 58 37 has
2116 1619 55 37 the
2188 1619 90 37 third

1295 1665 68 37 pair
1378 1665 40 37 of
1437 1665 68 37 legs
1522 1665 202 37 remarkably
1740 1665 126 37 thicker
1890 1665 78 37 than
1983 1665 56 37 the
2056 1665 73 37 reft.
2179 1665 32 37 It
2228 1665 48 37 in-

1295 1713 74 37 fefts
1396 1713 119 37 feveial
1540 1713 118 37 fpecies
1680 1713 42 37 of
1739 1713 166 37 fparrows.
1959 1713 54 37 11.
2038 1713 77 37 The
2136 1713 140 37 motato-

1295 1758 67 37 rius
1384 1758 58 37 has
1465 1758 57 37 the
1545 1758 64 37 firft
1631 1758 72 37 pair
1722 1758 39 37 of
1780 1758 72 37 legs
1871 1758 78 37 very
1965 1758 77 37 long
2064 1758 62 37 and
2146 1758 130 37 n.mble.

1296 1805 63 37 and
1382 1805 168 37 frequents
1573 1805 56 37 the
1651 1805 124 37 woods.
1828 1805 55 37 12.
1907 1805 78 37 The
2001 1805 197 37 aphidioides
2219 1805 60 37 has

1296 1850 57 37 the
1368 1850 64 37 firfl
1448 1850 69 37 pair
1533 1850 40 37 of
1591 1850 67 37 feet
1679 1850 134 37 longeft,
1838 1850 63 37 and
1925 1850 66 37 two
2012 1850 90 37 fmaii
2123 1850 107 37 horns;
2244 1850 35 37 at

1295 1894 56 37 the
1366 1894 115 37 hinder
1497 1894 72 37 part
1584 1894 41 37 of
1644 1894 58 37 the
1722 1894 98 37 belly.
1870 1894 33 37 It
1926 1894 27 37 is
1978 1894 20 37 a
2019 1894 108 37 native
2151 1894 40 37 of
2208 1894 70 37 Eu-

1295 1939 91 37 rope.
1439 1939 56 37 *3.
1517 1939 77 37 The
1617 1939 217 37 coleoptratus
1855 1939 26 37 is
1905 1939 105 37 black,
2035 1939 63 37 and
2120 1939 56 37 the
2198 1939 80 37 (ides

1296 1985 54 37 are
1373 1985 21 37 a
1416 1985 86 37 little
1525 1985 212 37 cruftaceous.
1785 1985 31 37 It
1841 1985 26 37 is
1896 1985 20 37 a
1941 1985 106 37 native
2073 1985 40 37 of
2131 1985 145 37 Europe.

1301 2033 55 37 14.
1379 2033 78 37 The
1481 2033 45 37 tel
1529 2033 86 37 arias
1635 2033 27 37 is
1686 2033 40 37 of
1746 2033 22 37 a
1780 2033 141 37 greenifti
1937 2033 118 37 yellow
2073 2033 110 37 Colour
2245 2033 34 37 It

1295 2078 58 37 has
1377 2078 18 37 a
1419 2078 91 37 fmaii
1532 2078 80 37 fling
1636 2078 37 37 or
1695 2078 146 37 weapon,
1865 2078 79 37 with
1968 2078 110 37 which
2096 2078 27 37 it
2144 2078 133 37 wounds

1297 2125 55 37 the
1367 2125 108 37 leaves
1490 2125 41 37 of
1548 2125 120 37 plants,
1691 2125 62 37 and
1769 2125 159 37 occafions
1943 2125 91 37 them
2048 2125 38 37 to
2094 2125 71 37 fold
2180 2125 97 37 back-

1298 2172 101 37 ward.
1447 2172 100 37 They
1563 2172 53 37 are
1633 2172 78 37 very
1733 2172 187 37 frequently
1943 2172 39 37 to
2002 2172 40 37 be
2065 2172 67 37 met
2149 2172 79 37 with
2243 2172 35 37 in

1297 2217 56 37 the
1365 2217 146 37 autumn,
1535 2217 141 37 inclofed
1691 2217 33 37 in
1740 2217 55 37 the
1811 2217 113 37 folded
1936 2217 107 37 leaves
2058 2217 40 37 of
2116 2217 55 37 the
2185 2217 92 37 lime-

1298 2264 79 37 tree.
1431 2264 13 37 1
1454 2264 33 37 j.
1509 2264 79 37 The
1610 2264 60 37 firo
1685 2264 58 37 has
1759 2264 138 37 lob-like
1912 2264 78 37 fides
2002 2264 10 37 ;
2038 2264 56 37 the
2118 2264 73 37 four
2205 2264 73 37 hin-

1298 2310 58 37 der
1372 2310 66 37 feet
1454 2310 53 37 are
1531 2310 142 37 longeft;
1699 2310 55 37 the
1778 2310 83 37 head
1885 2310 63 37 and
1971 2310 109 37 thighs
2104 2310 53 37 are
2180 2310 40 37 of
2238 2310 41 37 an

1297 2356 74 37 iron
1395 2356 123 37 colour,
1552 2356 62 37 and
1641 2356 58 37 the
1724 2356 86 37 belly
1833 2356 28 37 is
1888 2356 122 37 briflly.

2075 2356 32 37 It
2138 2356 141 37 inhabits

1300 2402 58 37 the
1375 2402 196 37 farinaceous
1595 2402 104 37 plants
1716 2402 40 37 of
1774 2402 132 37 Europe
1927 2402 62 37 and
2007 2402 161 37 America.
2222 2402 54 37 16.

1297 2446 77 37 The
1390 2446 190 37 exulcerans
1603 2446 57 37 has
1683 2446 77 37 very
1775 2446 76 37 long
1865 2446 160 37 fetaceous
2042 2446 82 37 legs,
2148 2446 57 37 but
2221 2446 57 37 the

1298 2493 66 37 two
1380 2493 64 37 firft
1460 2493 54 37 are
1529 2493 98 37 fhort.
1671 2493 31 37 It
1718 2493 138 37 inhabits
1871 2493 56 37 the
1938 2493 130 37 fcabies.
2122 2493 50 37 17.
2199 2493 79 37 The

1299 2541 211 37 geniculatus,
1535 2541 27 37 is
1574 2541 106 37 black,
1704 2541 62 37 and
1782 2541 56 37 the
1850 2541 100 37 joints
1968 2541 39 37 of
2025 2541 55 37 the
2098 2541 108 37 thighs
2223 2541 55 37 are

1299 2587 159 37 globular.
1518 2587 52 37 18.
1604 2587 78 37 The
1706 2587 163 37 aquaticus
1902 2587 57 37 has
1990 2587 23 37 a
2031 2587 162 37 depreffed
2219 2587 60 37 red

1299 2632 101 37 belly,
1423 2632 62 37 and
1501 2632 55 37 the
1578 2632 114 37 hinder
1713 2632 73 37 part
1808 2632 39 37 of
1866 2632 26 37 it
1914 2632 122 37 obtufe.
2085 2632 33 37 It
2137 2632 141 37 inhabits

1300 2679 54 37 rite
1380 2679 83 37 freftt
1484 2679 116 37 waters
1625 2679 39 37 of
1686 2679 142 37 Europe.
1881 2679 55 37 19.
1965 2679 79 37 The
2064 2679 214 37 boiofericeus

1298 2726 58 37 has
1376 2726 55 37 the
1448 2726 83 37 fame
1547 2726 180 37 characters
1741 2726 83 37 with
1836 2726 55 37 the
1907 2726 135 37 farmer,
2064 2726 77 37 only
2156 2726 26 37 it
2198 2726 79 37 dees

1298 2771 58 37 not
1372 2771 64 37 live
1455 2771 34 37 in
1505 2771 109 37 water.
1667 2771 44 37 20
1747 2771 78 37 The
1841 2771 181 37 baccarum,
2046 2771 56 37 has
2119 2771 21 37 a
2153 2771 59 37 red
2225 2771 51 37 di-

1299 2818 130 37 ftended
1444 2818 101 37 belly,
1562 2818 64 37 and
1634 2818 82 37 lives
1726 2818 41 37 on
1780 2818 227 37 goofeberries,
2025 2818 63 37 eyr.
2123 2818 59 37 21.
2199 2818 79 37 The

1298 2862 191 37 mufeorum,
1513 2862 28 37 is
1557 2862 40 37 of
1616 2862 19 37 a
1649 2862 162 37 yellowiih
1832 2862 56 37 red
1907 2862 123 37 colour,
2055 2862 62 37 and
2133 2862 59 37 the
2205 2862 73 37 hin-

1301 2909 57 37 der
1380 2909 68 37 kgs
1473 2909 53 37 are
1541 2909 76 37 long
1641 2909 64 37 and
1726 2909 205 37 threed-like.
1981 2909 31 37 It
2036 2909 138 37 inhabits
2195 2909 83 37 mof-

1300 2956 70 37 fies.
1420 2956 57 37 22.
1501 2956 77 37 The
1602 2956 136 37 batatas,
1762 2956 29 37 is
1812 2956 40 37 of
1870 2956 19 37 a
1912 2956 237 37 blood-colour,
2174 2956 62 37 and
2258 2956 20 37 a

1299 3002 85 37 little
1401 3002 123 37 rough;
1551 3002 55 37 the
1622 3002 70 37 fore
1708 3002 69 37 pair
1801 3002 40 37 of
1859 3002 68 37 kgs
1943 3002 53 37 are
2020 3002 34 37 as
2077 3002 80 37 long
2170 3002 34 37 as
2221 3002 57 37 the

2175 3043 99 37 body.
