2428 3377
172 180 99 75 Part
291 180 72 75 VI.

720 180 42 75 A
879 180 41 75 N
1036 180 43 75 A
1192 180 41 75 T

171 244 71 75 into
257 244 66 75 two
336 244 101 75 lobes,
462 244 165 75 feparated
642 244 43 75 by
703 244 54 75 the
774 244 149 75 occipital
946 244 121 75 feptum
1091 244 41 75 of
1143 244 54 75 the

172 290 82 75 dufa
269 290 114 75 mater.

219 334 32 75 It
267 334 28 75 is
312 334 91 75 made
416 334 54 75 up,
493 334 65 75 like
585 334 55 75 the
664 334 178 75 cerebrum,
867 334 40 75 of
926 334 66 75 two
1009 334 186 75 fubftances,

172 382 59 75 but
257 382 26 75 it
306 382 57 75 has
387 382 41 75 no
455 382 279 75 circumvolutions
751 382 40 75 on
816 382 40 75 its
874 382 134 75 furface.
1057 382 47 75 Its
1120 382 76 75 fulci

173 428 52 75 are
246 428 108 75 pretty
375 428 93 75 deep,
494 428 63 75 and
575 428 145 75 difpofed
746 428 32 75 in
802 428 75 75 fuch
902 428 19 75 a
944 428 130 75 manner
1101 428 35 75 as
1163 428 36 75 to

172 473 83 75 form
279 473 68 75 thin
375 473 55 75 flat
443 473 110 75 ilrata,
578 473 90 75 more
695 473 37 75 or
747 473 61 75 lefs
834 473 195 75 horizontal,
1054 473 142 75 between

172 519 106 75 which
293 519 55 75 the
359 519 136 75 internal
511 519 117 75 lamina
643 519 40 75 of
694 519 55 75 the
771 519 52 75 pia
837 519 101 75 mater
965 519 167 75 infinuates
1157 519 40 75 it-

173 565 62 75 felf
258 565 41 75 by
312 565 19 75 a
347 565 133 75 number
497 565 39 75 of
556 565 86 75 fepta
657 565 96 75 equal
769 565 35 75 to
820 565 70 75 that
899 565 40 75 of
951 565 55 75 the
1018 565 108 75 ftrata.

220 610 113 75 Under
347 610 57 75 the
420 610 172 75 tranfverfe
613 610 134 75 feptum,
772 610 26 75 it
820 610 27 75 is
876 610 136 75 covered
1026 610 50 75 by
1095 610 19 75 a
1129 610 68 75 vaf-

172 655 88 75 cular
271 655 142 75 texture,
437 655 106 75 which
561 655 245 75 Communicates
822 655 80 75 with
917 655 56 75 the
989 655 114 75 plexus
1120 655 77 75 cho-

173 703 118 75 roides.
339 703 33 75 It
388 703 57 75 has
462 703 66 75 two
550 703 117 75 middle
687 703 176 75 eminences
887 703 103 75 called
1008 703 190 75 appendices

174 748 220 75 venniformes
410 748 10 75 ;
446 748 62 75 one
524 748 140 75 anterior
679 748 62 75 and
753 748 152 75 luperior,
918 748 106 75 which
1041 748 25 75 is
1083 748 117 75 turned

173 795 161 75 forward;
349 795 54 75 the
411 795 94 75 other
512 795 151 75 pofterior
671 795 62 75 and
744 795 143 75 inferior,
898 795 104 75 which
1015 795 77 75 goes
1101 795 96 75 back-

174 841 101 75 ward.
322 841 112 75 There
452 841 54 75 are
528 841 140 75 likewife
684 841 65 75 two
766 841 113 75 lateral
895 841 199 75 appendices,
1118 841 80 75 both

175 887 115 75 turned
306 887 161 75 outward.

220 933 127 75 Befides
369 933 55 75 the
439 933 130 75 divifion
581 933 40 75 of
632 933 55 75 the
703 933 191 75 cerebellum
911 933 68 75 into
995 933 112 75 lateral
1124 933 74 75 por-

173 980 83 75 tions
272 980 38 75 or
326 980 67 75 into
408 980 67 75 two
490 980 101 75 lobes,
615 980 78 75 each
721 980 39 75 of
772 980 87 75 thefe
875 980 89 75 lobes
991 980 99 75 feems
1106 980 36 75 to
1159 980 40 75 be

174 1025 137 75 likewife
326 1025 185 75 fubdivided
522 1025 69 75 int®
599 1025 89 75 three
697 1025 257 75 protuberances,
972 1025 59 75 one
1045 1025 151 75 anterior,

175 1071 59 75 one
250 1071 119 75 middle
392 1071 38 75 or
446 1071 123 75 lateral,
595 1071 62 75 and
673 1071 60 75 one
750 1071 165 75 pofterior.

222 1116 110 75 When
349 1116 47 75 we
423 1116 140 75 feparate
586 1116 56 75 the
658 1116 66 75 two
739 1116 112 75 lateral
871 1116 144 75 portions
1041 1116 37 75 or
1094 1116 103 75 lobes,

174 1162 117 75 having
307 1162 63 75 firft
383 1162 92 75 made
492 1162 18 75 a
526 1162 105 75 pretty
643 1162 81 75 deep
739 1162 139 75 incifion,
912 1162 47 75 we
976 1162 142 75 difcover
1135 1162 55 75 flri'
1190 1162 11 75 t

158 1208 5 75 .
173 1208 41 75 of
221 1208 41 75 all
275 1208 54 75 the
338 1208 151 75 pofterior
505 1208 125 75 portion
647 1208 40 75 of
697 1208 55 75 the
770 1208 138 75 medulla
919 1208 196 75 oblongata;
1135 1208 62 75 and

164 1256 42 75 .in
219 1256 54 75 the
300 1256 151 75 pofterior
474 1256 121 75 furface
612 1256 40 75 of
670 1256 65 75 this
752 1256 140 75 portion,
916 1256 85 75 frohi
1017 1256 55 75 the
1089 1256 108 75 tubcr-

175 1301 70 75 cula
260 1301 250 75 quadfigemina,
535 1301 42 75 all
594 1301 55 75 the
665 1301 71 75 way
752 1301 34 75 to
803 1301 54 75 the
873 1301 152 75 pofterior
1048 1301 98 75 notch
1165 1301 31 75 in

174 1347 55 75 the
255 1347 85 75 body
367 1347 40 75 of
429 1347 55 75 the
509 1347 203 75 cerebellum,
745 1347 60 75 and
837 1347 18 75 a
880 1347 82 75 little
995 1347 103 75 below
1126 1347 71 75 that

175 1392 110 75 notch,
318 1392 49 75 we
386 1392 129 75 obferve
541 1392 40 75 an
608 1392 119 75 oblong
751 1392 106 75 cavity
881 1392 104 75 which
1014 1392 182 75 terminates

175 1437 168 75 backward
354 1437 64 75 like
434 1437 55 75 the
504 1437 90 75 point
605 1437 40 75 of
664 1437 17 75 a
693 1437 127 75 writing
831 1437 73 75 pen.
950 1437 85 75 This
1053 1437 105 75 cavity
1169 1437 28 75 is

176 1484 86 75 what
272 1484 25 75 is
306 1484 104 75 called
419 1484 55 75 the
490 1484 109 75 fourth
612 1484 166 75 ventricle.

224 1529 46 75 At
280 1529 55 75 the
348 1529 170 75 beginning
531 1529 39 75 of
581 1529 64 75 this
655 1529 121 75 cavity,
787 1529 215 75 immediately
1019 1529 116 75 behind
1147 1529 56 75 the

175 1576 90 75 fmr.ll
281 1576 146 75 csmmon
443 1576 87 75 cahal
548 1576 105 75 which
674 1576 57 75 lies
754 1576 100 75 under
877 1576 56 75 the
954 1576 172 75 tubercles,
1149 1576 50 75 we

175 1623 83 75 meet
273 1623 79 75 with
369 1623 19 75 a
403 1623 69 75 thin
489 1623 176 75 medullary
683 1623 129 75 lamina,
836 1623 105 75 which
964 1623 27 75 is
1007 1623 117 75 looked
1140 1623 58 75 up-

176 1669 40 75 on
230 1669 32 75 as
281 1669 18 75 a
315 1669 89 75 valve
416 1669 143 75 between
575 1669 68 75 that
656 1669 88 75 canal
762 1669 62 75 and
840 1669 54 75 the
907 1669 109 75 fourth
1032 1669 165 75 ventricle.

177 1716 31 75 A
224 1716 83 75 little
324 1716 118 75 behind
458 1716 64 75 this
545 1716 129 75 lamina,
698 1716 56 75 the
780 1716 106 75 cavity
902 1716 106 75 grows
1032 1716 99 75 wider
1146 1716 52 75 to-

176 1760 105 75 wards
308 1760 78 75 both
403 1760 113 75 hands,
540 1760 63 75 and
629 1760 77 75 then
723 1760 156 75 contrafts
897 1760 91 75 again
1011 1760 35 75 to
1070 1760 41 75 its
1136 1760 63 75 firft

176 1807 74 75 lize.
298 1807 34 75 It
347 1807 25 75 is
400 1807 86 75 lined
512 1807 168 75 interiorly
705 1807 46 75 by
777 1807 18 75 a
822 1807 69 75 thin
917 1807 191 75 membrane,
1136 1807 62 75 and

175 1851 97 75 feems
288 1851 185 75 oftentimes
484 1851 35 75 to
536 1851 38 75 be
585 1851 222 75 diftinguiftied
823 1851 69 75 into
899 1851 65 75 two
976 1851 110 75 lateral
1099 1851 99 75 parts,

176 1899 42 75 by
235 1899 19 75 a
268 1899 76 75 kind
372 1899 40 75 of
429 1899 88 75 fmAl
534 1899 131 75 groove,
690 1899 83 75 from
796 1899 56 75 the
873 1899 144 75 valvular
1033 1899 115 75 lamina
1163 1899 35 75 to

177 1945 56 75 the
250 1945 88 75 point
354 1945 40 75 of
413 1945 57 75 the
487 1945 138 75 calamus
642 1945 197 75 fcriptorius.

221 1990 83 75 This
320 1990 181 75 membrane
515 1990 26 75 is
554 1990 19 75 a
584 1990 215 75 continuation
808 1990 41 75 of
859 1990 70 75 that
938 1990 105 75 which
1052 1990 81 75 lines
1143 1990 55 75 the

176 2036 87 75 fmall
285 2036 102 75 canal,
419 2036 56 75 the
498 2036 88 75 third
601 2036 167 75 ventricle,
792 2036 245 75 infundibulum,
1064 2036 61 75 and
1142 2036 55 75 the

176 2081 65 75 two
250 2081 89 75 great
355 2081 180 75 ventricles.

226 2127 54 75 On
297 2127 77 75 each
391 2127 65 75 fide
482 2127 39 75 of
532 2127 64 75 this
612 2127 153 75 ventricle
782 2127 55 75 the
853 2127 178 75 medullary
1041 2127 160 75 fubftance

176 2173 99 75 forms
292 2173 19 75 a
337 2173 95 75 trunk
448 2173 105 75 which
578 2173 142 75 expands
747 2173 89 75 itfelf
857 2173 32 75 in
913 2173 82 75 form
1019 2173 40 75 of
1074 2173 123 75 laminse

176 2217 138 75 through
327 2217 56 75 the
400 2217 129 75 cortical
546 2217 108 75 ftrata.
699 2217 114 75 When
827 2217 60 75 one
899 2217 73 75 lobe
988 2217 40 75 of
1039 2217 55 75 the
1111 2217 86 75 cere-

177 2265 118 75 bellum
311 2265 28 75 is
354 2265 54 75 cut
424 2265 166 75 vertically
617 2265 85 75 from
728 2265 99 75 above
843 2265 196 75 downward,
1063 2265 56 75 the
1131 2265 66 75 me-

176 2311 126 75 dullary
314 2311 159 75 fubftance
493 2311 66 75 will
575 2311 114 75 appear
709 2311 35 75 to
760 2311 39 75 be
815 2311 159 75 difperfed
993 2311 32 75 in
1045 2311 151 75 ramifica-

178 2357 83 75 tions
284 2357 140 75 through
452 2357 58 75 the
531 2357 131 75 cortical
691 2357 171 75 fubftance.
910 2357 108 75 Thefe
1044 2357 153 75 ramifica-

179 2403 82 75 tions
284 2403 79 75 have
392 2403 80 75 been
487 2403 114 75 named
615 2403 97 75 arbor
728 2403 75 75 vita
817 2403 11 75 ;
854 2403 60 75 and
932 2403 57 75 the
1003 2403 66 75 two
1085 2403 112 75 trunks

177 2449 84 75 from
277 2449 130 75 whence
422 2449 87 75 thefe
524 2449 152 75 different
694 2449 123 75 laminae
843 2449 89 75 arife,
958 2449 53 75 are
1028 2449 103 75 called
1142 2449 57 75 pe-

180 2495 134 75 dunculi
328 2495 161 75 cerebelli.

339 2595 289 75 MEDULLA
660 2595 372 75 OBLONGATA.

224 2673 86 75 The
324 2673 139 75 medulla
479 2673 170 75 oblongata
662 2673 27 75 is
709 2673 17 75 a
742 2673 178 75 medullary
935 2673 159 75 fubftance
1106 2673 92 75 fitua-

179 2720 53 75 ted
253 2720 83 75 from
349 2720 109 75 before
473 2720 169 75 backward
658 2720 30 75 in
702 2720 54 75 the
772 2720 119 75 middle
902 2720 69 75 part
988 2720 40 75 of
1039 2720 55 75 the
1110 2720 88 75 bafes

180 2766 39 75 of
230 2766 55 75 the
302 2766 163 75 cerebrum
476 2766 61 75 and
554 2766 188 75 cerebellum
759 2766 134 75 without
911 2766 59 75 any
986 2766 211 75 difcontinua-

179 2811 81 75 tion,
284 2811 149 75 between
444 2811 54 75 the
510 2811 111 75 lateral
637 2811 85 75 parts
741 2811 39 75 of
793 2811 76 75 both
898 2811 87 75 thefe
1001 2811 108 75 bafes;
1136 2811 74 75 and-

180 2855 161 75 therefore
357 2855 24 75 it
398 2855 73 75 may
486 2855 39 75 be
540 2855 118 75 looked
674 2855 83 75 upon
770 2855 33 75 as
815 2855 59 75 one
887 2855 118 75 middle
1022 2855 176 75 medullary

181 2902 78 75 bafts
276 2902 144 75 common
437 2902 34 75 to
493 2902 79 75 both
591 2902 166 75 cerebrum
771 2902 62 75 and
848 2902 202 75 cerebellum,
1076 2902 43 75 by
1142 2902 54 75 the

183 2947 171 75 reciprocal
396 2947 179 75 continuity
607 2947 39 75 of
684 2947 85 75 their
798 2947 177 75 medullary
1006 2947 189 75 fubftances,

183 2994 138 75 through
344 2994 54 75 the
425 2994 90 75 great
530 2994 96 75 notch
642 2994 32 75 in
691 2994 54 75 the
762 2994 170 75 tranfverfe
954 2994 129 75 feptum.
1091 2994 40 75 of
1142 2994 55 75 the

1348 177 40 75 O
1503 177 50 75 M
1668 177 55 75 T.

1245 237 79 75 dura
1351 237 123 75 mater;
1507 237 104 75 which
1635 237 148 75 common
1803 237 78 75 bafts
1909 237 58 75 lies
1995 237 216 75 immediately
2226 237 44 75 on

1245 283 68 75 that
1341 283 127 75 portion
1493 283 40 75 of
1552 283 55 75 the
1631 283 81 75 dura
1736 283 102 75 mater
1862 283 105 75 which
1997 283 81 75 lines
2103 283 55 75 the
2189 283 79 75 bafis

1245 327 39 75 of
1302 327 55 75 the
1384 327 154 75 cranium.
1585 327 78 75 The
1691 327 139 75 medulla
1856 327 173 75 oblongata
2050 327 26 75 is
2104 327 163 75 therefore

1241 374 98 75 juftly
1365 374 155 75 efteemed
1540 374 35 75 to
1591 374 39 75 be
1658 374 19 75 a
1692 374 90 75 third
1797 374 128 75 general
1942 374 71 75 part
2029 374 40 75 of
2090 374 56 75 the
2163 374 106 75 whole

1244 422 80 75 mafs
1340 422 40 75 of
1392 422 53 75 the
1458 422 102 75 brain,
1585 422 38 75 or
1639 422 33 75 as
1682 422 56 75 the
1749 422 146 75 common
1908 422 186 75 produftion
2110 422 38 75 or
2158 422 113 75 united

1244 468 181 75 elongation
1441 468 40 75 of
1499 468 56 75 the
1568 468 105 75 whole
1687 468 178 75 medullary
1880 468 161 75 fubftance
2058 468 40 75 of
2109 468 55 75 the
2181 468 89 75 cere-

1245 513 90 75 brum
1349 513 62 75 and
1428 513 206 75 cerebellum.

1291 559 30 75 It
1335 559 29 75 is
1391 559 180 75 extremely
1586 559 148 75 difficult,
1758 559 31 75 if
1808 559 56 75 not
1886 559 180 75 altogether
2085 559 183 75 impoflible,

1245 605 33 75 to
1291 605 145 75 examine
1459 605 37 75 or
1511 605 211 75 demonftrate
1737 605 27 75 it
1781 605 33 75 as
1831 605 49 75 we
1896 605 113 75 ougnt,
2035 605 32 75 in
2083 605 42 75 its
2145 605 124 75 natural

1246 652 163 75 fituation;
1435 652 57 75 but
1516 652 48 75 we
1588 652 54 75 are
1658 652 129 75 obliged
1810 652 35 75 to
1861 652 44 75 do
1921 652 78 75 both
2015 652 41 75 on
2082 652 18 75 a
2115 652 89 75 brain
2220 652 49 75 in-

1247 697 123 75 verted.

1289 744 76 75 The
1381 744 99 75 lower
1491 744 64 75 fide
1563 744 42 75 of
1614 744 55 75 the
1691 744 141 75 medulla
1846 744 175 75 oblongata
2030 744 33 75 in
2076 744 39 75 an
2126 744 147 75 inverted

1244 790 158 75 fituation,
1426 790 141 75 prefents
1579 790 35 75 to
1630 790 59 75 our
1705 790 80 75 view
1801 790 119 75 feveral
1933 790 86 75 parts
2036 790 104 75 which
2158 790 52 75 are
2236 790 35 75 in

1244 836 125 75 general
1396 836 103 75 either
1520 836 176 75 medullary
1712 836 216 75 produftions,
1953 836 113 75 trunks
2080 836 42 75 of
2144 836 126 75 nerves,

1245 881 36 75 or
1298 881 110 75 trunks
1426 881 40 75 of
1484 881 237 75 blood-veffels.

1291 928 75 75 The
1383 928 90 75 chief
1480 928 176 75 medullary
1673 928 201 75 produftions
1891 928 53 75 are
1961 928 87 75 thefe
2061 928 8 75 :
2095 928 77 75 The
2184 928 91 75 large

1246 972 36 75 or
1310 972 140 75 anterior
1474 972 153 75 branches
1643 972 40 75 of
1702 972 54 75 the
1783 972 140 75 medulla
1947 972 192 75 oblongata;
2166 972 108 75 which

1244 1020 80 75 have
1346 1020 138 75 likewife
1508 1020 79 75 been
1612 1020 113 75 named
1750 1020 91 75 crura
1858 1020 169 75 anteriora,
2052 1020 134 75 femora,
2209 1020 65 75 and

1245 1066 131 75 brachia
1394 1066 147 75 medullae
1558 1066 193 75 oblongatae,
1777 1066 61 75 and
1851 1066 169 75 pedunculi
2032 1066 138 75 cerebri:
2197 1066 79 75 The

1245 1113 173 75 tranfverfe
1436 1113 243 75 protuberance,
1698 1113 101 75 called
1816 1113 139 75 likewife
1967 1113 158 75 proceflus
2143 1113 132 75 annula-

1245 1158 55 75 ris,
1310 1158 38 75 or
1355 1158 79 75 pons
1442 1158 133 75 varolii:
1594 1158 76 75 The
1682 1158 89 75 fmall
1785 1158 37 75 or
1832 1158 149 75 pofterior
1990 1158 166 75 branches,
2169 1158 107 75 called

1245 1204 167 75 pedunculi
1429 1204 160 75 cerebelli,
1603 1204 38 75 or
1652 1204 94 75 crura
1761 1204 172 75 pofteriora
1955 1204 145 75 medulke
2118 1204 157 75 cblpnga-

1243 1250 40 75 tje
1295 1250 9 75 :
1330 1250 77 75 The
1431 1250 173 75 extremity
1620 1250 37 75 or
1678 1250 103 75 cauda
1796 1250 39 75 of
1855 1250 55 75 the
1934 1250 140 75 medulla
2087 1250 197 75 oblongata,.

1245 1296 75 75 With
1339 1296 65 75 two
1420 1296 83 75 pairs
1520 1296 40 75 of
1579 1296 169 75 tubercles,
1773 1296 60 75 one
1846 1296 40 75 of
1905 1296 102 75 which
2027 1296 24 75 is
2070 1296 114 75 named
2200 1296 71 75 cor-

1244 1342 78 75 pora
1337 1342 142 75 olivaria,
1504 1342 56 75 the
1575 1342 95 75 other
1685 1342 134 75 corpora
1838 1342 227 75 pyramidalia;
2092 1342 59 75 and
2177 1342 35 75 to
2228 1342 46 75 all

1244 1389 87 75 thefe
1347 1389 201 75 produftions
1566 1389 47 75 we
1630 1389 79 75 muft
1725 1389 64 75 add
1805 1389 18 75 a
1839 1389 187 75 produftion
2037 1389 40 75 of
2093 1389 55 75 the
2164 1389 107 75 infun-

1244 1436 143 75 dibulum
1404 1436 60 75 and
1482 1436 66 75 two
1564 1436 176 75 medullary
1759 1436 137 75 papiibe.

1290 1482 76 75 The
1381 1482 90 75 great
1488 1482 152 75 branches
1664 1482 40 75 of
1721 1482 56 75 the
1794 1482 140 75 medulla
1949 1482 172 75 oblongata
2137 1482 53 75 are
2205 1482 68 75 two

1243 1526 77 75 very
1337 1526 209 75 confiderable
1559 1526 177 75 medullary
1750 1526 156 75 fafciculi,
1930 1526 56 75 the
2003 1526 139 75 anterior
2158 1526 110 75 extre-

1245 1573 102 75 mities
1375 1573 41 75 of
1430 1573 102 75 which
1558 1573 53 75 ase
1638 1573 176 75 feparated,
1848 1573 62 75 and
1935 1573 55 75 the
2015 1573 152 75 poftericr
2201 1573 70 75 uni-

1242 1619 70 75 ted,
1336 1619 133 75 fo-that,
1493 1619 94 75 taken
1604 1619 79 75 both
1700 1619 159 75 together,
1885 1619 78 75 they
1979 1619 160 75 reprefent
2164 1619 19 75 a
2198 1619 71 75 Ro-

1248 1665 71 75 man
1335 1665 47 75 V.

1290 1711 75 75 The
1389 1711 184 75 tranfverfe,
1600 1711 144 75 annular,
1767 1711 38 75 or
1828 1711 109 75 rather
1955 1711 225 75 femi-annular
2196 1711 76 75 pro-

1244 1757 182 75 tuberance,
1444 1757 27 75 is
1489 1757 17 75 a
1522 1757 177 75 medullary
1711 1757 198 75 produftion,
1927 1757 105 75 which
2045 1757 97 75 feems
2159 1757 32 75 at
2208 1757 65 75 firft:

1245 1803 78 75 fight
1341 1803 36 75 to
1393 1803 151 75 furround
1564 1803 54 75 the
1642 1803 153 75 pofterior
1822 1803 198 75 extremities
2043 1803 41 75 of
2102 1803 55 75 the
2182 1803 93 75 great

1246 1850 178 75 branches;
1447 1850 57 75 but
1525 1850 55 75 the
1595 1850 177 75 medullary
1790 1850 161 75 lubftance
1972 1850 40 75 of
2029 1850 65 75 this
2118 1850 152 75 protube-

1246 1897 92 75 rance
1359 1897 29 75 is
1402 1897 32 75 in
1450 1897 115 75 reality
1581 1897 178 75 intimately
1774 1897 111 75 mixed
1901 1897 78 75 with
1996 1897 71 75 that
2079 1897 39 75 of
2133 1897 54 75 the
2201 1897 71 75 two

1245 1941 130 75 former.
1435 1941 164 75 VaroHus,
1633 1941 39 75 an
1699 1941 123 75 ancient
1840 1941 113 75 Italian
1981 1941 128 75 author,
2134 1941 137 75 viewing

1245 1988 88 75 thofe
1350 1988 86 75 parts
1453 1988 31 75 in
1509 1988 39 75 an
1576 1988 145 75 inverted
1748 1988 157 75 fituation,
1930 1988 170 75 compared
2123 1988 54 75 the
2202 1988 66 75 two

1244 2034 152 75 branches
1413 2034 36 75 to
1466 2034 65 75 two
1548 2034 112 75 rivers,
1685 2034 62 75 ancl
1763 2034 55 75 the
1835 2034 228 75 protuberance
2079 2034 35 75 to
2126 2034 19 75 a
2156 2034 113 75 bridge

1244 2079 74 75 over
1332 2079 88 75 them
1431 2079 93 75 both,
1541 2079 61 75 and
1615 2079 84 75 from
1717 2079 112 75 thence
1847 2079 24 75 it
1886 2079 57 75 has
1959 2079 56 75 the
2030 2079 92 75 name
2138 2079 41 75 of
2192 2079 76 75 ions

1246 2124 140 75 Varolii.

1290 2171 74 75 The
1384 2171 87 75 fmall
1489 2171 153 75 branches
1659 2171 41 75 of
1714 2171 54 75 the
1792 2171 139 75 medulla
1953 2171 171 75 oblongata
2144 2171 53 75 are
2219 2171 48 75 la-

1242 2216 79 75 teral
1339 2216 201 75 produftions
1559 2216 40 75 of
1621 2216 55 75 the
1700 2216 173 75 tranfverfe
1896 2216 240 75 protuberance,
2162 2216 105 75 which

1242 2264 43 75 by
1307 2264 83 75 their
1408 2264 87 75 roots
1519 2264 83 75 feern
1626 2264 34 75 to
1685 2264 182 75 encompafs
1894 2264 69 75 that
1991 2264 177 75 medullary
2191 2264 75 75 por-

1243 2309 66 75 tion
1330 2309 32 75 in
1379 2309 105 75 which
1500 2309 56 75 the
1571 2309 110 75 fourth
1699 2309 151 75 ventricle
1866 2309 37 75 or
1919 2309 138 75 calamus
2083 2309 184 75 fcriptorius

1245 2356 26 75 is
1289 2356 148 75 formed..

1290 2401 75 75 The
1382 2401 173 75 extremity
1571 2401 26 75 is
1614 2401 145 75 no-more
1776 2401 76 75 than
1869 2401 54 75 the
1939 2401 139 75 medulla
2093 2401 171 75 oblongata

1244 2448 180 75 contrafted
1451 2448 30 75 in
1508 2448 43 75 its
1578 2448 122 75 paffage
1723 2448 168 75 backward
1907 2448 35 75 to
1958 2448 54 75 the
2029 2448 138 75 anterior
2183 2448 82 75 edge

1243 2493 40 75 of
1294 2493 54 75 the
1363 2493 93 75 great
1470 2493 141 75 foramea
1627 2493 38 75 of
1678 2493 55 75 the
1750 2493 35 75 os
1802 2493 171 75 occipitis,.
1983 2493 106 75 where
2112 2493 25 75 it
2155 2493 109 75 termi-

1244 2539 135 75 nates-in
1397 2539 53 75 the
1467 2539 137 75 medulla
1620 2539 144 75 fpinalis;
1793 2539 60 75 and
1869 2539 32 75 in
1921 2539 63 75 this
1996 2539 71 75 part
2085 2539 39 75 of
2136 2539 24 75 it
2177 2539 86 75 feve-

1243 2585 46 75 ral
1306 2585 106 75 things
1429 2585 55 75 are
1497 2585 35 75 to
1548 2585 38 75 be
1604 2585 92 75 taken
1713 2585 105 75 notice
1834 2585 58 75 of..
1929 2585 66 75 We
2011 2585 51 75 fee
2078 2585 62 75 firft
2157 2585 40 75 of
2208 2585 54 75 all,

1243 2630 72 75 four
1330 2630 187 75 eminences,
1542 2630 194 75 two-named
1752 2630 130 75 corpora
1898 2630 156 75 olivaria,
2078 2630 62 75 and
2156 2630 55 75 the
2227 2630 36 75 o-

1244 2676 72 75 ther
1332 2676 65 75 two
1408 2676 131 75 corpora
1550 2676 232 75 pyramidalia.
1829 2676 222 75 Immediately
2063 2676 203 75 afterwards*

1244 2721 24 75 it
1284 2721 27 75 is
1328 2721 127 75 divided
1483 2721 67 75 into
1577 2721 65 75 two
1669 2721 109 75 lateral
1805 2721 143 75 portions
1976 2721 44 75 by
2030 2721 5 75 -
2046 2721 66 75 two
2139 2721 125 75 narrow

1244 2768 144 75 grooves,
1415 2768 59 75 one
1497 2768 40 75 on
1555 2768 53 75 the
1625 2768 98 75 upper
1739 2768 75 75 fide,
1840 2768 54 75 the
1911 2768 94 75 other
2020 2768 41 75 on
2079 2768 54 75 the
2148 2768 112 75 lower.

1243 2814 96 75 They
1356 2814 77 75 both
1450 2814 56 75 run
1523 2814 68 75 into
1607 2814 55 75 the
1679 2814 158 75 fubftanee
1853 2814 41 75 of
1903 2814 56 75 the
1974 2814 152 75 medulla,
2151 2814 33 75 as
2205 2814 55 75 be-

1243 2864 100 75 tween
1361 2864 251 75 two-cylinders,
1636 2864 111 75 flatted
1770 2864 42 75 on
1831 2864 69 75 that
1925 2864 62 75 fide
2003 2864 43 75 by
2062 2864 103 75 which
2183 2864 78 75 they

1244 2906 52 75 are
1309 2906 111 75 joined
1436 2906 159 75 together.

1289 2952 108 75 When
1423 2952 47 75 we
1497 2952 139 75 feparate
1661 2952 85 75 thefe
1772 2952 104 75 ridges
1894 2952 77 75 with
1988 2952 53 75 the
2059 2952 126 75 fingers,
2210 2952 49 75 we

1242 3000 127 75 oblerve
1385 3000 19 75 a
1419 3000 118 75 crucial
1562 3000 210 75 intertexturc
1788 3000 39 75 of
1843 3000 120 75 fevent!
1979 3000 89 75 final]
2083 3000 178 75 medullary

2157 3062 117 75 cords*.
