2428 3377
163 123 79 75 15/5

763 123 353 75 ANA

157 186 27 75 is
203 186 41 75 no
258 186 78 75 fuch
359 186 88 75 hole.
495 186 76 75 The
587 186 53 75 ufe
659 186 39 75 of
708 186 38 75 it,
771 186 96 75 when
881 186 114 75 found,
1019 186 26 75 is
1062 186 52 75 for
1130 186 56 75 the

158 232 204 75 tranfinilfion
379 232 41 75 of
441 232 18 75 a
481 232 74 75 vein
585 232 85 75 from
703 232 54 75 the
785 232 145 75 external
957 232 181 75 teguments
1155 232 35 75 to

160 279 56 75 the
232 279 113 75 lateral
362 279 79 75 fmus
454 279 116 75 :.But,
594 279 33 75 in
640 279 84 75 fome
741 279 146 75 fubje&s,
912 279 19 75 a
945 279 121 75 branch
1083 279 39 75 of
1134 279 56 75 the

157 325 154 75 occipital
339 325 107 75 artery
473 325 99 75 paffes
595 325 141 75 through
763 325 65 75 this
852 325 88 75 hole,
965 325 36 75 to
1024 325 89 75 ferve
1137 325 56 75 the
1193 357 14 49 ;

162 371 173 75 back-part
351 371 40 75 of
402 371 56 75 the
474 371 82 75 dura
570 371 116 75 mater.

206 417 76 75 The
298 417 135 75 internal
450 417 122 75 furface
588 417 40 75 of
647 417 56 75 the
719 417 64 75 ofia
794 417 180 75 temporum
987 417 26 75 is
1030 417 160 75 unequal;

158 465 56 75 the
230 465 99 75 upper
346 465 135 75 circular
495 465 81 75 edge
592 465 41 75 of
652 465 55 75 the
730 465 168 75 fquamous
916 465 71 75 part
1002 465 118 75 having
1134 465 58 75 nu-

158 510 126 75 merous
296 510 89 75 fmall
398 510 104 75 ridges
519 510 64 75 and
600 510 137 75 furrows
759 510 51 75 for
833 510 41 75 its
891 510 201 75 conjundtion
1115 510 77 75 with

159 557 55 75 the
230 557 134 75 parietal
377 557 96 75 bones
485 557 10 75 ;
522 557 63 75 and
597 557 54 75 the
668 557 60 75 reft
743 557 42 75 of
803 557 26 75 it
842 557 26 75 is
881 557 189 75 irregularly
1087 557 105 75 mark-

158 604 41 75 ed
214 604 79 75 with
310 604 55 75 the
381 604 221 75 convolutions
615 604 40 75 of
675 604 55 75 the
747 604 120 75 middle
879 604 73 75 part
968 604 40 75 of
1019 604 57 75 the
1089 604 102 75 brain,

159 650 63 75 and
234 650 78 75 with
329 650 136 75 furrows
482 650 92 75 made
590 650 44 75 by
646 650 55 75 the
716 650 157 75 branches
889 650 40 75 of
947 650 56 75 the
1015 650 131 75 arteries
1158 650 41 75 of

160 696 56 75 the
232 696 82 75 dura
329 696 113 75 mater.

207 742 98 75 From
330 742 54 75 the
401 742 101 75 under
520 742 72 75 part
608 742 41 75 of
665 742 65 75 this
742 742 137 75 internal
895 742 134 75 furface,
1051 742 23 75 a
1089 742 106 75 larger

159 789 186 75 tranfverfe,
370 789 93 75 hard,
489 789 119 75 craggy
624 789 232 75 protuberance
879 789 74 75 runs
978 789 217 75 horizontally

158 834 138 75 inwards
314 834 63 75 and
389 834 168 75 forwards,
583 834 79 75 with
680 834 18 75 a
710 834 89 75 fharp
812 834 84 75 edge
913 834 113 75 above,
1051 834 62 75 and
1128 834 66 75 two

159 881 56 75 flat
242 881 91 75 fides,
358 881 61 75 one
444 881 107 75 facing
576 881 170 75 obliquely
759 881 156 75 forwards
939 881 63 75 and
1017 881 176 75 outwards,

160 927 63 75 and
238 927 55 75 the
306 927 94 75 other
418 927 32 75 as
473 927 95 75 much
584 927 187 75 backwards
789 927 62 75 and
866 927 152 75 inwards.
1067 927 55 75 To
1140 927 55 75 the

159 974 90 75 ridge
265 974 145 75 between
421 974 89 75 thefe
521 974 65 75 two
603 974 93 75 fides,
722 974 55 75 the
789 974 87 75 large
892 974 113 75 lateral
1023 974 124 75 procefs
1161 974 40 75 of

160 1021 54 75 the
231 1021 80 75 dura
327 1021 101 75 mater
444 1021 26 75 is
484 1021 101 75 fixed.

209 1066 190 75 Sometimes
416 1066 18 75 a
449 1066 90 75 fmall
555 1066 95 75 bone,
669 1066 73 75 akin
755 1066 35 75 to
806 1066 56 75 the
873 1066 166 75 fefamoid,
1057 1066 26 75 is
1096 1066 101 75 found

160 1113 147 75 between
323 1113 56 75 the
402 1113 90 75 fmall
515 1113 64 75 end
602 1113 41 75 of
661 1113 64 75 this
749 1113 130 75 petrous
904 1113 127 75 procefs
1056 1113 64 75 and
1141 1113 56 75 the

158 1159 157 75 iphenoid
330 1159 96 75 bone.

207 1206 169 75 Towards,
395 1206 54 75 the
473 1206 170 75 back-part
667 1206 41 75 of
727 1206 55 75 the
804 1206 98 75 infide
925 1206 40 75 of
983 1206 56 75 the
1062 1206 36 75 os
1116 1206 80 75 tem-

159 1252 128 75 porum,
314 1252 18 75 a
347 1252 87 75 large
451 1252 79 75 deep
544 1252 78 75 fofla
633 1252 26 75 is
677 1252 218 75 confpicuous,
922 1252 106 75 where
1045 1252 56 75 the
1117 1252 79 75 late-

161 1298 49 75 ral
232 1298 81 75 finus
330 1298 79 75 lies;
437 1298 62 75 and
516 1298 186 75 frequently
724 1298 42 75 on
781 1298 57 75 the
854 1298 57 75 top
927 1298 42 75 of
988 1298 55 75 the
1067 1298 130 75 petrous

163 1345 102 75 ridge,
291 1345 19 75 a
324 1345 123 75 furrow
463 1345 74 75 may
552 1345 40 75 be
609 1345 167 75 obferved,
801 1345 107 75 where
925 1345 18 75 a
958 1345 91 75 fmall
1072 1345 81 75 fmus
1171 1345 26 75 is

165 1391 146 75 fituated.

210 1439 77 75 The
303 1439 136 75 internal
454 1439 117 75 proper
593 1439 156 75 foramina
772 1439 40 75 of
831 1439 76 75 each
933 1439 40 75 of
991 1439 86 75 thefe
1101 1439 98 75 bones

164 1486 66 75 are,
255 1486 77 75 firft,
357 1486 55 75 the
428 1486 136 75 internal
581 1486 121 75 meatus
720 1486 176 75 auditorius
921 1486 31 75 in
977 1486 55 75 the
1048 1486 152 75 pofterior

164 1531 86 75 plain
267 1531 63 75 fide
346 1531 39 75 of
396 1531 56 75 the
468 1531 128 75 petrous
614 1531 140 75 procefs.
800 1531 85 75 This
898 1531 75 75 hole
985 1531 76 75 foon
1077 1531 123 75 divides

165 1578 68 75 into
250 1578 65 75 two
327 1578 11 75 ;
364 1578 61 75 one
441 1578 39 75 of
494 1578 103 75 which
612 1578 28 75 is
658 1578 56 75 the
730 1578 169 75 beginning
916 1578 39 75 of
968 1578 54 75 the
1036 1578 165 75 aquredudt

165 1626 41 75 of
224 1626 183 75 Fallopius:
434 1626 55 75 the
507 1626 91 75 other
615 1626 78 75 ends
710 1626 32 75 in
754 1626 119 75 feveral
885 1626 78 75 very
977 1626 90 75 frnall
1081 1626 117 75 canals,

166 1671 71 75 that
253 1671 129 75 allow-a
399 1671 121 75 paflage
537 1671 35 75 to
589 1671 55 75 the
663 1671 156 75 branches
840 1671 39 75 of
898 1671 55 75 the
972 1671 107 75 portio
1096 1671 106 75 mollis

168 1718 39 75 of
231 1718 56 75 the
314 1718 129 75 feventh
471 1718 67 75 pair
566 1718 39 75 of
624 1718 123 75 nerves,
780 1718 69 75 into
878 1718 55 75 the
962 1718 149 75 veftibule
1140 1718 64 75 and

169 1763 142 75 cochlea.
359 1763 164 75 Through
539 1763 25 75 it
582 1763 64 75 alfo
663 1763 39 75 an
719 1763 107 75 artery
843 1763 24 75 is
884 1763 81 75 fent,
991 1763 35 75 to
1042 1763 40 75 be
1098 1763 104 75 diftri-

166 1809 102 75 buted
290 1809 35 75 to
353 1809 56 75 the
436 1809 98 75 organ
562 1809 41 75 of
629 1809 143 75 hearing.
868 1809 76 75 The
969 1809 119 75 fecond
1112 1809 88 75 hole,

168 1856 107 75 which
291 1856 27 75 is
336 1856 40 75 on
393 1856 55 75 the
466 1856 137 75 anterior
621 1856 84 75 plain
718 1856 62 75 fide
797 1856 41 75 of
855 1856 55 75 the
925 1856 121 75 craggy
1062 1856 138 75 procefs,

167 1903 90 75 gives
280 1903 122 75 paflage
419 1903 35 75 to
471 1903 18 75 a
505 1903 147 75 refletted
674 1903 119 75 branch
815 1903 39 75 of
873 1903 55 75 the
952 1903 115 75 fecond
1082 1903 121 75 branch

170 1951 39 75 of
228 1951 55 75 the
300 1951 73 75 fifth
390 1951 67 75 pair
473 1951 40 75 of
532 1951 124 75 nerves,
681 1951 106 75 which
809 1951 85 75 joins
915 1951 55 75 the
996 1951 104 75 portio
1123 1951 81 75 dura

172 1996 39 75 of
230 1996 55 75 the
302 1996 150 75 auditory
469 1996 107 75 nerve,
601 1996 95 75 while
712 1996 26 75 it
754 1996 26 75 is
797 1996 32 75 in
846 1996 55 75 the
914 1996 176 75 aqusedud,
1114 1996 90 75 fmall

169 2041 155 75 branches
350 2041 40 75 of
415 2041 225 75 blood-veflels
665 2041 247 75 accompanying
937 2041 55 75 the
1017 2041 124 75 nerves,
1166 2041 38 75 or

169 2088 117 75 palling
297 2088 140 75 through
455 2088 124 75 fmaller
592 2088 91 75 holes
698 2088 76 75 near
790 2088 64 75 this
868 2088 197 75 one.The
1081 2088 124 75 paflage

173 2135 40 75 of
231 2135 56 75 the
314 2135 173 75 cutaneous
515 2135 69 75 vein
613 2135 68 75 into
708 2135 56 75 the
792 2135 112 75 lateral
931 2135 94 75 finus,
1060 2135 37 75 or
1124 2135 39 75 of
1187 2135 19 75 a

172 2180 122 75 branch
310 2180 40 75 of
369 2180 54 75 the
439 2180 148 75 occipital
605 2180 119 75 artery,
749 2180 27 75 is
796 2180 72 75 feen
891 2180 98 75 about
1013 2180 56 75 the
1085 2180 121 75 middle

175 2229 40 75 of
234 2229 55 75 the
305 2229 87 75 large
409 2229 78 75 fofla
503 2229 145 75 for-that
671 2229 102 75 finus;
801 2229 64 75 and
882 2229 54 75 the
960 2229 107 75 orifice
1092 2229 40 75 of
1151 2229 55 75 the

176 2274 88 75 canal
281 2274 40 75 of
339 2274 54 75 the
410 2274 124 75 carotid
549 2274 107 75 artery
681 2274 27 75 is
733 2274 128 75 evident
884 2274 33 75 at
939 2274 55 75 the
1019 2274 102 75 under
1136 2274 71 75 part

177 2322 40 75 of
236 2322 55 75 the
304 2322 90 75 point
410 2322 39 75 of
468 2322 55 75 the
540 2322 130 75 petrous
682 2322 138 75 procefs.

223 2366 76 75 The
316 2366 98 75 upper
430 2366 104 75 round
549 2366 72 75 part
642 2366 40 75 of
702 2366 56 75 the
781 2366 169 75 fquamous
965 2366 99 75 bones
1080 2366 26 75 is
1124 2366 82 75 thin,

176 2409 59 75 but
251 2409 116 75 equal;
393 2409 95 75 while
500 2409 55 75 the
564 2409 67 75 low
646 2409 129 75 petrous
787 2409 70 75 part
868 2409 27 75 is
909 2409 88 75 thick
1014 2409 62 75 and
1088 2409 118 75 ftrong,

176 2460 59 75 but
252 2460 154 75 irregular
422 2460 63 75 and
499 2460 151 75 unequal,
667 2460 116 75 having
795 2460 56 75 the
871 2460 176 75 diftin&ion
1056 2460 40 75 of
1107 2460 100 75 tables

180 2506 61 75 and
265 2506 107 75 diploe
390 2506 221 75 -confounded,
637 2506 77 75 with
739 2506 117 75 feveral
873 2506 142 75 cavities,
1039 2506 168 75 prpeefles,

180 2552 64 75 and
264 2552 99 75 bones
385 2552 111 75 within
523 2552 40 75 its
581 2552 171 75 fubftance,
776 2552 107 75 which
908 2552 54 75 are
986 2552 86 75 parts
1096 2552 40 75 of
1154 2552 56 75 the

182 2598 98 75 organ
307 2598 40 75 of
365 2598 144 75 hearing.
564 2598 61 75 See
653 2598 55 75 the
735 2598 192 75 defeription
953 2598 40 75 of
1016 2598 56 75 the
1099 2598 111 75 bones,

183 2643 144 75 mufcles,
346 2643 71 75 fee,
442 2643 40 75 of
501 2643 55 75 the
574 2643 66 75 ear,
665 2643 31 75 in
713 2643 71 75 part
800 2643 64 75 VI.

229 2691 76 75 The
327 2691 155 75 temporal
505 2691 98 75 bones
628 2691 53 75 are
701 2691 113 75 joined
837 2691 100 75 above
954 2691 35 75 to
1004 2691 57 75 the
1078 2691 132 75 parietal

184 2737 97 75 bones
295 2737 45 75 by
355 2737 54 75 the
425 2737 168 75 fquamous
608 2737 135 75 futures,
769 2737 61 75 and
846 2737 84 75 their
946 2737 152 75 pofterior
1120 2737 90 75 addi-

186 2782 158 75 tamenta:
369 2782 133 75 Before,
527 2782 35 75 to
582 2782 55 75 the
653 2782 152 75 fphenoid
821 2782 82 75 bone
922 2782 44 75 by
981 2782 56 75 the
1053 2782 105 75 future
1175 2782 41 75 of

184 2829 72 75 .that
272 2829 112 75 name;
411 2829 35 75 to
457 2829 55 75 the
524 2829 215 75 cheek-bones
750 2829 44 75 by
806 2829 54 75 the
873 2829 180 75 zygomatic
1065 2829 121 75 futures
1198 2829 9 75 :

187 2875 139 75 Behind,
350 2875 35 75 to
401 2875 56 75 the
480 2875 146 75 occipital
652 2875 94 75 bone,
772 2875 43 75 by
839 2875 55 75 the
918 2875 164 75 lambdoid
1103 2875 108 75 future

187 2922 118 75 audits
322 2922 235 75 additamenta;
582 2922 63 75 and
666 2922 78 75 they
765 2922 53 75 are
841 2922 188 75 articulated
1052 2922 79 75 with
1155 2922 56 75 the

1230 116 37 75 T
1385 116 40 75 O
1541 116 50 75 M
1704 116 52 75 Y.

2110 116 162 75 Parti.

1239 183 99 75 lower
1359 183 66 75 jaw
1443 183 33 75 in
1494 183 56 75 the
1566 183 131 75 manner
1713 183 106 75 which
1836 183 78 75 lhall
1931 183 39 75 be
1992 183 167 75 deferibed
2181 183 93 75 when

1240 229 63 75 this
1320 229 83 75 bone
1419 229 26 75 is
1464 229 181 75 examined.

1286 275 52 75 Os
1356 275 225 75 Occipitis,
1606 275 34 75 fo
1664 275 104 75 called
1787 275 85 75 from
1896 275 43 75 its
1963 275 158 75 fituation,
2147 275 27 75 is
2198 275 76 75 con-

1241 321 65 75 vex
1320 321 42 75 on
1379 321 54 75 the
1449 321 133 75 outfide,
1608 321 63 75 and
1686 321 136 75 concave
1840 321 181 75 internally.
2072 321 47 75 Its
2132 321 98 75 figure
2247 321 28 75 is

1240 368 39 75 an
1296 368 156 75 irregular
1474 368 126 75 fquare,
1625 368 38 75 or
1686 368 109 75 rather
1817 368 191 75 rhomboid;
2035 368 40 75 of
2094 368 104 75 which
2219 368 57 75 the

1241 414 91 75 angle
1349 414 100 75 above
1465 414 26 75 is
1508 414 163 75 generally
1688 414 19 75 a
1727 414 86 75 little
1836 414 164 75 rounded;
2026 414 57 75 the
2107 414 67 75 two
2196 414 79 75 late-

1240 461 49 75 ral
1305 461 107 75 angles
1429 461 54 75 are
1499 461 89 75 more
1603 461 143 75 finifhed,
1770 461 59 75 but
1852 461 132 75 obtufe;
2010 461 62 75 and
2095 461 55 75 the
2177 461 100 75 lower

1241 507 60 75 one
1318 507 25 75 is
1361 507 159 75 ftretched
1535 507 142 75 forward
1694 507 33 75 in
1743 507 84 75 form
1843 507 41 75 of
1903 507 19 75 a
1934 507 122 75 wedge,
2082 507 63 75 and
2161 507 115 75 thence

1240 554 27 75 is
1284 554 104 75 called
1403 554 44 75 by
1462 554 86 75 fome
1564 554 55 75 the
1635 554 179 75 cumiform
1825 554 139 75 procefs.

1287 600 76 75 The
1379 600 146 75 external
1548 600 123 75 furface
1695 600 26 75 is
1746 600 138 75 convex,
1910 600 115 75 except
2041 600 33 75 at
2097 600 56 75 the
2168 600 107 75 cunei-

1242 646 84 75 form
1343 646 171 75 apophyfe,
1541 646 109 75 where
1666 646 25 75 it
1708 646 26 75 is
1753 646 123 75 flatted.
1925 646 49 75 At
1990 646 55 75 the
2061 646 72 75 bafe
2150 646 40 75 of
2211 646 65 75 this

1242 692 176 75 triangular
1436 692 139 75 procefs,
1601 692 41 75 on
1665 692 80 75 each
1767 692 64 75 fide
1854 692 40 75 of
1913 692 55 75 the
1992 692 91 75 great
2106 692 88 75 hole,
2220 692 58 75 but

1242 738 90 75 more
1348 738 162 75 advanced
1526 738 158 75 forwards
1699 738 78 75 than
1791 738 53 75 the
1858 738 119 75 middle
1994 738 40 75 of
2051 738 39 75 it,
2117 738 55 75 the
2190 738 88 75 large

1242 784 119 75 oblong
1388 784 259 75 protuberances,
1680 784 116 75 named
1822 784 55 75 the
1904 784 154 75 condyles,
2091 784 127 75 appear,
2242 784 37 75 to

1243 832 87 75 ferve
1347 832 52 75 for
1414 832 56 75 the
1487 832 202 75 articulation
1705 832 41 75 of
1764 832 63 75 this
1844 832 83 75 bone
1943 832 79 75 with
2046 832 55 75 the
2125 832 65 75 firft
2206 832 71 75 ver-

1243 877 92 75 tebra
1350 877 41 75 of
1409 877 55 75 the
1481 877 93 75 neck.
1622 877 77 75 The
1714 877 124 75 fmootb
1853 877 121 75 furface
1990 877 42 75 of
2049 877 78 75 each
2139 877 40 75 of
2191 877 87 75 thefe

1244 924 173 75 condyloid
1447 924 154 75 procefles
1633 924 27 75 is
1692 924 122 75 longeft
1841 924 85 75 from
1956 924 119 75 behind
2106 924 171 75 forwards,

1244 970 119 75 where,
1387 970 45 75 by
1448 970 83 75 their
1548 970 306 75 oblique.fituation,
1879 970 78 75 they
1973 970 90 75 come
2080 970 95 75 much
2188 970 90 75 near-

1243 1016 34 75 er
1289 1016 35 75 to
1341 1016 78 75 each
1436 1016 96 75 other
1548 1016 78 75 than
1642 1016 78 75 they
1737 1016 53 75 are
1802 1016 33 75 at
1847 1016 85 75 their
1947 1016 180 75 back-part.
2173 1016 107 75 Their

1243 1062 88 75 inner
1360 1062 79 75 fides
1464 1062 53 75 are
1541 1062 101 75 lower
1666 1062 78 75 than
1766 1062 55 75 the
1838 1062 159 75 external,
2022 1062 42 75 by
2081 1062 105 75 which
2203 1062 77 75 they

1245 1109 53 75 are
1314 1109 175 75 prevented
1504 1109 85 75 from
1606 1109 111 75 Aiding
1733 1109 35 75 to
1784 1109 104 75 either
1904 1109 65 75 fide
1991 1109 57 75 out
2064 1109 40 75 of
2123 1109 54 75 the
2194 1109 84 75 cavi-

1247 1155 60 75 ties
1322 1155 42 75 of
1383 1155 56 75 the
1455 1155 64 75 firft
1541 1155 202 75 vertebra.
1749 1155 121 75 Round
1892 1155 85 75 their
1993 1155 74 75 root
2084 1155 19 75 a
2117 1155 89 75 fmall
2223 1155 57 75 de-

1244 1200 131 75 prefiion
1393 1200 62 75 and
1479 1200 120 75 fpongy
1622 1200 173 75 roughnefs
1820 1200 26 75 is
1871 1200 195 75 obfervable,
2091 1200 108 75 where
2224 1200 56 75 the

1244 1246 168 75 ligaments
1422 1246 59 75 .for
1496 1246 213 75 furreunding
1726 1246 217 75 andfecuring
1959 1246 84 75 their
2059 1246 219 75 articulations

1247 1293 322 75 adhere.Though
1595 1293 54 75 the
1675 1293 122 75 motion
1821 1293 41 75 of
1879 1293 55 75 the
1956 1293 84 75 head
2055 1293 27 75 is
2098 1293 183 75 performed

1247 1341 40 75 on
1305 1341 54 75 the
1372 1341 164 75 condyles,
1562 1341 55 75 yet
1632 1341 55 75 the
1704 1341 108 75 centre
1832 1341 41 75 of
1891 1341 127 75 gravity
2035 1341 40 75 of
2093 1341 72 75 that
2186 1341 94 75 globe

1248 1386 80 75 does,
1347 1386 57 75 not
1429 1386 58 75 fall
1511 1386 145 75 between
1678 1386 101 75 them,
1804 1386 58 75 but
1883 1386 27 75 is
1933 1386 18 75 a
1967 1386 83 75 good
2069 1386 71 75 way
2155 1386 126 75 further

1248 1433 162 75 forward;
1436 1433 85 75 from
1545 1433 107 75 which
1676 1433 192 75 mechanifm
1890 1433 25 75 it
1931 1433 25 75 is
1974 1433 140 75 evident,
2138 1433 71 75 that
2219 1433 62 75 ,the

1247 1479 133 75 mufcles
1397 1479 104 75 which
1518 1479 67 75 pull
1611 1479 56 75 the
1689 1479 85 75 head
1789 1479 81 75 back
1894 1479 80 75 muft
1997 1479 39 75 be
2061 1479 31 75 in
2109 1479 19 75 a
2139 1479 143 75 conftant

1247 1526 77 75 ftate
1347 1526 40 75 of
1406 1526 213 75 contraction:
1646 1526 106 75 which
1774 1526 27 75 is
1826 1526 142 75 ftronger
1985 1526 77 75 than
2077 1526 56 75 the
2158 1526 123 75 natural

1250 1571 194 75 contradtion
1469 1571 40 75 of
1528 1571 55 75 the
1605 1571 116 75 proper
1746 1571 132 75 flexors,
1904 1571 62 75 elfe
1988 1571 55 75 the
2066 1571 83 75 head
2173 1571 109 75 would

1248 1618 118 75 always
1384 1618 57 75 fall
1458 1618 166 75 forwards,
1651 1618 34 75 as
1702 1618 26 75 it
1743 1618 79 75 does
1835 1618 92 75 when
1945 1618 18 75 a
1979 1618 114 75 man-is
2107 1618 112 75 afleep,
2242 1618 39 75 or

1249 1665 127 75 labours
1404 1665 102 75 under
1531 1665 18 75 a
1576 1665 99 75 palfy,
1701 1665 33 75 as
1751 1665 73 75 well
1842 1665 33 75 as
1891 1665 32 75 in
1947 1665 130 75 infants,
2103 1665 107 75 where
2226 1665 55 75 the

1249 1710 120 75 weight
1385 1710 39 75 of
1443 1710 54 75 the
1514 1710 83 75 head
1613 1710 49 75 far
1679 1710 135 75 exceeds
1833 1710 56 75 the
1904 1710 221 75 proportional
2141 1710 141 75 ftrength

1249 1759 40 75 of
1307 1759 88 75 thefe
1412 1759 147 75 mufcles.

1299 1805 57 75 All
1380 1805 105 75 round
1507 1805 55 75 the
1579 1805 90 75 great
1691 1805 144 75 foramen
1858 1805 55 75 the
1934 1805 96 75 edges
2053 1805 53 75 are
2130 1805 151 75 unequal,

1249 1850 54 75 for
1326 1850 55 75 the
1406 1850 107 75 flrmer
1538 1850 146 75 adhefion
1709 1850 39 75 of
1767 1850 56 75 the
1845 1850 105 75 ftfong
1973 1850 133 75 circular
2129 1850 154 75 ligament

1251 1895 105 75 which
1372 1895 76 75 goes
1466 1895 114 75 thence
1592 1895 34 75 to
1643 1895 54 75 the
1710 1895 64 75 firft
1785 1895 282 75 vertebra.One
2079 1895 62 75 end
2152 1895 41 75 of
2203 1895 78 75 each

1250 1942 111 75 lateral
1379 1942 37 75 or
1433 1942 183 75 moderator
1632 1942 151 75 ligament
1799 1942 40 75 of
1857 1942 54 75 the
1927 1942 95 75 head,
2047 1942 26 75 is
2097 1942 87 75 fixed
2206 1942 35 75 to
2263 1942 20 75 a

1251 1987 101 75 rough
1370 1987 122 75 furface
1508 1987 32 75 at
1557 1987 55 75 the
1629 1987 158 75 fore-part
1809 1987 41 75 of
1867 1987 78 75 each
1969 1987 147 75 condyle,
2141 1987 63 75 and
2225 1987 59 75 the

1250 2033 240 75 perpendicular
1514 2033 61 75 one
1598 2033 28 75 is
1649 2033 172 75 connefted
1846 2033 35 75 to
1905 2033 19 75 a
1947 2033 102 75 rough
2073 2033 72 75 part
2165 2033 43 75 of
2226 2033 58 75 the

1252 2081 81 75 edge
1348 2081 40 75 of
1406 2081 56 75 the
1479 2081 89 75 great
1580 2081 78 75 hole
1674 2081 144 75 between
1835 2081 56 75 the
1907 2081 66 75 two
1985 2081 165 75 condyles.

1300 2128 54 75 On
1376 2128 55 75 the
1453 2128 90 75 inner
1564 2128 121 75 furface
1707 2128 40 75 of
1765 2128 56 75 the
1845 2128 36 75 os
1906 2128 142 75 occipitis
2073 2128 49 75 we
2144 2128 50 75 fee
2217 2128 67 75 two

1253 2174 130 75 ridges;
1418 2174 60 75 one
1506 2174 144 75 Handing
1676 2174 251 75 perpendicular,
1952 2174 55 75 the
2032 2174 94 75 other
2149 2174 135 75 running

1254 2220 215 75 horizontally
1486 2220 102 75 acrofs
1605 2220 56 75 the
1677 2220 76 75 firft.
1800 2220 77 75 The
1894 2220 99 75 upper
2008 2220 71 75 part
2096 2220 39 75 of
2146 2220 55 75 the
2214 2220 69 75 per-

1254 2265 183 75 pendicular
1452 2265 78 75 limb
1547 2265 41 75 of
1605 2265 56 75 the
1678 2265 97 75 crofs,
1800 2265 35 75 to
1851 2265 104 75 which
1972 2265 55 75 the
2043 2265 70 75 falx
2133 2265 26 75 is
2182 2265 101 75 fixed,

1252 2314 29 75 is
1298 2314 164 75 hollowed
1477 2314 33 75 in
1527 2314 54 75 the
1598 2314 131 75 middle,
1754 2314 38 75 or
1808 2314 90 75 often
1914 2314 41 75 on
1977 2314 60 75 one
2061 2314 75 75 fide,
2161 2314 52 75 for
2228 2314 58 75 the

1256 2359 160 75 reception
1435 2359 40 75 of
1486 2359 56 75 the
1557 2359 143 75 fuperior
1709 2359 211 75 longitudinal
1934 2359 96 75 finus,
2054 2359 65 75 and
2133 2359 55 75 the
2204 2359 80 75 low-

1256 2405 35 75 er
1306 2405 72 75 part
1401 2405 40 75 of
1458 2405 27 75 it
1502 2405 56 75 has
1574 2405 55 75 the
1646 2405 87 75 fmall
1751 2405 37 75 or
1810 2405 87 75 third
1918 2405 126 75 procefs
2068 2405 41 75 of
2126 2405 55 75 the
2205 2405 81 75 dura

1256 2452 101 75 mater
1379 2452 142 75 faftened
1544 2452 35 75 to
1601 2452 39 75 it,
1666 2452 63 75 and
1749 2452 26 75 is
1798 2452 180 75 fometimes
1993 2452 162 75 hollowed
2171 2452 44 75 by
2229 2452 57 75 the

1257 2498 148 75 occipital
1421 2498 93 75 finus.
1560 2498 92 75 Each
1670 2498 64 75 fide
1750 2498 41 75 of
1802 2498 56 75 the
1868 2498 182 75 horizontal
2061 2498 78 75 limb
2154 2498 27 75 is
2194 2498 91 75 made

1257 2546 121 75 hollow
1396 2546 49 75 .by
1469 2546 56 75 the
1548 2546 113 75 lateral
1687 2546 113 75 finules
1824 2546 140 75 inclofed
1986 2546 31 75 in
2041 2546 56 75 the
2113 2546 173 75 tranfverfe

1259 2590 123 75 procefs
1394 2590 40 75 of
1451 2590 57 75 the
1525 2590 80 75 dura
1620 2590 123 75 mater;
1770 2590 56 75 the
1838 2590 77 75 fofla
1930 2590 33 75 in
1979 2590 55 75 the
2051 2590 86 75 right
2150 2590 64 75 fide
2229 2590 56 75 be-

1258 2636 57 75 ing
1326 2636 163 75 generally
1506 2636 18 75 a
1540 2636 217 75 continuation
1775 2636 40 75 of
1834 2636 55 75 the
1906 2636 59 75 one
1981 2636 93 75 made
2090 2636 44 75 by
2149 2636 55 75 the
2215 2636 70 75 lon-

1258 2682 152 75 gitudinal
1428 2682 80 75 finus
1520 2682 33 75 in
1569 2682 55 75 the
1636 2682 241 75 perpendicular
1892 2682 91 75 limb,
2008 2682 63 75 and
2086 2682 161 75 therefore
2258 2682 27 75 is

1257 2728 105 75 larger
1384 2728 77 75 than
1486 2728 55 75 the
1565 2728 60 75 left
1649 2728 288 75 one.P,ound
1960 2728 56 75 the
2038 2728 118 75 middle
2172 2728 40 75 of
2230 2728 57 75 the

1260 2775 83 75 crofs
1371 2775 91 75 there
1490 2775 53 75 are
1570 2775 74 75 four
1670 2775 89 75 large
1782 2775 186 75 depreflions
1992 2775 164 75 feparated
2179 2775 43 75 by
2245 2775 41 75 its

1257 2822 116 75 limbs;
1399 2822 55 75 the
1470 2822 67 75 two
1553 2822 98 75 upper
1675 2822 75 75 ones
1775 2822 94 75 being
1894 2822 124 75 formed
2045 2822 43 75 by
2110 2822 55 75 the
2190 2822 96 75 back-

1259 2868 70 75 part
1345 2868 40 75 of
1402 2868 56 75 the
1474 2868 103 75 brain,
1603 2868 62 75 and
1681 2868 54 75 the
1752 2868 65 75 two
1833 2868 101 75 lower
1955 2868 76 75 ones
2054 2868 44 75 by
2121 2868 55 75 the
2200 2868 87 75 cere-

1258 2914 132 75 bellum.
1484 2914 138 75 Farther
1637 2914 141 75 forward
1794 2914 77 75 than
1883 2914 59 75 the
1957 2914 58 75 laft
2030 2914 183 75 mentioned
2231 2914 56 75 de-

2126 2957 157 75 prefiipns.
