2397 3387
131 56 109 75 (*A)

531 56 39 75 B
658 56 42 75 O
789 56 42 75 O
918 56 39 75 K
1016 56 17 75 -
1082 56 39 75 K

189 125 50 75 14.
271 125 110 75 When
399 125 63 75 you
490 125 63 75 pay
577 125 85 75 upon
692 125 103 75 lofing
822 125 17 75 a
864 125 107 75 wager
986 125 12 75 ;
1012 125 50 75 xr
1087 125 91 75 when

133 170 63 75 you
215 170 63 75 lofe
304 170 83 75 upon
405 170 178 75 exchange,
609 170 70 75 that
698 170 39 75 is,
757 170 54 75 put
831 170 53 75 off
902 170 16 75 a
941 170 145 75 piece'of
1106 170 74 75 coin

1451 59 34 75 P
1606 59 19 75 I
1712 59 44 75 N
1842 59 51 75 G.

1472 127 15 49 d
1487 145 214 75 A.K^

1277 249 90 75 adly,
1394 249 131 75 Debtor
1550 249 70 75 and
1635 249 155 75 Creditor
1805 249 133 75 applied
1958 249 36 75 in
2005 249 119 75 proper
2140 249 123 75 foreign

1696 298 108 75 trade.

1278 353 122 75 Proper
1412 353 125 75 foreign
1548 353 91 75 trade
1656 353 244 75 comprehends,
1931 353 29 75 1.
1987 353 229 75 The/hipping
2231 353 43 75 of

1396 399 11 75 %
1415 399 128 75 fattor.
1595 399 34 75 2.
1648 399 142 75 Advices
1806 399 194 75 concerning
2014 399 85 75 them
2107 399 94 75 from
2213 399 53 75 the

1405 445 29 75 3.
1464 445 146 75 Returns
1635 445 93 75 made
1745 445 34 75 hy
1804 445 53 75 the
1871 445 117 75 faftor
2003 445 32 75 to
2042 445 79 75 you.

1229 515 100 75 Prob.
1357 515 31 75 1.
1417 515 50 75 G.
1517 515 131 75 Debtor
1749 515 153 75 Creditor
1918 515 131 75 applied
2062 515 37 75 in
2105 515 159 75 /hipping

1562 563 50 75 off
1616 563 98 75 go.ds
1730 563 32 75 to
1778 563 22 75 a
1805 563 130 75 /after.

1275 631 36 75 In
1330 631 41 75 all
1389 631 97 75 cafes,
1512 631 115 75 voyage
1642 631 33 75 to

1826 631 37 75 is
1881 631 75 75 Dr;
1983 631 56 75 but
2056 631 55 75 the
2128 631 60 75 Cr.
2210 631 52 75 va-

1227 676 74 75 ries,
1327 676 173 75 according
1523 676 33 75 as
1584 676 54 75 the
1665 676 101 75 goods
1784 676 128 75 fetpped
1929 676 51 75 off
1991 676 54 75 are
2062 676 130 75 already
2208 676 54 75 en-

1226 724 90 75 tered
1329 724 30 75 in
1372 724 82 75 your
1467 724 116 75 books,
1608 724 33 75 01
1659 724 158 75 prefently
1831 724 144 75 bought;
2001 724 62 75 and
2075 724 69 75 that
2158 724 103 75 again,

1264 770 66 75 :her
1348 770 50 75 for
1416 770 99 75 ready
1533 770 127 75 money,
1687 770 28 75 c
1739 770 41 75 on
1800 770 87 75 time,
1914 770 64 75 fcc.

1272 818 77 75 Cafe
1378 818 31 75 x.
1463 818 37 75 If
1524 818 62 75 you
1604 818 64 75 ihip
1687 818 51 75 off
1749 818 101 75 goods
1870 818 14 75 v

1272 911 121 75 Voyage
1412 911 52 75 Dr
1481 911 35 75 to
1534 911 172 75 Sundries,
1731 911 9 75 1

1320 956 55 75 To
1392 956 35 75 th
1394 958 54 75 the
1465 958 167 75 rtfye&ivz
1650 958 114 75 Goods,
1792 958 51 75 for
1859 958 85 75 their
1961 958 106 75 value,

1320 1004 157 75 ToCa/h,
1489 1004 50 75 for
1549 1004 129 75 cultom,
1691 1004 174 75 inlurance,
1878 1004 61 75 and
1953 1004 40 75 all
2008 1004 92 75 other

1275 1052 17 75 2
1335 1052 35 75 If
1383 1052 63 75 you
1465 1052 63 75 buy
1539 1052 24 75 -a
1580 1052 96 75 cargo
1689 1052 50 75 for
1753 1052 97 75 ready
1865 1052 127 75 money,
2019 1052 60 75 and
2094 1052 64 75 flvip
2176 1052 24 75 it
2213 1052 53 75 off

1271 1097 181 75 mediately,
1475 1097 134 75 without
1622 1097 146 75 entering
1778 1097 53 75 the
1844 1097 151 75 purchafe
2007 1097 30 75 in
2052 1097 80 75 your
2145 1097 115 75 books,

1268 1143 46 75 ter
1331 1143 122 75 Voyage
1473 1143 50 75 Dr
1541 1143 35 75 to
1589 1143 98 75 Ca/h,
1713 1143 50 75 for
1778 1143 98 75 prime
1889 1143 77 75 coft,
1985 1143 60 75 and
2059 1143 40 75 ail
2114 1143 145 75 charges.

1276 1190 31 75 3.
1340 1190 31 75 If
1387 1190 64 75 you
1466 1190 63 75 buy
1542 1190 101 75 goods
1656 1190 40 75 on
1709 1190 90 75 time,
1825 1190 60 75 and
1904 1190 64 75 Ihip
1985 1190 88 75 them
2089 1190 60 75 off,
2168 1190 92 75 with-

1225 1235 55 75 out
1297 1235 144 75 entering
1458 1235 88 75 them
1565 1235 30 75 in
1613 1235 81 75 your
1711 1235 113 75 books,
1850 1235 89 75 enter

1273 1283 122 75 Voyage
1412 1283 52 75 Dr
1483 1283 34 75 to
1534 1283 172 75 Sundries,
1732 1283 69 75 viz.

1318 1328 56 75 To
1392 1328 118 75 Seller,
1532 1328 36 75 or
1585 1328 137 75 Sellers,
1750 1328 50 75 for
1818 1328 91 75 value
1926 1328 40 75 of
1978 1328 55 75 the
2048 1328 116 75 goods,

1318 1374 55 75 To
1390 1374 95 75 Caff,
1513 1374 50 75 for
1575 1374 132 75 charges
1725 1374 31 75 at
1774 1374 153 75 (hipping.

1333 1421 35 75 If
1393 1421 63 75 you
1474 1421 64 75 (hip
1556 1421 51 75 off
1631 1421 18 75 a
1674 1421 107 75 cargo,
1807 1421 91 75 made
1916 1421 41 75 up
1975 1421 103 75 partly
2096 1421 40 75 of
2158 1421 101 75 goods

1338 1468 83 75 from
1438 1468 81 75 your
1536 1468 72 75 own
1622 1468 193 75 warehoufe,
1833 1468 106 75 partly
1956 1468 39 75 of

1274 1561 121 75 Voyage
1414 1561 51 75 Dr
1483 1561 33 75 to
1534 1561 171 75 Sundries,
1731 1561 70 75 viz.

1320 1608 55 75 To
1393 1608 102 75 Goods
1514 1608 80 75 your
1613 1608 84 75 own,
1724 1608 51 75 for
1793 1608 82 75 their

1321 1652 56 75 To
1390 1652 25 75 S
1433 1652 63 75 Her
1509 1652 34 75 or
1558 1652 134 75 Sellers,
1719 1652 51 75 for
1784 1652 90 75 value
1892 1652 38 75 of
1941 1652 55 75 the
2008 1652 100 75 goods
2122 1652 135 75 bought,

1321 1700 55 75 To
1394 1700 95 75 Caff,
1516 1700 51 75 for
1584 1700 41 75 all
1643 1700 144 75 charges.
1839 1700 84 75 Jan.
1944 1700 12 75 c

1900 2254 182 75 \e^applied,
2108 2254 81 75 upon
2205 2254 19 75 a

1312 2259 17 75 x.
1347 2259 35 75 2.
1400 2259 46 75 H.
1465 2259 29 75 I.
1481 2298 69 75 vice
1555 2298 97 75 from
1659 2298 161 75 yourjal

1398 2369 34 75 H
1465 2369 17 75 §
1505 2369 29 75 I.
1585 2369 65 75 The
1666 2369 84 75 cafs
1766 2369 43 75 of
1815 2369 53 75 the
1875 2369 76 75 fir/l
1965 2369 126 75 advice.

1277 2435 41 75 In
1333 2435 40 75 all
1388 2435 85 75 cafes
1485 2435 40 75 of
1536 2435 56 75 the
1609 2435 63 75 firft
1690 2435 122 75 advice,
1839 2435 124 75 Voyage
1978 2435 31 75 to

2150 2435 29 75 is
2197 2435 48 75 Cr
2258 2435 9 75 ‘

1229 2481 56 75 but
1305 2481 53 75 the
1375 2481 50 75 Dr
1438 2481 114 75 varies,
1579 2481 170 75 according
1767 2481 35 75 to
1820 2481 54 75 the
1893 2481 110 75 naiure
2020 2481 40 75 of
2073 2481 54 75 the
2139 2481 127 75 advice.

1278 2530 76 75 C/e
1376 2530 10 75 1
1454 2530 37 75 If
1504 2530 53 75 the
1575 2530 185 75 hrftadv.ee
1775 2530 52 75 be,
1854 2530 89 75 That
1965 2530 33 75 A
2027 2530 42 75 B.
2088 2530 54 75 has
2164 2530 82 75 recei

2094 2574 31 75 A
2154 2574 31 75 B

1231 2622 142 75 accompt
1402 2622 43 75 of
1452 2622 94 75 goods
1589 2622 52 75 Dr
1671 2622 33 75 to
1722 2622 134 75 Voyage,
1884 2622 50 75 for
1962 2622 54 75 the
2045 2622 65 75 ium
2128 2622 54 75 the
2199 2622 66 75 (aid

1232 2668 122 75 voyage
1374 2668 62 75 was
1454 2668 152 75 formerly
1624 2668 137 75 charged
1779 2668 78 75 with

1283 2715 16 75 2
1343 2715 34 75 If
1390 2715 53 75 the
1462 2715 63 75 (irft
1543 2715 17 75 a
1586 2715 66 75 vice
1670 2715 37 75 be
1746 2715 91 75 That
1855 2715 44 75 A.
1920 2715 30 75 B
1982 2715 55 75 has
2054 2715 143 75 received
2210 2715 56 75 the

1234 2762 112 75 goods,
1372 2762 61 75 and
1457 2762 65 75 fold
1542 2762 86 75 them
1649 2762 47 75 for
1719 2762 96 75 ready
1832 2762 115 75 money
1986 2762 85 75 enter
2097 2762 38 75 A.
2155 2762 30 75 B
2216 2762 48 75 my

1234 2809 140 75 accompt
1391 2809 137 75 current
1545 2809 51 75 Dr
1616 2809 33 75 to
1673 2809 63 75 Voy
1753 2809 53 75 ge.
1835 2809 46 75 for
1909 2809 55 75 the
1988 2809 71 75 neat
2085 2809 152 75 proceeds
2257 2809 11 75 ;

1235 2855 70 75 that
1324 2855 38 75 is,
1388 2855 54 75 the
1459 2855 66 75 fum
1542 2855 63 75 due
1622 2855 36 75 to
1674 2855 77 75 you,
1771 2855 79 75 after
1865 2855 53 75 the
1934 2855 126 75 fa&or’s
2073 2855 192 75 commilBon

1238 2905 62 75 and
1317 2905 42 75 all
1380 2905 134 75 charges
1531 2905 54 75 are
1602 2905 158 75 deduced.
1810 2905 73 75 Sep.
1903 2905 57 75 22.

2179 2949 32 75 3.
2233 2949 41 75 if
