2571 3437
530 146 241 75 ANA

1099 146 23 75 <
1184 146 28 75 i.

159 213 274 75 ANAQUITO,
452 213 19 75 a
486 213 137 75 country
639 213 40 75 of
689 213 98 75 Peru,
812 213 32 75 in
862 213 104 75 South
982 213 163 75 America,
1162 213 34 75 in

204 259 55 75 the
276 259 207 75 government
499 259 41 75 of
552 259 121 75 Quito.

156 306 251 75 ANARCHY,
436 306 33 75 in
486 306 133 75 matters
644 306 40 75 of
702 306 117 75 polity,
844 306 75 75 fuch
937 306 19 75 a
979 306 162 75 confufion
1161 306 34 75 in

203 352 55 75 the
276 352 91 75 ftate,
385 352 70 75 that
471 352 42 75 no
530 352 142 75 fupreme
689 352 163 75 authority
867 352 27 75 is
910 352 120 75 lodged
1041 352 103 75 either
1159 352 34 75 in

203 398 55 75 the
275 398 108 75 prince
407 398 38 75 or
461 398 93 75 other
571 398 114 75 rulers,
712 398 62 75 and
797 398 228 75 confequently
1041 398 57 75 the
1114 398 78 75 peo-

202 445 51 75 ple
270 445 63 75 live
349 445 32 75 at
401 445 103 75 large,
520 445 138 75 without
674 445 250 75 fubordination,
942 445 38 75 or
998 445 63 75 any
1076 445 118 75 refpeft

202 491 51 75 for
278 491 56 75 the
358 491 92 75 laws.

157 539 299 75 ANARICHAS,
482 539 33 75 in
543 539 224 75 ichthyology,
800 539 19 75 a
848 539 99 75 genus
975 539 41 75 of
1034 539 89 75 fifties
1157 539 41 75 of

201 585 55 75 the
267 585 97 75 order
375 585 40 75 of
427 585 131 75 apodes.
605 585 77 75 The
700 585 85 75 head
802 585 40 75 of
852 585 62 75 .the
935 585 163 75 anarichas
1120 585 27 75 is
1173 585 19 75 a

201 631 84 75 little
310 631 133 75 obtufe;
480 631 56 75 the
563 631 89 75 teeth
678 631 53 75 are
755 631 90 75 thick
866 631 48 75 fet
941 631 63 75 and
1028 631 161 75 roundifti.

200 677 77 75 The
293 677 47 75 fix
356 677 71 75 fore
444 677 89 75 ones,
562 677 80 75 both
659 677 100 75 above
777 677 63 75 and
855 677 116 75 below,
996 677 53 75 are
1067 677 121 75 conical

202 723 64 75 and
290 723 187 75 diverging;
514 723 57 75 the
595 723 133 75 inferior
752 723 62 75 and
838 723 106 75 palate
971 723 137 75 molares
1136 723 54 75 are

201 771 103 75 round
316 771 11 75 ;
353 771 56 75 the
425 771 237 75 branchioftege
679 771 183 75 membrane
874 771 56 75 has
947 771 47 75 fix
1012 771 72 75 rays
1096 771 10 75 ;
1133 771 56 75 the

200 817 87 75 body
309 817 28 75 is
352 817 174 75 fomewhat
550 817 211 75 cylindrical;
787 817 56 75 the
857 817 129 75 "tail-fin
1008 817 26 75 is
1052 817 135 75 diflinth

200 864 113 75 There
345 864 27 75 is
398 864 61 75 one
483 864 119 75 fpecies
625 864 40 75 of
683 864 65 75 this
773 864 112 75 genus;
911 864 70 75 viz.
1007 864 55 75 the
1087 864 102 75 anari-

199 910 74 75 chas
290 910 104 75 lupus,
412 910 37 75 or
461 910 158 75 fea-wolf.
657 910 31 75 It
704 910 107 75 grows
828 910 165 75 generally
1009 910 35 75 tp
1061 910 78 75 four,
1148 910 41 75 or

196 956 61 75 five
274 956 65 75 feet
350 956 32 75 in
399 956 123 75 length.
570 956 77 75 The
671 956 80 75 lapis
768 956 163 75 bufonites
947 956 38 75 or
999 956 187 75 lycodentes

192 1002 30 75 is
239 1002 55 75 the
310 1002 88 75 teeth
424 1002 40 75 of
490 1002 56 75 the
567 1002 164 75 anarichas
756 1002 159 75 petrified.
957 1002 33 75 It
1000 1002 28 75 is
1045 1002 19 75 a
1080 1002 106 75 native

197 1049 40 75 of
256 1049 55 75 the
327 1049 155 75 northern
493 1049 84 75 coaft
593 1049 41 75 of
652 1049 163 75 England.

150 1096 343 75 ANARRHINON,
518 1096 33 75 in
567 1096 134 75 botany.
751 1096 61 75 See
830 1096 306 75 Antirrhinum.

147 1143 335 75 ANARRHOPIA,
508 1143 115 75 among
639 1143 187 75 phyficians,
852 1143 19 75 a
895 1143 159 75 tendency
1071 1143 40 75 of
1129 1143 57 75 the

195 1188 152 75 humours
360 1188 34 75 to
406 1188 56 75 the
473 1188 84 75 head
573 1188 37 75 or
626 1188 141 75 fuperior
775 1188 105 75 parts.

148 1235 143 75 ANAS,
317 1235 33 75 in
372 1235 219 75 ornithology,
617 1235 19 75 a
659 1235 98 75 genus
782 1235 40 75 of
841 1235 88 75 birds
953 1235 173 75 belonging
1149 1235 36 75 to

194 1282 56 75 the
262 1282 96 75 order
370 1282 40 75 of
428 1282 136 75 anferes.
611 1282 77 75 The
700 1282 82 75 beak
794 1282 40 75 of
853 1282 63 75 this
936 1282 99 75 genus
1052 1282 26 75 is
1096 1282 19 75 a
1129 1282 54 75 lit-

196 1328 44 75 tle
256 1328 123 75 obtufe,
406 1328 135 75 covered
557 1328 79 75 with
649 1328 39 75 an
705 1328 168 75 epidermis
890 1328 36 75 or
943 1328 79 75 ikin,
1047 1328 136 75 gibbous

197 1373 33 75 at
242 1373 55 75 the
313 1373 84 75 bafe,
424 1373 62 75 and
497 1373 102 75 broad
616 1373 33 75 at
663 1373 58 75 the
741 1373 105 75 apex;
872 1373 56 75 the
942 1373 120 75 tongue
1081 1373 26 75 is
1125 1373 57 75 ob-

195 1421 67 75 tufe
287 1421 63 75 and
373 1421 119 75 fleftiy;
524 1421 56 75 the
604 1421 67 75 feet
693 1421 53 75 are
771 1421 135 75 webbed
929 1421 62 75 and
1015 1421 93 75 fitted
1131 1421 53 75 for

195 1467 188 75 fwimming.
433 1467 114 75 Under
564 1467 64 75 this
652 1467 98 75 genus
775 1467 151 75 Linnasus
952 1467 230 75 comprehends

198 1515 41 75 38
257 1515 131 75 fpecies,
413 1515 73 75 viz.
516 1515 30 75 1.
570 1515 77 75 The
663 1515 133 75 cygnus,
820 1515 38 75 or
874 1515 96 75 fwan,
995 1515 81 75 with
1093 1515 18 75 a
1134 1515 48 75 fe-

193 1559 232 75 micylindrical
441 1559 93 75 black
550 1559 70 75 bill,
645 1559 119 75 yellow
785 1559 86 75 wax,
897 1559 63 75 and
976 1559 20 75 a
1010 1559 98 75 white
1124 1559 58 75 bo-

194 1606 56 75 dy.
300 1606 33 75 It
348 1606 27 75 is
391 1606 56 75 the
463 1606 77 75 wild
551 1606 84 75 fwan
651 1606 40 75 of
710 1606 131 75 Englifti
854 1606 146 75 authors,
1017 1606 64 75 and
1096 1606 19 75 a
1126 1606 55 75 na-

194 1652 65 75 tive
276 1652 40 75 of
334 1652 132 75 Europe
480 1652 62 75 and
556 1652 48 75 N.
625 1652 161 75 America.
835 1652 151 75 Linnaeus
1004 1652 82 75 fays,
1104 1652 78 75 they

196 1699 185 75 frequently
403 1699 69 75 vifit
497 1699 136 75 Sweden
657 1699 84 75 after
763 1699 18 75 a
803 1699 109 75 thaw;
938 1699 64 75 and
1024 1699 78 75 they
1127 1699 54 75 are

191 1744 121 75 caught
343 1744 78 75 with
450 1744 108 75 apples
585 1744 31 75 in
648 1744 107 75 which
783 1744 19 75 a
828 1744 87 75 hook
941 1744 27 75 is
997 1744 182 75 concealed.

195 1793 34 75 2.
252 1793 78 75 The
350 1793 184 75 cygnoides,
551 1793 80 75 with
648 1793 19 75 a
677 1793 263 75 femicylindrical
956 1793 70 75 bill,
1043 1793 135 75 gibbous

193 1837 87 75 wax,
306 1837 63 75 and
384 1837 104 75 tumid
510 1837 204 75 eye-brows:
739 1837 32 75 It
795 1837 27 75 is
847 1837 55 75 the
925 1837 195 75 fwan-goofe
1144 1837 41 75 of

190 1884 89 75 Ray,
304 1884 83 75 from
412 1884 142 75 Guinea.
601 1884 114 75 There
741 1884 28 75 is
792 1884 139 75 likewife
955 1884 19 75 a
997 1884 123 75 variety
1144 1884 41 75 of

191 1931 63 75 this
271 1931 129 75 fpecies,
425 1931 41 75 of
485 1931 19 75 a
525 1931 60 75 lefs
610 1931 74 75 fize,
709 1931 103 75 called
834 1931 56 75 the
914 1931 97 75 goofe
1027 1931 40 75 of
1085 1931 92 75 Muf-

192 1976 93 75 covy.
307 1976 4 75 '
335 1976 35 75 3.
394 1976 77 75 The
487 1976 159 75 tadorna,.
658 1976 80 75 with
756 1976 18 75 a
789 1976 56 75 flat
862 1976 70 75 bill,
948 1976 19 75 a
983 1976 196 75 comprefted

192 2023 165 75 forehead,
383 2023 18 75 a
417 2023 141 75 greenifti
581 2023 93 75 black
689 2023 97 75 head,
812 2023 61 75 and
889 2023 56 75 the
968 2023 88 75 body
1078 2023 26 75 is
1122 2023 55 75 va-

191 2070 142 75 riegated
348 2070 79 75 with
445 2070 110 75 white.
603 2070 33 75 It
648 2070 26 75 is
687 2070 54 75 the
754 2070 191 75 (hell-drake
958 2070 40 75 of
1009 2070 87 75 Ray,
1114 2070 63 75 and

191 2116 166 75 frequents
384 2116 56 75 the
464 2116 168 75 fea-coafts
660 2116 41 75 of
726 2116 147 75 Europe.
924 2116 34 75 4.
983 2116 78 75 The
1088 2116 87 75 fpec-

191 2163 118 75 tabilis,
334 2163 57 75 has
409 2163 19 75 a
451 2163 196 75 comprefled
661 2163 71 75 bill,
758 2163 134 75 gibbous
909 2163 34 75 at
967 2163 56 75 the
1046 2163 85 75 bafe,
1157 2163 20 75 a

191 2209 95 75 black
309 2209 147 75 feathery
480 2209 118 75 carina,
624 2209 62 75 and
709 2209 19 75 a
750 2209 102 75 hoary
867 2209 96 75 head.
1011 2209 33 75 It
1067 2209 26 75 is
1119 2209 56 75 the

190 2256 219 75 grey-headed
419 2256 86 75 duck
521 2256 39 75 of
571 2256 173 75 Edwards,
762 2256 62 75 and
835 2256 26 75 is
878 2256 19 75 a
912 2256 106 75 native
1034 2256 40 75 of
1086 2256 89 75 Swe-

190 2302 61 75 den
274 2302 62 75 and
353 2302 145 75 Canada.
550 2302 32 75 5.
607 2302 78 75 The
705 2302 98 75 fufca,
828 2302 26 75 is
871 2302 41 75 of
931 2302 19 75 a
964 2302 139 75 blackiih
1120 2302 54 75 co-

189 2349 84 75 lour,
290 2349 57 75 has
360 2349 18 75 a
389 2349 98 75 white
498 2349 70 75 fpot
579 2349 120 75 behind
711 2349 55 75 the
782 2349 87 75 eyes,
885 2349 65 75 and
962 2349 18 75 a
996 2349 98 75 white
1105 2349 70 75 line

190 2395 41 75 on
247 2395 55 75 the
319 2395 111 75 wings.
478 2395 77 75 The
571 2395 86 75 male
669 2395 41 75 of
728 2395 65 75 this
809 2395 117 75 fpecies
939 2395 26 75 is
977 2395 197 75 diftinguifh-

190 2441 39 75 ed
246 2441 43 75 by
305 2441 19 75 a
338 2441 159 75 gibbofity
521 2441 33 75 at
578 2441 55 75 the
656 2441 72 75 bafe
748 2441 45 75 of
811 2441 56 75 the
892 2441 70 75 bill.
1011 2441 33 75 It
1067 2441 26 75 is
1118 2441 56 75 the

190 2488 92 75 black
298 2488 87 75 duck
399 2488 40 75 of
450 2488 86 75 Ray,
555 2488 61 75 and
628 2488 19 75 a
662 2488 105 75 native
784 2488 39 75 of
834 2488 55 75 the
905 2488 171 75 European
1093 2488 79 75 feas.

190 2536 33 75 6.
247 2536 77 75 The
348 2536 103 75 nigra,
476 2536 26 75 is
530 2536 116 75 totally
669 2536 107 75 black,
802 2536 63 75 and
891 2536 56 75 has
977 2536 18 75 a
1017 2536 157 75 gibbofity

189 2580 32 75 at
245 2580 55 75 the
315 2580 72 75 bafe
405 2580 39 75 of
463 2580 55 75 the
541 2580 80 75 bill;
648 2580 55 75 the
727 2580 57 75 tail
809 2580 169 75 refembles
1003 2580 18 75 a
1038 2580 132 75 wedge;

188 2627 55 75 the
255 2627 115 75 female
386 2627 26 75 is
429 2627 169 75 brownifti.
647 2627 32 75 It
699 2627 26 75 is
742 2627 55 75 the
813 2627 90 75 lefler
919 2627 94 75 black
1029 2627 85 75 duck
1138 2627 41 75 of

189 2672 86 75 Ray,
302 2672 61 75 and
379 2672 18 75 a
413 2672 105 75 native
535 2672 40 75 of
595 2672 123 75 Britain
743 2672 62 75 and
826 2672 161 75 Lapland,
1039 2672 32 75 7.
1095 2672 77 75 The

166 2717 4 75 .
189 2717 100 75 anfer,
313 2717 58 75 has
389 2717 18 75 a
421 2717 265 75 femicylindrical
698 2717 79 75 bill;
803 2717 56 75 the
870 2717 99 75 upper
981 2717 71 75 part
1065 2717 43 75 of
1115 2717 56 75 the

189 2764 87 75 body
287 2764 26 75 is
327 2764 231 75 afti-coloured,
575 2764 66 75 .but
653 2764 86 75 paler
755 2764 125 75 below;
907 2764 62 75 and
981 2764 55 75 the
1052 2764 80 75 neck
1144 2764 27 75 is

190 2809 155 75 (Leaked.
394 2809 32 75 It
437 2809 27 75 is
481 2809 55 75 the
548 2809 188 75 wild-goofe
753 2809 40 75 of
803 2809 87 75 Ray,
908 2809 64 75 and
986 2809 27 75 is
1031 2809 19 75 a
1065 2809 106 75 native

189 2856 39 75 of
244 2856 133 75 Europe
394 2856 63 75 and
472 2856 162 75 America.
683 2856 111 75 There
816 2856 28 75 is
870 2856 18 75 a
908 2856 124 75 variety
1048 2856 39 75 of
1107 2856 63 75 this

189 2902 114 75 fpecies
317 2902 84 75 from
417 2902 164 75 America,
598 2902 106 75 which
720 2902 158 75 Edwards
895 2902 77 75 calls
984 2902 57 75 the
1056 2902 114 75 laugh-

187 2949 188 75 ing-goofe;
401 2949 27 75 it
444 2949 57 75 has
515 2949 21 75 a
551 2949 100 75 white
666 2949 72 75 ring
754 2949 32 75 at
803 2949 55 75 the
877 2949 74 75 bafe
970 2949 40 75 of
1027 2949 55 75 the
1098 2949 71 75 bill,

188 2994 61 75 and
259 2994 42 75 its
314 2994 81 75 neck
410 2994 26 75 is
449 2994 155 75 (Leaked.
651 2994 77 75 The
746 2994 121 75 anferes
883 2994 134 75 migrate
1037 2994 33 75 in
1081 2994 88 75 large

1244 144 14 75 3
1319 144 19 75 )

1627 144 243 75 ANA

1296 208 122 75 troops.
1470 208 34 75 8.
1528 208 77 75 The
1617 208 204 75 erythropus,
1845 208 27 75 is
1882 208 41 75 of
1940 208 19 75 a
1974 208 80 75 grey
2069 208 123 75 colour,
2218 208 63 75 and

1292 255 58 75 has
1368 255 19 75 a
1408 255 100 75 white
1523 255 167 75 forehead.
1739 255 33 75 It
1793 255 139 75 inhabits
1955 255 54 75 the
2032 255 98 75 north
2152 255 41 75 of
2210 255 71 75 Eu-

1295 302 87 75 rope.
1433 302 34 75 9.
1491 302 78 75 The
1597 302 191 75 canadenfis,
1815 302 26 75 is
1868 302 123 75 brown,
2025 302 55 75 the
2107 302 81 75 neck
2216 302 63 75 and

1293 348 82 75 head
1387 348 53 75 are
1457 348 105 75 black,
1587 348 62 75 and
1660 348 56 75 the
1728 348 108 75 throat
1848 348 109 75 white.
2006 348 33 75 It
2054 348 27 75 is
2093 348 19 75 a
2123 348 104 75 native
2243 348 43 75 of

1293 394 142 75 Canada.
1504 394 55 75 10.
1598 394 78 75 The
1704 394 220 75 coerulefcens,
1960 394 27 75 is
2014 394 123 75 greyifti
2164 394 112 75 above,

1292 440 63 75 and
1380 440 98 75 white
1506 440 217 75 underneath;
1761 440 56 75 the
1845 440 110 75 covert
1981 440 140 75 feathers
2153 440 42 75 of
2221 440 58 75 the

1291 487 99 75 wings
1408 487 62 75 and
1481 487 81 75 back
1577 487 53 75 are
1646 487 114 75 bluifti.
1793 487 33 75 It
1842 487 26 75 is
1882 487 55 75 the
1948 487 218 75 blue-winged
2180 487 98 75 goofe

1290 532 41 75 of
1354 532 175 75 Edwards,
1569 532 63 75 and
1665 532 18 75 a
1706 532 104 75 native
1835 532 48 75 pf
1906 532 147 75 Canada.
2112 532 54 75 11.
2198 532 79 75 The

1289 580 150 75 bernicla,
1464 580 28 75 is
1510 580 39 75 of
1561 580 19 75 a
1595 580 110 75 brown
1727 580 133 75 colour;
1886 580 80 75 with
1988 580 55 75 the
2059 580 95 75 head,
2180 580 94 75 neck,

1289 627 63 75 and
1383 627 99 75 bread
1508 627 117 75 black;
1663 627 63 75 and
1757 627 19 75 a
1806 627 99 75 white
1931 627 113 75 collar.
2101 627 31 75 It
2162 627 27 75 is
2217 627 58 75 the

1289 673 203 75 brent-goofe
1509 673 40 75 of
1567 673 85 75 Ray,
1679 673 62 75 and
1765 673 26 75 is
1820 673 19 75 a
1861 673 105 75 native
1989 673 40 75 of
2048 673 55 75 the
2120 673 153 75 northern

1288 721 86 75 parts
1402 721 41 75 of
1467 721 144 75 Europe.
1666 721 53 75 12.
1749 721 76 75 The
1853 721 187 75 molliflima,
2065 721 38 75 or
2131 721 143 75 cutbert-

1287 767 85 75 duck
1388 767 40 75 of
1447 767 86 75 Ray,
1558 767 56 75 has
1632 767 18 75 a
1672 767 186 75 cylindrical
1882 767 71 75 bill,
1980 767 63 75 and
2066 767 56 75 the
2146 767 74 75 wax
2245 767 28 75 is

1287 813 130 75 divided
1438 813 120 75 behind
1582 813 62 75 and
1667 813 167 75 wrinkled.
1881 813 78 75 The
1987 813 153 75 feathers,
2165 813 107 75 which

1286 859 53 75 are
1357 859 76 75 very
1450 859 63 75 foft
1530 859 62 75 and
1607 859 159 75 valuable,
1790 859 57 75 fall
1864 859 51 75 off
1934 859 117 75 during
2074 859 197 75 incubation.

1285 906 77 75 The
1378 906 82 75 male
1471 906 26 75 is
1514 906 98 75 white
1629 906 112 75 above,
1758 906 58 75 but
1833 906 93 75 black
1937 906 104 75 below
2053 906 62 75 and
2127 906 118 75 behind
2257 906 11 75 ;

1285 952 55 75 the
1356 952 115 75 female
1488 952 26 75 is
1530 952 153 75 greenifti.
1733 952 31 75 It
1781 952 26 75 is
1833 952 19 75 a
1870 952 105 75 native
1991 952 41 75 of
2050 952 56 75 the
2123 952 95 75 north
2234 952 43 75 of

1284 998 143 75 Europe.
1480 998 54 75 13.
1558 998 76 75 The
1659 998 174 75 mofchata,
1863 998 38 75 or
1928 998 161 75 Mufcovy
2114 998 87 75 duck
2234 998 41 75 of

1285 1045 85 75 Ray,
1395 1045 57 75 has
1478 1045 19 75 a
1519 1045 105 75 naked
1647 1045 155 75 papillous
1826 1045 82 75 face,
1934 1045 62 75 and
2019 1045 26 75 is
2070 1045 19 75 a
2112 1045 106 75 native
2234 1045 42 75 of

1283 1092 104 75 India.
1449 1092 54 75 14.
1534 1092 78 75 The
1638 1092 206 75 bahamenfis,
1877 1092 37 75 or
1941 1092 144 75 Bahama
2110 1092 98 75 duck,
2240 1092 29 75 is

1283 1138 89 75 grey,
1397 1138 80 75 with
1495 1138 18 75 a
1528 1138 243 75 lead-coloured
1793 1138 70 75 bill.
1913 1138 31 75 It
1967 1138 56 75 has
2041 1138 19 75 a
2074 1138 107 75 tawny
2197 1138 72 75 fpot

1283 1184 41 75 on
1340 1184 55 75 the
1412 1184 91 75 fides,
1529 1184 62 75 and
1608 1184 17 75 a
1641 1184 96 75 green
1753 1184 161 75 yellowiftv
1931 1184 72 75 fpot
2018 1184 41 75 on
2079 1184 56 75 the
2151 1184 114 75 wings.

1283 1231 31 75 It
1331 1231 25 75 is
1370 1231 18 75 a
1404 1231 105 75 native
1525 1231 41 75 of
1584 1231 156 75 Bahama.
1793 1231 54 75 15.
1871 1231 77 75 The
1965 1231 135 75 albeola,
2125 1231 39 75 or
2183 1231 85 75 little

1281 1278 95 75 black
1399 1278 62 75 and
1483 1278 99 75 white
1605 1278 97 75 duck,
1726 1278 57 75 has
1801 1278 18 75 a
1843 1278 94 75 black
1958 1278 82 75 back
2063 1278 62 75 and
2141 1278 125 75 wings;

1282 1324 55 75 the
1353 1324 82 75 head
1451 1324 26 75 is
1495 1324 114 75 bluifti,
1634 1324 63 75 and
1713 1324 97 75 white
1826 1324 42 75 on
1891 1324 54 75 the
1970 1324 214 75 hinder-part.
2234 1324 33 75 It

1280 1370 26 75 is
1324 1370 18 75 a
1359 1370 106 75 native
1481 1370 41 75 of
1532 1370 163 75 America.
1749 1370 54 75 16.
1828 1370 76 75 The
1921 1370 157 75 clypeata,
2104 1370 35 75 or
2157 1370 109 75 ftiove-

1280 1417 47 75 ler
1344 1417 39 75 of
1403 1417 86 75 Ray,
1514 1417 57 75 has
1588 1417 55 75 the
1655 1417 62 75 end
1733 1417 39 75 of
1791 1417 43 75 its
1850 1417 57 75 bill
1920 1417 100 75 broad
2031 1417 63 75 and
2107 1417 156 75 rounded,

1281 1464 62 75 and
1359 1464 19 75 a
1393 1464 140 75 crooked
1551 1464 65 75 nail
1633 1464 33 75 at
1683 1464 56 75 the
1759 1464 63 75 end
1837 1464 40 75 of
1896 1464 37 75 it.
1983 1464 31 75 It
2030 1464 27 75 is
2074 1464 102 75 found
2192 1464 76 75 neat

1280 1511 55 75 the
1351 1511 172 75 European
1539 1511 120 75 (bores.
1714 1511 54 75 17.
1791 1511 78 75 The
1885 1511 149 75 (Lepera,
2059 1511 38 75 or
2120 1511 145 75 flat-bill-

1279 1556 41 75 ed
1331 1556 85 75 duck
1432 1556 40 75 of
1483 1556 239 75 Aldrovandus,
1740 1556 57 75 has
1813 1556 56 75 the
1881 1556 100 75 wings
1990 1556 183 75 variegated
2184 1556 81 75 with

1279 1603 104 75 black,
1409 1603 110 75 white,
1545 1603 63 75 and
1624 1603 69 75 red.
1743 1603 31 75 It
1791 1603 165 75 frequents
1972 1603 56 75 the
2051 1603 80 75 frefli
2149 1603 114 75 waters

1279 1649 40 75 of
1336 1649 143 75 Europe.
1533 1649 54 75 iS.
1611 1649 76 75 The
1715 1649 187 75 bucephala,
1939 1649 37 75 or
1998 1649 90 75 lefler
2115 1649 86 75 duck
2228 1649 42 75 of

1258 1695 171 75 -Catefby,
1447 1695 56 75 has
1519 1695 56 75 the
1587 1695 85 75 back
1683 1695 63 75 and
1761 1695 102 75 wings
1874 1695 94 75 black
1980 1695 24 75 ;-
2017 1695 62 75 and
2095 1695 55 75 the
2166 1695 96 75 head,

1278 1741 79 75 both
1373 1741 101 75 above
1491 1741 63 75 and
1567 1741 118 75 below,
1710 1741 26 75 is
1753 1741 207 75 interfperfed
1979 1741 79 75 with
2074 1741 121 75 (hining
2212 1741 32 75 fii

1277 1788 44 75 ky
1336 1788 154 75 feathers.
1539 1788 33 75 It
1587 1788 166 75 frequents
1771 1788 54 75 the
1848 1788 82 75 frefti
1953 1788 113 75 waters
2088 1788 41 75 of
2147 1788 48 75 N.
2212 1788 34 75 A
2257 1788 7 75 -

1276 1834 129 75 merica.
1459 1834 53 75 to.
1537 1834 77 75 The
1631 1834 158 75 clangula,
1814 1834 37 75 or
1862 1834 191 75 golden-eye
2069 1834 40 75 of
2121 1834 84 75 Ray,
2233 1834 29 75 is

1276 1880 184 75 variegated
1484 1880 77 75 with
1586 1880 96 75 black
1705 1880 63 75 and
1783 1880 110 75 white,
1919 1880 62 75 and
1997 1880 55 75 the
2068 1880 83 75 head
2168 1880 26 75 is
2211 1880 32 75 in
2252 1880 8 75 -

1276 1926 173 75 terfperfed
1466 1926 77 75 with
1560 1926 139 75 blackifti
1717 1926 96 75 green
1826 1926 140 75 feathers
1978 1926 11 75 ;
2015 1926 25 75 it
2058 1926 56 75 has
2128 1926 18 75 a
2161 1926 101 75 white

1272 1973 72 75 fpot
1361 1973 74 75 near
1451 1973 55 75 the
1518 1973 126 75 mouth.
1693 1973 32 75 It
1737 1973 87 75 dives
1841 1973 95 75 much
1952 1973 32 75 in
2001 1973 89 75 queft
2108 1973 40 75 of
2166 1973 95 75 (hell-

1274 2020 76 75 fifti;
1377 2020 55 75 the
1444 2020 73 75 eyes
1534 2020 54 75 are
1606 2020 39 75 of
1665 2020 18 75 a
1694 2020 121 75 (hining
1832 2020 78 75 gold
1926 2020 123 75 colour.
2099 2020 58 75 20.
2181 2020 80 75 The

1275 2066 123 75 ruftica,
1423 2066 27 75 is
1477 2066 169 75 brownifti,
1679 2066 38 75 or
1743 2066 233 75 afti-coloured,
2006 2066 81 75 with
2115 2066 19 75 a
2159 2066 101 75 white

1273 2112 69 75 fpot
1365 2112 41 75 on
1423 2112 55 75 the
1501 2112 69 75 ears
1587 2112 63 75 and
1665 2112 112 75 wings.
1827 2112 32 75 It
1875 2112 25 75 is
1919 2112 19 75 a
1961 2112 106 75 native
2082 2112 40 75 of
2142 2112 47 75 N.
2211 2112 46 75 A-

1274 2158 128 75 merica.
1453 2158 57 75 21.
1534 2158 77 75 The
1633 2158 223 75 perfpicillata,
1881 2158 37 75 or
1941 2158 90 75 great
2047 2158 94 75 black
2157 2158 99 75 dtick,

1272 2205 27 75 is
1315 2205 97 75 white
1429 2205 41 75 on
1487 2205 55 75 the
1560 2205 54 75 top
1631 2205 40 75 of
1689 2205 56 75 the
1761 2205 83 75 head
1860 2205 63 75 and
1945 2205 40 75 of
2004 2205 55 75 the
2076 2205 93 75 neck,
2194 2205 63 75 and

1272 2251 57 75 has
1352 2251 18 75 a
1386 2251 94 75 black
1495 2251 70 75 fpot
1581 2251 42 75 on
1648 2251 55 75 the
1726 2251 70 75 bill,
1821 2251 216 75 immediately
2058 2251 119 75 behind
2200 2251 57 75 the

1272 2298 137 75 noftrils.
1458 2298 31 75 It
1512 2298 26 75 is
1565 2298 17 75 a
1607 2298 104 75 native
1734 2298 40 75 of
1793 2298 143 75 Canada.
1987 2298 57 75 22.
2069 2298 78 75 The
2164 2298 90 75 glau-

1271 2343 83 75 cion,
1373 2343 37 75 or
1426 2343 125 75 greater
1567 2343 178 75 wild-duck
1761 2343 39 75 of
1812 2343 87 75 Ray,
1924 2343 56 75 has
1998 2343 56 75 the
2070 2343 54 75 iris
2143 2343 39 75 of
2196 2343 59 75 the

1272 2390 73 75 eyes
1361 2390 130 75 yellow,
1517 2390 18 75 a
1551 2390 78 75 grey
1644 2390 95 75 head,
1765 2390 62 75 and
1850 2390 97 75 white
1971 2390 112 75 collar.
2133 2390 32 75 It
2187 2390 66 75 fre-

1266 2436 118 75 xjuents
1401 2436 56 75 the
1472 2436 154 75 northern
1646 2436 105 75 (hores
1772 2436 40 75 of
1830 2436 143 75 Europe.
2023 2436 57 75 23.
2104 2436 77 75 The
2198 2436 55 75 pe-

1269 2482 122 75 nelops,
1416 2482 37 75 or
1468 2482 145 75 widgeon
1631 2482 39 75 of
1688 2482 87 75 Ray,
1799 2482 57 75 has
1873 2482 167 75 aiharpifti
2062 2482 71 75 tail,
2158 2482 96 75 black

1268 2527 125 75 below;
1420 2527 54 75 the
1497 2527 81 75 head
1595 2527 26 75 is
1646 2527 124 75 brown,
1795 2527 63 75 and
1881 2527 56 75 the
1964 2527 153 75 forehead
2140 2527 110 75 white.

1269 2574 31 75 It
1317 2574 135 75 inhabits
1477 2574 54 75 the
1547 2574 124 75 marfliy
1685 2574 87 75 parts
1789 2574 40 75 of
1846 2574 144 75 Europe.
2042 2574 56 75 24.
2122 2574 78 75 The
2216 2574 35 75 a-

1269 2620 84 75 cuta,
1379 2620 37 75 or
1432 2620 216 75 fea-pheafant
1664 2620 40 75 of
1722 2620 85 75 Ray,
1831 2620 58 75 has
1906 2620 18 75 a
1948 2620 77 75 long
2050 2620 201 75 acuminated

1267 2667 69 75 tail,
1361 2667 94 75 black
1481 2667 116 75 below,
1623 2667 63 75 and
1709 2667 19 75 a
1750 2667 98 75 white
1871 2667 64 75 line
1959 2667 42 75 on
2026 2667 76 75 each
2127 2667 62 75 fide
2214 2667 40 75 of

1267 2714 56 75 the
1347 2714 81 75 back
1451 2714 72 75 part
1547 2714 41 75 of
1614 2714 55 75 the
1691 2714 95 75 head.
1835 2714 33 75 It
1891 2714 28 75 is
1942 2714 18 75 a
1984 2714 105 75 native
2112 2714 40 75 of
2179 2714 70 75 Eu-

1268 2760 88 75 rope.
1406 2760 55 75 25.
1485 2760 76 75 The
1578 2760 167 75 hyemalis,
1770 2760 38 75 or
1823 2760 192 75 long-tailed
2034 2760 97 75 duck,
2155 2760 56 75 has
2230 2760 20 75 a

1267 2807 56 75 tail
1339 2807 114 75 (haped
1468 2807 65 75 like
1556 2807 19 75 a
1597 2807 124 75 wedge,
1747 2807 62 75 and
1829 2807 77 75 long
1929 2807 236 75 tail-feathers;
2191 2807 58 75 the

1267 2853 87 75 body
1370 2853 26 75 is
1419 2853 90 75 grey,
1535 2853 61 75 and
1618 2853 56 75 the
1697 2853 133 75 temples
1854 2853 112 75 white.
2015 2853 32 75 It
2064 2853 26 75 is
2107 2853 19 75 a
2142 2853 106 75 native

1267 2900 38 75 of
1323 2900 129 75 Europe
1477 2900 61 75 and
1562 2900 163 75 America.
1783 2900 54 75 26.
1864 2900 77 75 The
1964 2900 115 75 ferina,
2111 2900 37 75 or
2172 2900 73 75 red-

1263 2947 126 75 headed
1403 2947 146 75 widgeon
1566 2947 40 75 of
1623 2947 87 75 Ray,
1734 2947 57 75 has
1809 2947 219 75 a(h-coloured
2045 2947 113 75 wings,
2182 2947 64 75 and

1262 2994 20 75 a
1291 2994 211 75 black-rump.
1550 2994 33 75 It
1599 2994 165 75 frequents
1780 2994 56 75 the
1847 2994 158 75 maritime
2022 2994 85 75 parts
2125 2994 39 75 of
2175 2994 69 75 Eu-

2154 3037 88 75 rope.
