2428 3377
184 159 13 75 i
197 191 35 49 4
232 159 27 75 3

781 159 41 75 A
933 159 46 75 N
1094 159 42 75 A

177 220 55 75 the
252 220 83 75 hone
352 220 77 75 they
444 220 118 75 belong
578 220 55 75 to;
657 220 54 75 for
726 220 45 75 by
786 220 65 75 this
870 220 121 75 means,
1020 220 56 75 the
1093 220 121 75 furface

179 265 40 75 of
236 265 124 75 contatt
381 265 148 75 between
545 265 62 75 the-
616 265 67 75 two
698 265 100 75 bones
811 265 39 75 of
871 265 61 75 any
944 265 203 75 articulation
1160 265 53 75 be-

180 312 61 75 ing,
250 312 172 75 increafed,
442 312 93 75 .their
551 312 203 75 ccnjunfliori
771 312 163 75 becomes'
934 312 121 75 firmer,
1082 312 63 75 and
1161 312 56 75 the

180 359 132 75 mufcles
329 359 140 75 interred
487 359 69 75 irko
573 359 89 75 them
678 359 48 75 aft
739 359 76 75 with
830 359 126 75 greater
973 359 101 75 force,
1092 359 44 75 by
1146 359 70 75 rea-

166 406 6 75 •
180 406 53 75 fon
253 406 39 75 of
315 406 83 75 theh
416 406 78 75 axes
511 406 95 75 being
622 406 127 75 further
763 406 154 75 removed
932 406 87 75 from
1036 406 55 75 the
1107 406 109 75 center

182 452 38 75 of
233 452 134 75 motion.

226 499 77 75 The
326 499 136 75 foftnefs
485 499 41 75 of
547 499 57 75 the
629 499 86 75 ends^
739 499 41 75 of
797 499 100 75 bones
919 499 75 75 may
1008 499 42 75 be
1072 499 42 75 of
1131 499 86 75 fome

182 545 176 75 advantage
374 545 31 75 in
422 545 56 75 the
495 545 117 75 womb,
631 545 64 75 and
711 545 32 75 at
760 545 100 75 birth,
878 545 83 75 after
974 545 103 75 which
1095 545 56 75 the
1167 545 51 75 of-

180 592 150 75 fification
352 592 115 75 begins
494 592 32 75 at
547 592 152 75 different
726 592 107 75 points
861 592 35 75 to
924 592 86 75 form
1038 592 178 75 epiphyfes,

181 638 111 75 before
311 638 56 75 the
383 638 182 75 offification
582 638 57 75 can
657 638 121 75 extend
794 638 85 75 from
895 638 56 75 the
968 638 120 75 middle
1108 638 36 75 to
1165 638 55 75 the

167 685 4 75 '
182 685 78 75 ends
279 685 39 75 of
335 685 55 75 the
405 685 113 75 bones.

228 731 162 75 However
402 731 84 75 folid
502 731 64 75 and
582 731 142 75 compaft
742 731 90 75 adult
848 731 98 75 bones
973 731 65 75 are,
1069 731 54 75 yet
1140 731 78 75 they

182 777 85 75 were
293 777 80 75 once
409 777 181 75 cartilages,
623 777 210 75 membranes,
857 777 75 75 nay,
966 777 19 75 a
1008 777 87 75 mere
1123 777 94 75 jelly.

181 825 86 75 This
291 825 97 75 needs
405 825 42 75 no
463 825 127 75 further
606 825 106 75 proof,
738 825 86 75 than-
832 825 150 75 repeated
1003 825 215 75 obfervations

182 872 41 75 of
233 872 149 75 embryos
399 872 93 75 when
509 872 169 75 diffefted:
705 872 79 75 And
799 872 73 75 how
889 872 95 75 much
1000 872 90 75 more
1106 872 112 75 tender

166 916 99 75 •-muft
281 916 54 75 the
351 916 98 75 bones
466 916 40 75 be
521 916 112 75 before
648 916 71 75 that
738 916 90 75 time,
857 916 94 75 when
979 916 125 75 neither
1130 916 89 75 knife

183 964 59 75 nor
259 964 59 75 eye
345 964 27 75 is
399 964 132 75 capable
557 964 36 75 to
616 964 144 75 difeover
787 964 55 75 the
868 964 77 75 leaft
977 964 174 75 rudiments
1184 964 41 75 of

183 1011 114 75 them?
325 1011 53 75 By
394 1011 130 75 degrees
541 1011 78 75 they
634 1011 132 75 become
782 1011 88 75 more
887 1011 92 75 lolid,
1008 1011 77 75 then
1103 1011 116 75 affume

184 1057 55 75 the
256 1057 112 75 nature
388 1057 40 75 of
447 1057 135 75 griftles,
607 1057 63 75 and
693 1057 33 75 at
742 1057 57 75 laft
814 1057 91 75 offify
918 1057 10 75 ;
956 1057 54 75 the
1027 1057 145 75 cohefion
1184 1057 41 75 of

184 1103 87 75 their
286 1103 101 75 plates
404 1103 63 75 and
483 1103 95 75 fibres
595 1103 118 75 always
740 1103 173 75 increafing
931 1103 32 75 in
981 1103 186 75 proportion
1183 1103 35 75 to

183 1150 86 75 their
290 1150 163 75 increafed
478 1150 153 75 folidities
646 1150 11 75 ;
684 1150 32 75 as
745 1150 26 75 is
800 1150 129 75 evident
955 1150 85 75 from
1064 1150 55 75 the
1141 1150 78 75 time

185 1198 160 75 neceffary
360 1198 36 75 to
411 1198 132 75 unravel
568 1198 56 75 the
648 1198 130 75 texture
795 1198 39 75 of
861 1198 98 75 Bones
987 1198 40 75 of
1048 1198 113 75 people
1185 1198 41 75 of

185 1244 152 75 different
363 1244 86 75 ages,
468 1244 38 75 or
528 1244 40 75 of
587 1244 93 75 denfe
697 1244 63 75 and
782 1244 41 75 of
841 1244 121 75 fpongy
988 1244 111 75 bones,
1124 1244 39 75 or
1184 1244 40 75 of

184 1290 56 75 the
263 1290 151 75 different
431 1290 85 75 parts
533 1290 41 75 of
583 1290 56 75 the
655 1290 84 75 fame
754 1290 96 75 bone,
876 1290 61 75 and
960 1290 84 75 from
1061 1290 55 75 the
1131 1290 89 75 more

185 1337 125 75 tedious
334 1337 207 75 exfoliations
572 1337 42 75 of
640 1337 59 75 the
730 1337 99 75 bones
854 1337 47 75 -of
931 1337 106 75 adults
1067 1337 81 75 than
1186 1337 41 75 of

187 1383 156 75 children.

232 1429 76 75 The
325 1429 182 75 offification
534 1429 40 75 of
593 1429 98 75 bones
716 1429 141 75 depends
874 1429 190 75 principally
1080 1429 41 75 on
1137 1429 85 75 their

166 1455 4 49 ;
184 1473 113 75 veffels
312 1473 96 75 being
423 1473 34 75 fo
473 1473 156 75 difpofed,
652 1473 65 75 and
733 1473 40 75 of
783 1473 77 75 fuch
876 1473 190 75 diameters,"
1077 1473 34 75 as
1127 1473 36 75 to
1174 1473 47 75 fe-

186 1523 110 75 parate
312 1523 19 75 a
346 1523 120 75 liquor,
491 1523 107 75 which
621 1523 76 75 may
714 1523 96 75 eafily
825 1523 74 75 turn
914 1523 71 75 into
1008 1523 18 75 a
1048 1523 86 75 bony
1149 1523 71 75 fub-

188 1570 115 75 flance,
328 1570 94 75 when
446 1570 26 75 it
504 1570 25 75 is
554 1570 151 75 deprived
736 1570 40 75 of
805 1570 42 75 its
880 1570 129 75 thinner
1040 1570 110 75 parts;
1188 1570 33 75 as

166 1598 3 49 :
186 1616 99 75 feetns
303 1616 85 75 plain
404 1616 86 75 from
506 1616 55 75 the
584 1616 200 75 obfervation
812 1616 40 75 of
874 1616 56 75 the
958 1616 119 75 callous
1105 1616 117 75 matter

189 1661 163 75 feparated
370 1661 84 75 after
478 1661 153 75 fraftures
649 1661 62 75 and
726 1661 118 75 ulcers,
872 1661 108 75 where
1008 1661 70 75 part
1105 1661 41 75 of
1167 1661 55 75 the

189 1710 82 75 bone
287 1710 26 75 is
330 1710 95 75 taken
443 1710 75 75 out:
546 1710 65 75 For
626 1710 33 75 in
675 1710 89 75 thefe
780 1710 162 75 cafes,the
959 1710 108 75 veffels
1084 1710 136 75 extend-

188 1755 55 75 ing
270 1755 200 75 themfelves,
507 1755 62 75 and
590 1755 57 75 the
675 1755 125 75 liquors
828 1755 104 75 added
964 1755 35 75 to
1030 1755 101 75 them,
1170 1755 52 75 are

190 1800 167 75 gradually
369 1800 125 75 formed
510 1800 68 75 into
594 1800 187 75 granulated
797 1800 73 75 fifth
884 1800 11 75 ;
921 1800 106 75 which
1043 1800 62 75 fills
1122 1800 42 75 up
1181 1800 42 75 all

190 1849 55 75 the
273 1849 89 75 fpace
379 1849 107 75 where
508 1849 56 75 the
586 1849 84 75 bone
685 1849 27 75 is
733 1849 94 75 taken
856 1849 97 75 from,
978 1849 77 75 then
1070 1849 151 75 hardens,

188 1895 52 75 till
265 1895 25 75 it
307 1895 147 75 becomes
472 1895 33 75 as
521 1895 72 75 firm
617 1895 33 75 as
675 1895 62 75 any
753 1895 93 75 other
870 1895 74 75 part
970 1895 43 75 of
1038 1895 55 75 the
1124 1895 96 75 bone.

188 1941 87 75 This
302 1941 140 75 happens
475 1941 197 75 frequently,
697 1941 78 75 even
800 1941 93 75 when
916 1941 55 75 the
998 1941 77 75 ends
1108 1941 41 75 of
1166 1941 54 75 the

189 1987 141 75 difeafed
357 1987 82 75 bone
457 1987 52 75 are
535 1987 33 75 at
587 1987 21 75 a
630 1987 213 75 confiderable
866 1987 137 75 diftanee
1035 1987 85 75 from
1143 1987 78 75 each

191 2034 106 75 other.

235 2081 78 75 The
330 2081 181 75 induration
528 2081 41 75 of
580 2081 98 75 bones
692 2081 29 75 is
739 2081 64 75 alfo
819 2081 123 75 greatly
954 2081 18 75 a
974 2081 97 75 {lifted
1086 2081 45 75 by
1139 2081 84 75 their

190 2127 95 75 being
304 2127 152 75 expofed,
474 2127 183 75 more,than
675 2127 61 75 any
750 2127 94 75 other
861 2127 100 75 parts,
986 2127 35 75 to
1038 2127 54 75 the
1116 2127 106 75 ftrong

191 2173 137 75 preflure
345 2173 40 75 of
403 2173 56 75 the
475 2173 90 75 great
580 2173 135 75 weights
731 2173 78 75 they
820 2173 143 75 fupport,
980 2173 35 75 to
1031 2173 55 75 the
1102 2173 121 75 violent

168 2220 5 75 '
192 2220 197 75 contraftion
404 2220 41 75 of
455 2220 56 75 the
523 2220 137 75 -mufcles
676 2220 88 75 fixed
780 2220 36 75 to
827 2220 100 75 them,
941 2220 62 75 and
1014 2220 35 75 to
1066 2220 54 75 the
1133 2220 89 75 force

193 2267 41 75 of
251 2267 55 75 the
339 2267 86 75 parts
457 2267 78 75 they
561 2267 141 75 contain,
726 2267 107 75 which
863 2267 181 75 endeavour
1068 2267 36 75 to
1130 2267 93 75 make

169 2313 8 75 -
192 2313 74 75 way
282 2313 51 75 for
351 2313 84 75 their
451 2313 73 75 own
546 2313 126 75 further
688 2313 140 75 growth.
877 2313 53 75 By
946 2313 42 75 all
1014 2313 62 75 this
1093 2313 132 75 prefling

170 2358 125 75 'force,
320 2358 55 75 the
400 2358 82 75 folid
505 2358 95 75 fibres
628 2358 63 75 and
717 2358 110 75 veffels
853 2358 41 75 of
912 2358 99 75 bones
1042 2358 53 75 are
1104 2358 11 75 ^
1123 2358 73 75 thru
1200 2358 24 75 ft

195 2405 100 75 ciofer
309 2405 10 75 ;
345 2405 64 75 and
423 2405 76 75 fuch
521 2405 149 75 particles
688 2405 39 75 of
739 2405 55 75 the
810 2405 93 75 fluids
916 2405 162 75 coqveyed
1093 2405 32 75 in
1137 2405 87 75 thefe

194 2451 110 75 veffeis
321 2451 33 75 as
371 2451 53 75 are
446 2451 37 75 fit
505 2451 35 75 to
566 2451 40 75 be
630 2451 111 75 united
763 2451 35 75 to
822 2451 56 75 the
900 2451 108 75 fibres,
1033 2451 53 75 are
1113 2451 114 75 fooner

173 2498 5 75 •
195 2498 64 75 and
285 2498 89 75 more
390 2498 106 75 firmly
510 2498 223 75 incorporated
751 2498 79 75 with
848 2498 101 75 them,
974 2498 95 75 while
1096 2498 55 75 the
1175 2498 49 75 re-

196 2544 140 75 maining
363 2544 94 75 fluids
486 2544 52 75 are
566 2544 139 75 forcibly
720 2544 111 75 driven
854 2544 57 75 out
925 2544 47 75 by
992 2544 56 75 the
1064 2544 101 75 veins,
1190 2544 36 75 to

196 2591 40 75 be
253 2591 111 75 mixed
385 2591 79 75 with
481 2591 55 75 the
560 2591 80 75 mafs
667 2591 41 75 of
728 2591 112 75 blood.
888 2591 40 75 In
952 2591 214 75 confequence
1191 2591 40 75 of

197 2637 78 75 this,
297 2637 56 75 the
369 2637 110 75 veffels
497 2637 167 75 gradually
678 2637 143 75 diminifh
839 2637 34 75 as
896 2637 55 75 the
970 2637 96 75 bones
1091 2637 133 75 harden.

197 2682 99 75 From
312 2682 105 75 which
440 2682 91 75 again
547 2682 49 75 we
619 2682 57 75 can
698 2682 192 75 underftand
912 2682 61 75 one
1000 2682 120 75 reafon,
1149 2682 76 75 why

198 2731 55 75 the
269 2731 97 75 bones
382 2731 41 75 of
440 2731 107 75 young
563 2731 131 75 anipials
710 2731 113 75 fooner
838 2731 139 75 re-unite
994 2731 82 75 after
1096 2731 19 75 a
1141 2731 83 75 frac-

179 2776 5 75 "
198 2776 73 75 ture
294 2776 78 75 than
387 2776 91 75 thofe
495 2776 40 75 of
553 2776 54 75 old
620 2776 9 75 ;
657 2776 63 75 and
736 2776 74 75 why
826 2776 98 75 cattle
940 2776 70 75 that
1027 2776 53 75 are
1093 2776 59 75 put
1170 2776 56 75 too

197 2823 79 75 foon
303 2823 35 75 to
360 2823 81 75 hard
463 2823 124 75 labour,
613 2823 120 75 feldom
757 2823 53 75 are
826 2823 40 75 of
885 2823 76 75 fuch
986 2823 88 75 large
1102 2823 62 75 fize
1192 2823 33 75 as

200 2869 110 75 others
340 2869 41 75 of
411 2869 55 75 the
490 2869 84 75 fame
597 2869 113 75 brood,
723 2869 76 75 who
832 2869 52 75 are
906 2869 113 75 longer
1042 2869 76 75 kept
1141 2869 86 75 from

199 2914 124 75 labour.

247 2961 97 75 From
361 2961 54 75 the
432 2961 108 75 effefts
556 2961 41 75 of
606 2961 137 75 preffure
759 2961 77 75 only
850 2961 26 75 it
892 2961 39 75 is,
950 2961 70 75 that
1035 2961 49 75 we
1101 2961 57 75 can
1176 2961 52 75 ac-

198 3008 100 75 count
324 3008 52 75 for
396 3008 57 75 the
476 3008 102 75 bones
601 3008 40 75 of
661 3008 57 75 old
735 3008 126 75 "people
890 3008 120 75 having
1036 3008 85 75 their
1150 3008 78 75 fides

1251 154 37 75 T
1404 154 42 75 O
1563 154 48 75 M
1726 154 54 75 Y.

2135 154 101 75 Part
2261 154 37 75 I.

1259 219 97 75 much
1372 219 141 75 thinner,
1538 219 57 75 yet
1617 219 89 75 more
1721 219 94 75 denfe
1831 219 64 75 and
1909 219 95 75 folid,
2020 219 98 75 while
2133 219 57 75 the
2210 219 86 75 cavi-

1263 266 59 75 ties
1341 266 52 75 are
1410 266 95 75 much
1523 266 104 75 larger
1643 266 78 75 than
1737 266 32 75 in
1787 266 89 75 thofe
1892 266 41 75 of
1952 266 107 75 young
2074 266 134 75 people;
2236 266 64 75 and

1264 311 51 75 for
1342 311 56 75 the
1421 311 101 75 prints
1541 311 42 75 of
1600 311 147 75 mufcles,
1776 311 123 75 veffels,
1929 311 65 75 &c.
2020 311 94 75 being
2139 311 35 75 fo
2202 311 96 75 much

1265 358 88 75 more
1371 358 140 75 ftrongly
1527 358 130 75 marked
1674 358 42 75 on
1733 358 56 75 the
1805 358 138 75 furfaces
1960 358 39 75 of
2013 358 55 75 the
2085 358 120 75 former
2222 358 76 75 than

1266 405 39 75 of
1324 405 56 75 the
1396 405 107 75 latter,
1529 405 31 75 if
1572 405 77 75 they
1665 405 116 75 belong
1798 405 34 75 to
1849 405 112 75 people
1977 405 41 75 of
2040 405 76 75 near
2140 405 55 75 the
2215 405 84 75 fame

1266 452 163 75 condition
1456 452 33 75 in
1511 452 265 75 life.—Preffure
1799 452 83 75 muft
1903 452 139 75 likewife
2066 452 40 75 be
2122 452 56 75 the
2194 452 104 75 caufe,

1267 498 117 75 which,
1419 498 32 75 in
1483 498 114 75 people
1628 498 41 75 of
1687 498 95 75 equal
1815 498 86 75 ages,
1932 498 108 75 makes
2074 498 88 75 thefe
2197 498 101 75 prints

1267 544 142 75 ftronger
1424 544 32 75 in
1473 544 56 75 the
1547 544 98 75 bones
1666 544 40 75 of
1717 544 90 75 thofe
1824 544 75 75 who
1915 544 65 75 had
1996 544 94 75 much
2102 544 113 75 labour
2237 544 63 75 and

1267 591 151 75 exercife,
1443 591 77 75 than
1538 591 77 75 they
1632 591 53 75 are
1708 591 33 75 in
1765 591 113 75 people
1894 591 74 75 who
1983 591 82 75 have
2081 591 54 75 led
2152 591 38 75 an
2206 591 92 75 indo-

1266 636 66 75 lent
1349 636 143 75 unaftive
1508 636 68 75 life.

1315 684 129 75 Having
1476 684 75 75 thus
1579 684 183 75 confidered
1790 684 56 75 the
1870 684 99 75 bones
1997 684 93 75 when
2113 684 109 75 fingle,
2250 684 49 75 we

1267 729 76 75 fhall
1372 729 78 75 next
1482 729 84 75 {hew
1583 729 55 75 the
1665 729 150 75 different
1841 729 132 75 manner
1988 729 41 75 of
2046 729 84 75 their
2148 729 150 75 conjunc-

1267 776 96 75 tions.
1412 776 57 75 To
1494 776 129 75 exprefs
1648 776 99 75 thefe,
1768 776 181 75 anatomifts
1976 776 81 75 have
2085 776 169 75 contrived
2281 776 19 75 a

1266 821 89 75 great
1380 821 133 75 number
1529 821 40 75 of
1596 821 158 75 technical
1779 821 119 75 terms;
1925 821 98 75 about
2056 821 55 75 the
2138 821 159 75 meaning,

1266 869 176 75 propriety,
1461 869 62 75 and
1539 869 125 75 claffmg
1681 869 40 75 of
1731 869 120 75 which,
1863 869 92 75 there
1971 869 57 75 has
2044 869 81 75 been
2143 869 18 75 a
2176 869 124 75 variety

1268 914 39 75 of
1326 914 157 75 opinions.
1535 914 97 75 Some
1653 914 41 75 of
1704 914 91 75 thefe
1808 914 97 75 terms
1930 914 25 75 it
1980 914 27 75 is
2023 914 160 75 neceffary
2199 914 34 75 to
2250 914 49 75 re-

1268 961 76 75 tain,
1370 961 81 75 fince
1476 961 77 75 they
1569 961 87 75 ferve
1673 961 36 75 to
1725 961 129 75 exprefs
1875 961 56 75 the
1948 961 126 75 various
2098 961 200 75 circumftan-

1266 1008 51 75 ces
1334 1008 40 75 of
1386 1008 55 75 the
1457 1008 231 75 articulations,
1706 1008 62 75 and
1780 1008 34 75 to
1831 1008 191 75 underftand
2037 1008 56 75 the
2116 1008 124 75 writers
2255 1008 44 75 on

1264 1054 64 75 this
1345 1054 130 75 fubjeft.

1312 1101 77 75 The
1420 1101 333 75 Articulations
1783 1101 52 75 are
1867 1101 80 75 moft
1973 1101 183 75 commonly
2170 1101 130 75 divided

1266 1147 69 75 into
1351 1147 91 75 three
1458 1147 120 75 claffes,
1595 1147 70 75 viz.
1695 1147 185 75 fymphyfis,
1897 1147 220 75 fynarthrofis,
2137 1147 63 75 and
2215 1147 84 75 diar-

1266 1195 126 75 throfis.

1315 1241 185 75 Symphyfb,
1525 1241 106 75 which
1655 1241 153 75 properly
1824 1241 135 75 fignifies
1979 1241 56 75 the
2051 1241 185 75 concretion
2258 1241 40 75 or

1268 1286 144 75 growing
1429 1286 148 75 together
1595 1286 39 75 of
1646 1286 100 75 parts,
1772 1286 92 75 v?hen
1881 1286 77 75 ufed
1976 1286 34 75 to
2026 1286 129 75 exprefs
2176 1286 55 75 the
2247 1286 52 75 ar-

1268 1334 184 75 ticulations
1474 1334 41 75 of
1529 1334 111 75 bones,
1663 1334 78 75 does
1758 1334 57 75 not
1830 1334 84 75 feem
1930 1334 35 75 to
1984 1334 227 75 comprehend,
2240 1334 58 75 un-

1269 1380 58 75 der
1343 1380 56 75 the
1415 1380 147 75 meaning
1578 1380 163 75 generally
1757 1380 92 75 given
1865 1380 35 75 to
1916 1380 39 75 it,
1977 1380 61 75 any
2055 1380 93 75 thing
2163 1380 136 75 relating

1269 1426 35 75 to
1329 1426 55 75 the
1400 1426 84 75 form
1500 1426 38 75 or
1553 1426 122 75 motion
1692 1426 40 75 of
1754 1426 54 75 the
1825 1426 169 75 conjoined
2021 1426 97 75 bones
2132 1426 10 75 ;
2173 1426 59 75 but
2256 1426 44 75 by

1269 1472 26 75 it
1311 1472 79 75 moft
1408 1472 131 75 authors
1555 1472 77 75 only
1643 1472 118 75 denote
1777 1472 55 75 the
1848 1472 99 75 bones
1964 1472 35 75 to
2014 1472 39 75 be
2070 1472 172 75 connefted
2256 1472 46 75 by

1271 1519 84 75 fome
1372 1519 94 75 other
1482 1519 160 75 fubftance
1656 1519 9 75 ;
1694 1519 62 75 and
1773 1519 33 75 as
1823 1519 92 75 there
1932 1519 51 75 are
1995 1519 149 75 different
2160 1519 138 75 fubftan-

1269 1566 54 75 ces
1341 1566 104 75 which
1461 1566 88 75 ferve
1567 1566 63 75 this
1648 1566 146 75 purpofe,
1811 1566 161 75 therefore
1989 1566 78 75 they
2082 1566 106 75 divide
2211 1566 26 75 it
2253 1566 47 75 in-

1270 1612 35 75 to
1328 1612 55 75 the
1400 1612 90 75 three
1506 1612 168 75 following
1685 1612 141 75 fpecies:

1322 1658 29 75 1.
1379 1658 253 75 Synchondrojif,
1657 1658 94 75 when
1775 1658 18 75 a
1821 1658 151 75 cartilage
1991 1658 27 75 is
2042 1658 55 75 the
2114 1658 188 75 connefting

1270 1705 179 75 fubftance:
1465 1705 98 75 Thus
1581 1705 55 75 the
1653 1705 64 75 ribs
1734 1705 52 75 are
1799 1705 114 75 joined
1927 1705 35 75 to
1978 1705 56 75 the
2050 1705 155 75 fternum;
2224 1705 75 75 thus

1272 1751 54 75 the
1343 1751 110 75 bodies
1469 1751 40 75 of
1520 1751 56 75 the
1591 1751 153 75 vertebra;
1762 1751 52 75 are
1831 1751 172 75 connefted
2025 1751 36 75 to
2077 1751 78 75 each
2183 1751 115 75 other;

1273 1798 32 75 as
1323 1798 53 75 are
1392 1798 139 75 likewife
1548 1798 56 75 the
1620 1798 64 75 ofla
1699 1798 103 75 pubis.

1320 1846 33 75 2.
1379 1846 217 75 SynneuroJij,
1629 1846 39 75 or
1684 1846 217 75 fyjidefmofis,
1935 1846 93 75 when
2056 1846 167 75 ligaments
2247 1846 53 75 are

1269 1889 57 75 the
1343 1889 185 75 connefting
1544 1889 123 75 bodies,
1696 1889 33 75 as
1749 1889 78 75 they
1843 1889 54 75 are
1924 1889 32 75 in
1982 1889 43 75 all
2047 1889 56 75 the
2135 1889 166 75 moveable

1270 1936 230 75 articulations.

1321 1980 21 75 i
1342 2012 5 49 )
1347 1980 16 75 .
1389 1980 78 75 SyjJ'
1467 1980 115 75 arcofu,
1610 1980 94 75 when
1733 1980 131 75 mufcles
1891 1980 54 75 are
1968 1980 157 75 ftretched
2147 1980 85 75 from
2248 1980 61 75 one

1271 2027 82 75 bone
1370 2027 35 75 to
1421 2027 147 75 another,
1594 2027 33 75 as
1644 2027 78 75 they
1738 2027 79 75 muft
1834 2027 40 75 be
1890 2027 108 75 where
2013 2027 92 75 there
2121 2027 53 75 are
2191 2027 107 75 move-

1250 2073 10 75 "
1271 2073 71 75 able
1355 2073 115 75 joints.
1502 2073 5 75 '
1590 2055 18 49 x

1318 2121 76 75 The
1415 2121 121 75 frond
1566 2121 77 75 clafs
1667 2121 41 75 of
1735 2121 229 75 articulations,
1997 2121 56 75 the
2065 2121 233 75 fynarthrofti,

1272 2167 105 75 which
1393 2167 26 75 is
1436 2167 67 75 faid
1518 2167 35 75 to
1569 2167 40 75 be
1631 2167 56 75 the
1710 2167 127 75 general
1865 2167 82 75 term
1973 2167 44 75 by
2032 2167 106 75 which
2163 2167 54 75 the
2241 2167 58 75 im-

1273 2214 165 75 moveable
1462 2214 202 75 conjunftion
1686 2214 41 75 of
1746 2214 98 75 bones
1868 2214 27 75 is
1912 2214 176 75 expreffed,
2115 2214 27 75 is
2170 2214 130 75 divided

1272 2261 68 75 into
1356 2261 91 75 three
1463 2261 107 75 kinds.

1326 2307 29 75 1.
1379 2307 77 75 The
1470 2307 120 75 future
1611 2307 27 75 is
1658 2307 71 75 that
1756 2307 200 75 articulation
1980 2307 108 75 where
2115 2307 67 75 two
2201 2307 98 75 bones

1275 2353 52 75 are
1358 2353 157 75 mutually
1530 2353 153 75 indented
1704 2353 68 75 into
1798 2353 80 75 each
1906 2353 106 75 other,
2038 2353 37 75 or
2103 2353 32 75 as
2164 2353 31 75 if
2221 2353 80 75 they

1275 2400 83 75 were
1374 2400 104 75 fewed
1494 2400 160 75 together.
1701 2400 96 75 Thus
1819 2400 56 75 the
1894 2400 99 75 bones
2017 2400 40 75 of
2071 2400 55 75 the
2142 2400 84 75 head
2247 2400 53 75 are

1271 2445 123 75 joined'
1394 2445 13 75 ;
1433 2445 74 75 thus
1529 2445 165 75 epiphyfes
1719 2445 53 75 are
1796 2445 111 75 joined
1929 2445 35 75 to
1985 2445 55 75 the
2055 2445 111 75 bones,
2190 2445 111 75 before

1275 2491 83 75 their
1373 2491 61 75 full
1451 2491 183 75 conneftion
1652 2491 62 75 and
1729 2491 97 75 union
1843 2491 77 75 with
1938 2491 101 75 them.

1324 2540 33 75 2.
1383 2540 176 75 Gomphojis
1582 2540 26 75 is
1633 2540 56 75 the
1705 2540 101 75 fixing
1828 2540 61 75 one
1911 2540 84 75 bone
2010 2540 69 75 into
2095 2540 97 75 anoth
2201 2540 39 75 ;r,
2267 2540 33 75 as

1276 2585 19 75 a
1310 2585 64 75 nail
1390 2585 26 75 is
1433 2585 88 75 fixed
1536 2585 32 75 in
1586 2585 19 75 a
1619 2585 103 75 board
1735 2585 9 75 :
1770 2585 96 75 Thus
1882 2585 56 75 the
1954 2585 88 75 teeth
2060 2585 52 75 are
2128 2585 130 75 fecured
2268 2585 33 75 in

1274 2630 85 75 their
1374 2630 137 75 fockets.

1323 2677 38 75 3.
1382 2677 220 75 Sckindylefis,
1620 2677 38 75 or
1677 2677 187 75 ploughing,
1888 2677 94 75 when
2004 2677 18 75 a
2037 2677 69 75 thin
2122 2677 128 75 lamella
2265 2677 41 75 of

1275 2723 59 75 one
1350 2723 83 75 bone
1448 2723 27 75 is
1495 2723 144 75 received
1654 2723 69 75 into
1740 2723 18 75 a
1783 2723 77 75 long
1882 2723 125 75 narrow
2022 2723 122 75 furrow
2160 2723 40 75 of
2225 2723 77 75 ano-

1274 2769 74 75 ther
1358 2769 9 75 :
1392 2769 96 75 Thus
1515 2769 55 75 the
1586 2769 156 75 proceflus
1764 2769 120 75 azygos
1900 2769 40 75 of
1966 2769 56 75 the
2046 2769 165 75 fphenoid,
2241 2769 62 75 and

1275 2816 56 75 the
1346 2816 85 75 nafal
1447 2816 124 75 procefs
1591 2816 39 75 of
1649 2816 56 75 the
1721 2816 144 75 ethmoid
1887 2816 95 75 bone;
2014 2816 54 75 are
2091 2816 145 75 received
2258 2816 44 75 by

1274 2862 55 75 the
1344 2862 122 75 vomer.

1320 2910 78 75 The
1421 2910 95 75 third
1540 2910 102 75 clafs,.
1664 2910 38 75 or
1725 2910 199 75 diarthrojisj
1957 2910 27 75 is
2016 2910 56 75 the
2100 2910 201 75 articulation

1277 2956 107 75 where
1407 2956 56 75 the
1486 2956 98 75 bones
1613 2956 52 75 are
1689 2956 33 75 fo
1750 2956 121 75 loofely
1892 2956 171 75 connefted
2086 2956 33 75 as
2142 2956 35 75 to
2208 2956 95 75 allow

1277 3001 88 75 large
1394 3001 139 75 motion.
1580 3001 86 75 This
1687 3001 29 75 is
1740 3001 188 75 fubdivided
1947 3001 72 75 into
2042 3001 90 75 three
2155 3001 107 75 kinds.

2225 3044 76 75 The
