2381 3327
512 160 241 75 ALA

1095 160 103 75 (7

190 232 97 75 burns
302 232 36 75 to
355 232 20 75 a
389 232 73 75 pale
478 232 131 75 yellow.
656 232 78 75 The
751 232 111 75 colour
876 232 42 75 of
929 232 65 75 this
1010 232 119 75 fpecies
1146 232 27 75 is

190 278 19 75 a
230 278 84 75 clear
329 278 71 75 pale
416 278 117 75 yellow
550 278 188 75 refembling
754 278 121 75 amber,
901 278 63 75 and
991 278 184 75 variegated

190 325 79 75 with
285 325 177 75 undulated
477 325 111 75 veins;
614 325 85 75 fome
727 325 41 75 of
790 325 106 75 which
926 325 54 75 are
1003 325 71 75 pale
1102 325 70 75 red,

190 371 108 75 others
318 371 139 75 whitiih,
483 371 62 75 and
564 371 110 75 others
703 371 40 75 of
759 371 19 75 a
797 371 71 75 pale
884 371 126 75 brown.
1059 371 33 75 It
1107 371 65 75 was

190 416 155 75 formerly
365 416 142 75 brought
529 416 84 75 from
630 416 124 75 Egypt,
779 416 58 75 but
861 416 26 75 is
905 416 72 75 now
994 416 36 75 to
1051 416 40 75 be
1108 416 65 75 met

188 463 80 75 with
284 463 33 75 in
338 463 118 75 feveral
472 463 87 75 parts
578 463 39 75 of
628 463 163 75 England.
840 463 77 75 The
934 463 167 75 alabafters
1119 463 53 75 are

188 508 188 75 frequently
390 508 77 75 ufed
483 508 43 75 by
540 508 163 75 ftatuaries
728 508 52 75 for
804 508 90 75 fmall
918 508 128 75 ftatues,
1067 508 105 75 yafes,

191 556 62 75 and
269 556 158 75 columns.
476 556 99 75 After
591 556 96 75 being
710 556 144 75 calcined
880 556 63 75 and
967 556 111 75 mixed
1093 556 79 75 with

190 602 112 75 water,
326 602 79 75 they
427 602 74 75 may
524 602 40 75 be
588 602 61 75 caft
672 602 32 75 in
722 602 61 75 any
799 602 111 75 mould
924 602 66 75 like
1007 602 114 75 plafter
1136 602 41 75 of

195 650 104 75 Paris,

146 695 249 75 Alabaster,
420 695 33 75 in
478 695 174 75 antiquity,
682 695 19 75 a
725 695 82 75 term
822 695 58 75 not
896 695 77 75 only
988 695 77 75 ufed
1087 695 87 75 fora

191 743 69 75 box
283 743 40 75 of
335 743 145 75 precious
498 743 181 75 ointment;
710 743 59 75 but
785 743 65 75 alfo
867 743 51 75 for
934 743 19 75 a
967 743 104 75 liquid
1088 743 84 75 mea-

190 789 82 75 fure,
297 789 185 75 containing
498 789 54 75 ten
564 789 117 75 ounces
697 789 40 75 of
748 789 93 75 wine,
867 789 37 75 or
920 789 74 75 nine
1010 789 40 75 of
1067 789 57 75 oil.

142 835 309 75 ALABASTRA,
468 835 33 75 in
518 835 132 75 botany,
668 835 19 75 a
700 835 90 75 name
807 835 77 75 ufed
899 835 44 75 by
959 835 55 75 the
1031 835 141 75 ancients

191 881 51 75 for
257 881 56 75 the
330 881 86 75 calix
432 881 38 75 or
486 881 60 75 cup
563 881 40 75 of
614 881 140 75 flowers.

143 928 340 75 ALABASTRUM
500 928 185 75 dendroide,
712 928 18 75 a
751 928 80 75 kind
853 928 39 75 of
911 928 173 75 laminated
1108 928 64 75 ala-

191 975 113 75 bafter,
316 975 193 75 beautifully
521 975 185 75 variegated
716 975 80 75 with
809 975 55 75 the
876 975 115 75 figures
1004 975 41 75 of
1051 975 122 75 Ihrubs,

191 1021 96 75 trees,
313 1021 66 75 <bc.

144 1067 312 75 ALADINISTS,
491 1067 18 75 a
536 1067 62 75 feft
626 1067 116 75 among
766 1067 56 75 the
845 1067 241 75 Mahometans,
1119 1067 56 75 an-

191 1113 133 75 fwering
341 1113 36 75 to
395 1113 228 75 free-thinkers
640 1113 115 75 among
770 1113 50 75 us.

144 1160 272 75 ALADULIA,
441 1160 33 75 in
491 1160 197 75 geography,
713 1160 56 75 the
791 1160 80 75 moft
895 1160 133 75 eafterly
1043 1160 132 75 divifion

190 1206 40 75 of
249 1206 112 75 Lefler
385 1206 86 75 Afia,
497 1206 270 75 comprehending
783 1206 56 75 the
858 1206 124 75 ancient
1000 1206 171 75 Cappado-

191 1252 60 75 cia,
277 1252 63 75 and
356 1252 155 75 Armenia
528 1252 127 75 fylinor.

149 1300 221 75 ALAGON,
396 1300 19 75 a
435 1300 90 75 fmall
541 1300 87 75 town
645 1300 41 75 of
703 1300 110 75 Spain,
838 1300 32 75 in
899 1300 55 75 the
971 1300 153 75 kingdom
1142 1300 40 75 of

191 1345 163 75 Arragon,
380 1345 133 75 fituated
529 1345 76 75 near
622 1345 56 75 the
702 1345 129 75 conflux
844 1345 41 75 of
896 1345 55 75 the
968 1345 84 75 river
1068 1345 110 75 Xalon

191 1392 82 75 with
290 1392 56 75 the
362 1392 104 75 Ebro.

146 1439 160 75 ALAIS,
332 1439 19 75 a
366 1439 214 75 confiderable
592 1439 88 75 town
696 1439 40 75 of
747 1439 135 75 France,
906 1439 34 75 in
956 1439 56 75 the
1027 1439 151 75 province

193 1485 265 75 of'Languedoc,
484 1485 136 75 fituated
643 1485 42 75 on
713 1485 55 75 the
797 1485 83 75 river
898 1485 149 75 Garden,
1074 1485 32 75 at
1122 1485 57 75 the

195 1530 71 75 foot
284 1530 39 75 of
335 1530 56 75 the
416 1530 180 75 Cevennes.

146 1578 226 75 ALAISEE,
397 1578 33 75 in
446 1578 165 75 heraldry,
636 1578 56 75 the
708 1578 84 75 fame
810 1578 80 75 with
906 1578 161 75 humetty.
1118 1578 62 75 See

196 1624 219 75 Humetty.

149 1671 407 75 ALALCOMENIUS,
582 1671 30 75 in
641 1671 142 75 Grecian
805 1671 171 75 antiquity,
1002 1671 56 75 the
1081 1671 98 75 Boeo-

194 1715 66 75 tian
276 1715 91 75 name
380 1715 39 75 of
429 1715 56 75 the
497 1715 111 75 month
621 1715 114 75 called,
753 1715 43 75 by
812 1715 56 75 the
884 1715 194 75 Athenians,
1095 1715 85 75 Ma-

193 1762 197 75 maflerion.
443 1762 62 75 See
521 1762 329 75 Mjemacterion.

144 1809 240 75 ALAMIRE,
409 1809 38 75 or
467 1809 248 75 A-la-mi-re,
741 1809 117 75 among
875 1809 178 75 muficians,
1071 1809 19 75 a
1103 1809 78 75 note

194 1853 39 75 of
244 1853 55 75 the
318 1853 134 75 modern
470 1853 81 75 fcale
568 1853 41 75 of
620 1853 107 75 mufic.
778 1853 62 75 See
859 1853 141 75 Scale.

149 1901 381 75 ALAMODALITY,
556 1901 32 75 in
618 1901 18 75 a
661 1901 128 75 general
815 1901 97 75 fenfe,
938 1901 26 75 is
982 1901 56 75 the
1055 1901 125 75 accom-

194 1946 167 75 modating
378 1946 18 75 a
413 1946 140 75 perfon’s
570 1946 187 75 behaviour,
782 1946 101 75 drefs,
908 1946 62 75 and
997 1946 120 75 actions
1145 1946 35 75 to

194 1993 55 75 the
268 1993 178 75 prevailing
462 1993 79 75 tafle
561 1993 40 75 of
612 1993 56 75 the
689 1993 136 75 country
849 1993 38 75 or
914 1993 93 75 times
1024 1993 33 75 in
1073 1993 106 75 which

199 2039 42 75 he
262 2039 94 75 lives.

149 2086 263 75 ALAMODE,
437 2086 33 75 in
498 2086 189 75 commerce,
722 2086 19 75 a
767 2086 69 75 thin
865 2086 100 75 glofly
989 2086 95 75 black
1110 2086 68 75 filk,

198 2132 115 75 chiefly
339 2132 76 75 ufed
441 2132 52 75 for
516 2132 139 75 womens
680 2132 116 75 hoods,
821 2132 63 75 and
908 2132 88 75 mens
1013 2132 168 75 mourning

200 2178 111 75 fcarfs.

149 2225 150 75 ALAN,
317 2225 19 75 a
351 2225 89 75 fmall
458 2225 83 75 river
557 2225 40 75 of
610 2225 149 75 England
770 2225 32 75 in
814 2225 55 75 the
887 2225 119 75 county
1022 2225 41 75 of
1074 2225 106 75 Corn-

198 2270 86 75 wall,
309 2270 106 75 which
436 2270 74 75 falls
526 2270 68 75 into
610 2270 55 75 the
683 2270 116 75 Briftol
821 2270 147 75 channel.

151 2316 125 75 Alan,
301 2316 27 75 is
345 2316 63 75 alfo
425 2316 18 75 a
459 2316 88 75 fmall
564 2316 87 75 town
675 2316 38 75 of
725 2316 135 75 France,
885 2316 79 75 with
982 2316 18 75 a
1014 2316 79 75 very
1118 2316 63 75 fine

200 2361 108 75 caftle,
335 2361 134 75 fituated
486 2361 32 75 in
535 2361 56 75 the
611 2361 118 75 Caftern
746 2361 133 75 divifion
894 2361 40 75 of
945 2361 164 75 Gafcony.

155 2408 293 75 ALANA^eWtf,
475 2408 18 75 a
515 2408 91 75 name
621 2408 44 75 by
680 2408 106 75 which
804 2408 85 75 fome
904 2408 128 75 writers
1049 2408 60 75 call
1126 2408 56 75 the

201 2453 161 75 yellowifti
380 2453 120 75 tripoli.
552 2453 61 75 See
633 2453 192 75 Tripoli.

161 2500 190 75 ALAND,
376 2500 37 75 or
441 2500 180 75 Alandt,
647 2500 38 75 an
712 2500 97 75 ifland
836 2500 41 75 of
898 2500 56 75 the
982 2500 108 75 Baltic
1117 2500 64 75 fea,

199 2546 133 75 fituated
347 2546 144 75 betv/een
512 2546 55 75 18.
587 2546 63 75 and
662 2546 57 75 20.
741 2546 132 75 degrees
889 2546 40 75 of
939 2546 89 75 long,
1047 2546 62 75 and
1125 2546 55 75 be-

204 2592 104 75 tween
330 2592 54 75 59.
403 2592 62 75 and
482 2592 58 75 61.
559 2592 132 75 degrees
708 2592 40 75 of
762 2592 60 75 lat.

159 2638 287 75 ALANGUER,
484 2638 37 75 or
551 2638 227 75 Alenguer,
805 2638 19 75 a
844 2638 86 75 town
955 2638 41 75 of
1015 2638 167 75 Portugal,

202 2684 31 75 in
245 2684 56 75 the
314 2684 148 75 province
474 2684 40 75 of
520 2684 237 75 Edremadura,
768 2684 63 75 and
841 2684 98 75 about
952 2684 92 75 feven
1056 2684 126 75 leagues

203 2731 84 75 from
306 2731 134 75 Lilbon.

160 2776 365 75 ALANORARIUS,
550 2776 32 75 in
602 2776 59 75 our
678 2776 55 75 old
745 2776 146 75 cufioms,
908 2776 65 75 was
990 2776 18 75 a
1023 2776 116 75 keeper
1150 2776 40 75 of

202 2822 145 75 fpaniels,
371 2822 225 75 fetting-dogs,
622 2822 64 75 <bc.
712 2822 51 75 for
786 2822 55 75 the
859 2822 53 75 ufe
930 2822 40 75 of
996 2822 186 75 fportfmen.

200 2868 77 75 The
293 2868 93 75 word
400 2868 27 75 is
443 2868 131 75 derived
591 2868 85 75 from
692 2868 92 75 alati,
813 2868 19 75 a
856 2868 110 75 gothic
987 2868 83 75 term
1094 2868 51 75 for
1165 2868 21 75 a

200 2915 211 75 grey-hound.

160 2962 65 75 AL
231 2962 131 75 ANTE
365 2962 68 75 JO,
457 2962 33 75 in
513 2962 195 75 geography.
759 2962 62 75 See
843 2962 56 75 the
924 2962 110 75 article
1058 2962 127 75 Alen-

210 3005 107 75 tejo.

1214 163 15 75 *
1285 163 20 75 )

1641 163 263 75 ALA

1221 231 262 75 ALAPOULI,
1509 231 33 75 in
1557 231 132 75 botany,
1716 231 40 75 an
1780 231 141 75 obfolete
1938 231 92 75 name
2045 231 40 75 of
2096 231 20 75 a
2130 231 118 75 fpecies

1269 277 39 75 of
1319 277 57 75 the
1393 277 168 75 averrhoa.
1613 277 61 75 See
1691 277 232 75 Averrhoa.

1221 324 285 75 ALAQUECA,
1532 324 18 75 a
1577 324 87 75 done
1687 324 141 75 brought
1844 324 85 75 from
1945 324 56 75 the
2025 324 44 75 E.
2090 324 108 75 Indies
2215 324 33 75 in

1268 369 88 75 fmall
1373 369 101 75 glofiy
1489 369 189 75 fragments,
1702 369 67 75 faid
1793 369 34 75 to
1855 369 67 75 dop
1949 369 234 75 haemorrhages
2207 369 43 75 By

1269 416 146 75 external
1440 416 205 75 application.

1221 463 209 75 ALARAF,
1456 463 116 75 among
1588 463 241 75 Mahometans,
1853 463 132 75 denotes
2009 463 56 75 the
2082 463 167 75 partition-

1269 509 75 75 wall
1360 509 106 75 which
1483 509 157 75 feparates
1656 509 122 75 heaven
1795 509 83 75 from
1895 509 78 75 hell.

1221 557 237 75 ALARBES,
1484 557 37 75 or
1538 557 220 75 Alarabes,
1785 557 18 75 a
1819 557 90 75 name
1926 557 92 75 given
2043 557 35 75 to
2094 557 89 75 thofe
2201 557 47 75 A-

1269 602 123 75 rabians
1417 602 74 75 who
1519 602 63 75 live
1606 602 32 75 in
1663 602 98 75 tents,
1787 602 63 75 and
1865 602 180 75 didinguilh
2061 602 189 75 themfelves

1269 648 42 75 by
1328 648 85 75 their
1429 648 86 75 drefs
1539 648 83 75 from
1639 648 56 75 the
1719 648 109 75 others
1846 648 74 75 who
1937 648 63 75 live
2015 648 32 75 in
2063 648 117 75 towns.

1221 696 206 75 ALARES,
1451 696 32 75 in
1500 696 127 75 Roman
1644 696 173 75 antiquity,
1836 696 39 75 an
1896 696 121 75 epithet
2037 696 93 75 given
2143 696 36 75 to
2195 696 55 75 the

1268 741 141 75 cavalry,
1435 741 41 75 on
1500 741 134 75 account
1658 741 40 75 of
1718 741 83 75 their
1817 741 95 75 being
1929 741 112 75 placed
2055 741 34 75 in
2112 741 55 75 the
2185 741 66 75 two

1269 787 100 75 wings
1387 787 40 75 of
1439 787 54 75 the
1513 787 102 75 army.

1220 835 192 75 ALARES
1430 835 148 75 mufeuli.
1629 835 60 75 See
1706 835 330 75 Pterygoideus.

1221 880 190 75 ALARM,
1436 880 32 75 in
1485 880 55 75 the
1555 880 143 75 military
1714 880 62 75 art,
1794 880 132 75 denotes
1946 880 104 75 either
2066 880 56 75 the
2139 880 111 75 appre-

1268 926 127 75 henfion
1411 926 40 75 of
1461 926 95 75 being
1568 926 154 75 fuddenly
1733 926 161 75 attacked,
1911 926 37 75 or
1960 926 55 75 the
2027 926 105 75 notice
2143 926 110 75 there-

1270 973 46 75 of,
1339 973 140 75 fignified
1493 973 45 75 by
1553 973 94 75 firing
1663 973 18 75 a
1697 973 135 75 cannon,
1857 973 144 75 firelock,
2026 973 38 75 or
2080 973 56 75 the
2155 973 79 75 like.

1318 1019 90 75 Falfe
1428 1019 114 75 alarms
1571 1019 53 75 are
1648 1019 186 75 frequently
1848 1019 92 75 made
1956 1019 54 75 ufe
2026 1019 40 75 of
2077 1019 35 75 to
2127 1019 125 75 harrafs

1272 1066 55 75 the
1343 1066 126 75 enemy,
1494 1066 45 75 by
1565 1066 136 75 keeping
1724 1066 89 75 them
1837 1066 176 75 condarttly
2031 1066 99 75 under
2154 1066 97 75 arms.

1273 1112 189 75 Sometimes
1480 1112 66 75 alfo
1564 1112 65 75 this
1646 1112 132 75 method
1798 1112 27 75 is
1848 1112 95 75 taken
1967 1112 35 75 to
2026 1112 54 75 try
2099 1112 55 75 the
2170 1112 82 75 vigi-

1272 1158 89 75 lance
1377 1158 40 75 of
1432 1158 311 75 the/piquet-guard,
1769 1158 64 75 and
1846 1158 89 75 what
1950 1158 103 75 might
2069 1158 39 75 be
2124 1158 128 75 expect-

1272 1204 40 75 ed
1327 1204 85 75 from
1429 1204 88 75 them
1533 1204 33 75 in
1583 1204 67 75 cafe
1667 1204 40 75 of
1718 1204 65 75 real
1799 1204 131 75 danger.

1223 1250 235 75 Alarm-W/,
1482 1250 72 75 that
1577 1250 82 75 rung
1674 1250 84 75 upon
1775 1250 63 75 any
1853 1250 120 75 hidden
1990 1250 200 75 emergency,
2216 1250 36 75 as

1273 1297 17 75 a
1306 1297 67 75 fire,
1399 1297 137 75 mutiny,
1562 1297 37 75 or
1618 1297 55 75 the
1688 1297 76 75 like.

1226 1343 235 75 Alarm-/>3/?,
1486 1343 37 75 or
1541 1343 261 75 Alarm-^Lci?,
1828 1343 56 75 the
1901 1343 125 75 ground
2043 1343 52 75 for
2110 1343 144 75 drawing

1272 1389 42 75 up
1330 1389 77 75 each
1424 1389 157 75 regiment
1597 1389 33 75 in
1647 1389 67 75 cafe
1731 1389 41 75 of
1782 1389 39 75 an
1838 1389 111 75 alarm.
1997 1389 86 75 This
2103 1389 26 75 is
2142 1389 109 75 other-

1274 1436 73 75 wife
1364 1436 104 75 called
1484 1436 52 75 the
1552 1436 210 75 rendezvous.

1227 1483 157 75 Alarm,
1409 1483 32 75 in
1462 1483 139 75 fencing,
1625 1483 28 75 is
1669 1483 56 75 the
1742 1483 83 75 fame
1841 1483 80 75 with
1938 1483 88 75 what
2041 1483 27 75 is
2085 1483 169 75 otherwife

1275 1533 103 75 called
1396 1533 36 75 an
1450 1533 104 75 appeh
1579 1533 225 75 orchallenge.
1855 1533 61 75 See
1929 1533 253 75 Challenge.

1229 1576 329 75 ALATAMAHA,
1587 1576 18 75 a
1616 1576 87 75 large
1723 1576 84 75 river
1823 1576 41 75 of
1880 1576 47 75 N.
1951 1576 164 75 America,
2133 1576 119 75 which,

1276 1621 92 75 rifing
1394 1621 34 75 in
1455 1621 56 75 the
1537 1621 199 75 Apalachian
1763 1621 192 75 mountains,
1980 1621 75 75 runs
2082 1621 174 75 fouth-ead

1278 1667 140 75 through
1445 1667 55 75 the
1525 1667 148 75 province
1701 1667 40 75 of
1763 1667 157 75 Georgia,
1946 1667 62 75 and
2024 1667 73 75 falls
2114 1667 68 75 into
2199 1667 57 75 the

1277 1714 145 75 Atlantic
1438 1714 111 75 ocean,
1579 1714 104 75 below
1698 1714 56 75 the
1771 1714 86 75 town
1874 1714 40 75 of
1928 1714 184 75 Irederica.

1231 1761 204 75 ALATED
1453 1761 155 75 annuals,
1633 1761 75 75 fuch
1726 1761 32 75 as
1776 1761 53 75 are
1846 1761 160 75 furniflied
2023 1761 77 75 with
2117 1761 113 75 wings.

1230 1807 163 75 Abated
1412 1807 119 75 leaves,
1556 1807 32 75 in
1604 1807 133 75 botany,
1762 1807 75 75 fuch
1855 1807 32 75 as
1905 1807 52 75 are
1975 1807 170 75 compofed
2156 1807 40 75 of
2206 1807 48 75 fe-

1276 1851 85 75 veral
1379 1851 150 75 pinnated
1546 1851 89 75 ones.
1685 1851 62 75 See
1763 1851 220 75 Pinnated.

1229 1898 398 75 ALATERNOIDES,
1645 1898 32 75 in
1695 1898 132 75 botany,
1846 1898 18 75 a
1875 1898 162 75 fynonime
2053 1898 40 75 of
2104 1898 18 75 a
2138 1898 117 75 fpecies

1276 1943 40 75 of
1326 1943 54 75 the
1397 1943 135 75 myrica.
1583 1943 61 75 See
1661 1943 179 75 Myrica.

1228 1990 312 75 ALATERNUS,
1566 1990 31 75 in
1609 1990 133 75 botany,
1759 1990 55 75 the
1826 1990 105 75 trivial
1947 1990 91 75 name
2054 1990 40 75 of
2104 1990 18 75 a
2137 1990 119 75 fpecies

1277 2036 39 75 of
1327 2036 54 75 the
1399 2036 161 75 rhamnus.
1610 2036 62 75 See
1694 2036 209 75 Rhamnus.

1229 2082 200 75 AJ-ATRI,
1442 2082 37 75 or
1492 2082 181 75 Alatro,
1687 2082 19 75 a
1718 2082 88 75 town
1818 2082 40 75 of
1865 2082 86 75 Italy
1962 2082 31 75 in
2006 2082 55 75 the
2072 2082 188 75 Campagna

1277 2129 32 75 di
1326 2129 27 75 R
1361 2129 85 75 oma,
1471 2129 135 75 fituated
1622 2129 76 75 near
1714 2129 54 75 the
1784 2129 151 75 frontiers
1952 2129 40 75 of
2003 2129 134 75 Naples.

1229 2176 183 75 ALAVA,
1445 2176 37 75 or
1506 2176 177 75 Alabro,
1710 2176 39 75 in
1772 2176 197 75 geography,
2000 2176 19 75 a
2045 2176 154 75 territory
2222 2176 42 75 of

1279 2221 109 75 Spain,
1413 2221 95 75 being
1525 2221 54 75 the
1598 2221 174 75 fouth-ead
1788 2221 131 75 divifion
1935 2221 39 75 of
1985 2221 57 75 the
2058 2221 149 75 province
2223 2221 42 75 of

1276 2267 127 75 Bifcay.

1230 2313 221 75 ALAUDA,
1476 2313 38 75 or
1530 2313 125 75 Lark,
1681 2313 32 75 in
1731 2313 220 75 ornithology,
1977 2313 18 75 a
2011 2313 101 75 genus
2122 2313 41 75 of
2169 2313 88 75 birds

1277 2359 38 75 of
1327 2359 55 75 the
1399 2359 95 75 order
1509 2359 40 75 of
1561 2359 130 75 palferes
1703 2359 11 75 ;
1740 2359 56 75 the
1823 2359 176 75 characters
2023 2359 39 75 of
2081 2359 105 75 which
2203 2359 54 75 are

1277 2406 88 75 thefe
1377 2406 9 75 :
1412 2406 77 75 The
1506 2406 82 75 beak
1603 2406 28 75 is
1649 2406 200 75 cylindrical,
1865 2406 178 75 fubulated,
2060 2406 109 75 flrait;
2196 2406 63 75 and

1278 2453 55 75 the
1360 2453 67 75 two
1449 2453 175 75 mandibles
1640 2453 38 75 or
1694 2453 99 75 chaps
1811 2453 53 75 are
1889 2453 40 75 of
1948 2453 94 75 equal
2058 2453 76 75 fize.
2181 2453 78 75 The

1279 2499 120 75 tongue
1415 2499 26 75 is
1466 2499 89 75 bifid,
1582 2499 63 75 and
1671 2499 55 75 the
1751 2499 113 75 hinder
1890 2499 80 75 claw
1985 2499 26 75 is
2028 2499 143 75 draigbt,
2196 2499 63 75 and

1279 2544 111 75 longer
1401 2544 77 75 than
1495 2544 55 75 the
1569 2544 66 75 toe.
1679 2544 112 75 There
1807 2544 54 75 are
1876 2544 74 75 nine
1966 2544 117 75 fpecies
2100 2544 39 75 of
2150 2544 55 75 the
2223 2544 34 75 a-

1279 2590 107 75 lauda.
1454 2590 31 75 1.
1522 2590 296 75 Alauda-arvenfis,
1853 2590 39 75 or
1924 2590 145 75 common
2100 2590 156 75 jfey-lark,

1281 2636 105 75 which
1406 2636 74 75 rifes
1497 2636 32 75 in
1545 2636 56 75 the
1618 2636 46 75 air
1680 2636 111 75 almod
1805 2636 287 75 perpendicularly,
2118 2636 63 75 and
2203 2636 54 75 be-

1281 2683 68 75 gins
1375 2683 34 75 to
1437 2683 64 75 fing
1524 2683 89 75 early
1629 2683 32 75 in
1677 2683 55 75 the
1748 2683 117 75 fpring,
1890 2683 63 75 and
1976 2683 163 75 generally
2153 2683 107 75 leaves

1281 2728 51 75 off
1343 2728 95 75 about
1455 2728 215 75 midfummer.
1718 2728 63 75 See
1797 2728 92 75 Plate
1901 2728 66 75 III.
1990 2728 56 75 fig.
2061 2728 33 75 2.
2144 2728 34 75 2.
2210 2728 63 75 A-.

1281 2775 272 75 lauda-pratenfis,
1578 2775 38 75 or
1638 2775 139 75 tit-lark,
1802 2775 57 75 has
1879 2775 56 75 the
1948 2775 65 75 two
2030 2775 145 75 outward
2190 2775 67 75 fea-

1282 2823 89 75 thers
1386 2823 40 75 of
1448 2823 56 75 the
1522 2823 86 75 wing
1635 2823 103 75 edged
1762 2823 78 75 with
1869 2823 111 75 white,
2006 2823 62 75 and
2089 2823 168 75 frequents

1281 2869 54 75 the
1363 2869 172 75 meadows.
1586 2869 32 75 3.
1644 2869 75 75 The
1747 2869 144 75 arborea,
1916 2869 37 75 or
1980 2869 192 75 wood-lark,
2196 2869 26 75 is
2240 2869 19 75 a

1280 2914 105 75 native
1401 2914 40 75 of
1450 2914 143 75 Europe,
1619 2914 61 75 and
1703 2914 27 75 is
1758 2914 222 75 didinguilhed
2002 2914 44 75 by
2066 2914 37 75 an
2127 2914 131 75 annular

1281 2961 99 75 white
1397 2961 78 75 fillet
1492 2961 97 75 about
1607 2961 54 75 the
1681 2961 94 75 head.
1826 2961 34 75 4.
1884 2961 77 75 The
1983 2961 191 75 campedris,
2199 2961 58 75 has

1283 3008 60 75 one
1368 3008 73 75 half
1456 3008 41 75 of
1517 3008 43 75 its
1586 3008 91 75 chief
1695 3008 141 75 feathers
1863 3008 40 75 of
1921 3008 54 75 the
1999 3008 99 75 wings
2132 3008 123 75 brown,
2141 3047 113 75 except
