2517 3387
596 151 229 75 BOR

1153 151 17 75 (
1232 151 78 75 623
1374 151 17 75 )

1722 151 234 75 BOR

266 220 133 75 folfKoe.
448 220 122 75 Boreas
590 220 27 75 is
635 220 202 75 reprefented
853 220 31 75 in
903 220 142 75 painting
1061 220 63 75 like
1143 220 38 75 an
1199 220 56 75 old

265 268 79 75 ma»
355 268 76 75 with
456 268 19 75 a
501 268 144 75 horrible
667 268 89 75 look,
781 268 50 75 his
860 268 70 75 hair
946 268 63 75 and
1025 268 99 75 beard
1140 268 110 75 cover-

266 314 40 75 ed
323 314 80 75 with
420 314 86 75 fnow
518 314 41 75 dr
575 314 80 75 hoar
671 314 90 75 froll,
786 314 80 75 with
892 314 55 75 the
970 314 68 75 feet
1061 314 60 75 and
1139 314 56 75 tail
1216 314 40 75 of

266 360 17 75 a
299 360 136 75 ferpent.

218 407 264 75 BOREASMI,
508 407 32 75 in
558 407 142 75 Grecian
718 407 173 75 antiquity,
917 407 19 75 a
958 407 123 75 feftival
1106 407 77 75 kept
1209 407 42 75 by

265 452 54 75 the
337 452 179 75 Athenians
533 452 32 75 in
581 452 125 75 honour
723 452 39 75 of
775 452 133 75 Boreas.

217 499 209 75 BOREEL,
452 499 19 75 a
493 499 76 75 cape
591 499 41 75 on
655 499 54 75 the
732 499 94 75 north
852 499 71 75 part
945 499 40 75 of
1004 499 84 75 New
1114 499 134 75 Zeland,

265 544 31 75 in
314 544 55 75 the
387 544 105 75 South
516 544 75 75 Sea,
618 544 88 75 lying
722 544 74 75 well
820 544 43 75 by
879 544 92 75 fouth
988 544 85 75 from
1091 544 55 75 the
1170 544 80 75 mod

265 590 164 75 foutherly
445 590 71 75 part
532 590 40 75 of
593 590 103 75 South
714 590 161 75 America.

218 638 182 75 BORGO,
427 638 19 75 a
462 638 88 75 town
574 638 41 75 of
633 638 148 75 Finland,
806 638 32 75 in
864 638 55 75 the
944 638 149 75 province
1118 638 39 75 of
1178 638 71 75 Ny-

264 683 86 75 land,
376 683 85 75 upon
477 683 55 75 the
550 683 152 75 northern
719 683 82 75 coal!
813 683 40 75 of
864 683 55 75 the
932 683 97 75 gulph
1046 683 40 75 of
1098 683 150 75 Finland.

219 730 136 75 Borgo
382 730 40 75 di
451 730 127 75 Sesia,
604 730 19 75 a
646 730 86 75 town
756 730 40 75 of
813 730 98 75 Italy,
935 730 32 75 in
993 730 56 75 the
1074 730 123 75 dutchy
1214 730 41 75 of

267 776 117 75 Milan,
409 776 131 75 burned
558 776 84 75 upon
658 776 56 75 the
727 776 97 75 Sefia.

219 823 137 75 Borqo
375 823 46 75 de
443 823 50 75 St
513 823 246 75 Sepulchro,
785 823 18 75 a
819 823 87 75 town
919 823 39 75 of
968 823 166 75 Tufcany,
1152 823 99 75 about

266 867 74 75 fifty
356 867 89 75 miles
462 867 63 75 eaft
543 867 39 75 of
603 867 166 75 Florence,
796 867 74 75 near
887 867 54 75 the
958 867 83 75 head
1057 867 39 75 of
1116 867 54 75 the
1187 867 62 75 Ti-

266 913 75 75 ber;
369 913 42 75 E.
430 913 88 75 long.
541 913 38 75 13
579 895 25 49 0
604 913 16 75 ,
646 913 62 75 and
724 913 48 75 N.
789 913 47 75 lat
868 913 42 75 43
910 895 19 49 0
950 913 67 75 30'.

219 960 141 75 Borgo
389 960 46 75 de
464 960 83 75 Val
577 960 46 75 de
650 960 120 75 Faro,
797 960 18 75 a
839 960 86 75 town
954 960 39 75 of
1013 960 98 75 Italy,
1136 960 31 75 in
1195 960 53 75 the

267 1006 122 75 dutchy
404 1006 41 75 of
463 1006 130 75 Parma,
619 1006 100 75 about
743 1006 123 75 twenty
891 1006 91 75 miles
1005 1006 186 75 fouth-wefl
1214 1006 41 75 of

215 1053 4 75 •
265 1053 72 75 that
353 1053 88 75 city,
468 1053 43 75 E.
530 1053 90 75 long.
643 1053 62 75 io°
727 1053 67 75 36',
820 1053 61 75 and
898 1053 46 75 N.
963 1053 58 75 lat.
1041 1053 44 75 44
1085 1035 22 49 0
1129 1053 67 75 35'.

221 1098 308 75 Borgo-Forte,
554 1098 19 75 a
589 1098 86 75 town
698 1098 40 75 of
756 1098 57 75 the
835 1098 172 75 Mantuan,
1032 1098 32 75 in
1090 1098 98 75 Italy,
1214 1098 38 75 fi-

266 1145 111 75 tuated
393 1145 32 75 at
441 1145 56 75 the
514 1145 181 75 confluence
714 1145 40 75 of
773 1145 54 75 the
845 1145 98 75 rivers
960 1145 49 75 Po
1035 1145 61 75 and
1114 1145 136 75 Menzo,

265 1190 96 75 about
370 1190 89 75 eight
468 1190 90 75 miles
567 1190 93 75 fouth
673 1190 38 75 of
718 1190 137 75 Mantua
867 1190 9 75 ;
896 1190 43 75 E.
950 1190 88 75 long.
1055 1190 35 75 11
1103 1172 14 49 0
1132 1190 47 75 N.
1190 1190 59 75 lat.

271 1239 44 75 44
315 1221 23 49 0
360 1239 65 75 jo'.

219 1285 139 75 Borgo
378 1285 50 75 St
448 1285 207 75 Domingo,
680 1285 18 75 a
722 1285 67 75 city
811 1285 40 75 of
870 1285 98 75 Italy,
993 1285 31 75 in
1049 1285 55 75 the
1128 1285 124 75 dutchy

265 1330 39 75 of
321 1330 128 75 Parma,
476 1330 97 75 about
597 1330 54 75 ten
673 1330 90 75 miles
789 1330 187 75 north-weft
1000 1330 40 75 of
1065 1330 70 75 that
1159 1330 88 75 city;

264 1376 144 75 E.long,
436 1376 39 75 to
475 1358 21 49 0
518 1376 67 75 31',
610 1376 47 75 N.
672 1376 58 75 lat.
750 1376 44 75 44
794 1358 23 49 0
840 1376 65 75 jo'.

217 1422 164 75 BORIA,
407 1422 19 75 a
441 1422 66 75 city
531 1422 212 75 ofArragon,
770 1422 30 75 in
819 1422 112 75 Spain,
956 1422 97 75 about
1070 1422 180 75 thirty-five

265 1468 90 75 miles
372 1468 187 75 north-weft
576 1468 39 75 of
637 1468 188 75 Saragoffa;
851 1468 61 75 W.
931 1468 89 75 long.
1040 1468 18 75 2
1058 1450 25 49 0
1083 1468 15 75 ,
1124 1468 61 75 and
1202 1468 48 75 N.

266 1511 57 75 lat.
342 1511 40 75 41
394 1493 16 49 0
430 1511 80 75 40V

219 1561 200 75 BORING,
445 1561 31 75 in
494 1561 18 75 a
528 1561 127 75 general
672 1561 97 75 fenfe,
795 1561 56 75 the
868 1561 49 75 art
929 1561 40 75 of
987 1561 208 75 perforating,
1212 1561 37 75 or

264 1607 128 75 making
409 1607 18 75 a
443 1607 76 75 hole
536 1607 139 75 through
693 1607 61 75 any
772 1607 80 75 folid
868 1607 117 75 body..

218 1653 158 75 Boring
403 1653 43 75 of
463 1653 223 75 water-pipes.
734 1653 77 75 The
834 1653 133 75 method
989 1653 39 75 of
1047 1653 114 75 boring
1183 1653 65 75 wa-

265 1699 152 75 ter-pipes
434 1699 26 75 is
478 1699 33 75 as
529 1699 140 75 follows.
717 1699 76 75 The
810 1699 87 75 poles
914 1699 40 75 of
973 1699 101 75 alder,
1101 1699 105 75 which
1222 1699 27 75 is

265 1744 19 75 a
295 1744 77 75 very
388 1744 101 75 ufeful
505 1744 96 75 wood
617 1744 33 75 in
666 1744 128 75 making
807 1744 123 75 pumps,
949 1744 217 75 water-pipes,
1185 1744 64 75 &c.

265 1790 94 75 being
375 1790 65 75 laid
465 1790 40 75 on
530 1790 109 75 horfes
668 1790 37 75 or
729 1790 119 75 treflels
873 1790 40 75 of
931 1790 19 75 a
975 1790 70 75 foot
1066 1790 124 75 height,
1215 1790 36 75 to

266 1838 59 75 reft
342 1838 55 75 the
414 1838 95 75 auger
526 1838 84 75 upon
627 1838 95 75 while
738 1838 77 75 they
828 1838 53 75 are
899 1838 126 75 boring,
1050 1838 77 75 they
1143 1838 46 75 fet
1205 1838 43 75 up

264 1883 19 75 a
299 1883 67 75 lath
384 1883 34 75 to
435 1883 72 75 turn
526 1883 56 75 the
603 1883 77 75 leaft
704 1883 63 75 end
790 1883 41 75 of
849 1883 55 75 the
929 1883 102 75 poles,
1056 1883 36 75 to
1108 1883 36 75 lit
1159 1883 90 75 them

264 1930 34 75 to
314 1930 55 75 the
385 1930 131 75 cavities
532 1930 41 75 of
592 1930 56 75 the
663 1930 91 75 great
769 1930 62 75 end
846 1930 42 75 of
908 1930 55 75 the
979 1930 121 75 others.
1148 1930 101 75 They

263 1976 73 75 turn
352 1976 55 75 the
424 1976 88 75 fmall
524 1976 78 75 ends
620 1976 40 75 of
672 1976 55 75 the
738 1976 88 75 poles
844 1976 97 75 about
953 1976 61 75 five
1030 1976 37 75 or
1079 1976 47 75 fix
1139 1976 108 75 inches

262 2023 32 75 in
312 2023 123 75 length,
460 2023 35 75 to
512 2023 55 75 the
584 2023 62 75 fize
668 2023 78 75 they
760 2023 113 75 intend
897 2023 35 75 to
955 2023 79 75 bore
1057 2023 55 75 the
1137 2023 111 75 bigger

263 2068 77 75 ends
364 2068 98 75 about
488 2068 56 75 the
570 2068 83 75 fame
678 2068 113 75 depth,
815 2068 71 75 viz.
911 2068 60 75 five
994 2068 39 75 or
1056 2068 46 75 fix
1123 2068 122 75 inches.

262 2112 85 75 This
364 2112 26 75 is
406 2112 149 75 defigned
570 2112 35 75 to
623 2112 91 75 make
731 2112 18 75 a
769 2112 84 75 joint
879 2112 34 75 to
936 2112 69 75 (hut
1028 2112 77 75 each
1129 2112 68 75 pair
1212 2112 41 75 of

263 2158 88 75 poles
369 2158 159 75 together,
545 2158 55 75 the
616 2158 137 75 concave
769 2158 73 75 part
852 2158 96 75 being
959 2158 54 75 the
1030 2158 115 75 female
1162 2158 84 75 part,

264 2203 62 75 and
342 2203 55 75 the
409 2203 92 75 other
516 2203 70 75 part
611 2203 57 75 the
684 2203 82 75 male
782 2203 40 75 of
840 2203 55 75 the
915 2203 98 75 joint.
1061 2203 38 75 In
1117 2203 129 75 turning

264 2250 56 75 the
336 2250 82 75 male
435 2250 85 75 part,
543 2250 79 75 they
637 2250 74 75 turn
736 2250 19 75 a
778 2250 133 75 channel
934 2250 31 75 in
990 2250 38 75 it,
1053 2250 38 75 or
1115 2250 18 75 a
1154 2250 89 75 fmall

264 2296 119 75 groove
400 2296 33 75 at
449 2296 18 75 a
483 2296 118 75 certain
617 2296 137 75 diftance
776 2296 84 75 from
876 2296 57 75 the
953 2296 82 75 end;
1063 2296 62 75 and
1140 2296 32 75 in
1189 2296 56 75 the

263 2343 116 75 female
398 2343 82 75 part,
507 2343 77 75 they
599 2343 78 75 bore
701 2343 19 75 a
746 2343 90 75 fmall
860 2343 74 75 hole
956 2343 35 75 to
1019 2343 36 75 fit
1079 2343 77 75 over
1180 2343 63 75 this

264 2389 145 75 channel.
473 2389 84 75 This
585 2389 95 75 being
711 2389 95 75 done,
848 2389 78 75 they
958 2389 78 75 bore
1068 2389 56 75 the
1155 2389 89 75 poles

263 2435 162 75 through;
452 2435 61 75 and
531 2435 36 75 to
583 2435 132 75 prevent
731 2435 88 75 them
836 2435 84 75 from
935 2435 115 75 boring
1067 2435 57 75 out
1140 2435 32 75 at
1189 2435 55 75 the

263 2482 75 75 fide,
364 2482 79 75 they
458 2482 78 75 flick
552 2482 89 75 great
658 2482 80 75 nails
755 2482 32 75 at
802 2482 78 75 each
903 2482 62 75 end
992 2482 35 75 to
1048 2482 39 75 be
1113 2482 18 75 a
1147 2482 96 75 guide

262 2528 33 75 in
312 2528 125 75 boring.
489 2528 32 75 It
537 2528 26 75 is
580 2528 99 75 ufual,
697 2528 160 75 however,
874 2528 36 75 to
925 2528 78 75 bore
1015 2528 87 75 them
1120 2528 33 75 at
1164 2528 80 75 both

262 2574 99 75 ends;
388 2574 34 75 fo
437 2574 71 75 that
524 2574 30 75 if
573 2574 19 75 a
607 2574 72 75 pole
695 2574 40 75 be
751 2574 140 75 crooked
906 2574 60 75 one
983 2574 83 75 way,
1091 2574 78 75 they
1185 2574 58 75 can

262 2621 78 75 bore
356 2621 25 75 it
397 2621 153 75 through,
576 2621 63 75 and
654 2621 58 75 not
727 2621 78 75 fpoil
821 2621 37 75 it.

215 2667 170 75 Boring,
409 2667 33 75 in
459 2667 147 75 farriery,
631 2667 39 75 an
687 2667 162 75 operation
866 2667 32 75 in
915 2667 52 75 ufe
981 2667 52 75 for
1048 2667 57 75 the
1119 2667 75 75 cure
1207 2667 41 75 of

262 2713 170 75 wrenched
448 2713 161 75 (boulders
626 2713 32 75 in
673 2713 120 75 horfes.
843 2713 33 75 It
899 2713 26 75 is
942 2713 85 75 this;
1054 2713 118 75 havjng
1188 2713 55 75 cut

261 2760 17 75 a
295 2760 75 75 hole
386 2760 32 75 in
435 2760 55 75 the
505 2760 79 75 Ikin,
610 2760 76 75 over
702 2760 54 75 the
769 2760 70 75 part
856 2760 144 75 affedted,
1025 2760 77 75 they
1119 2760 86 75 blow
1218 2760 26 75 it

261 2805 80 75 with
358 2805 42 75 up
424 2805 18 75 a
456 2805 237 75 tobacco-pipe,
720 2805 33 75 as
771 2805 18 75 a
813 2805 134 75 butcher
969 2805 77 75 does
1064 2805 18 75 a
1098 2805 147 75 (boulder

262 2852 39 75 of
312 2852 89 75 veal;
428 2852 83 75 after
527 2852 104 75 which
657 2852 78 75 they
757 2852 102 75 thruft
876 2852 18 75 a
919 2852 74 75 cold
1008 2852 55 75 flat
1079 2852 82 75 iron,
1178 2852 66 75 like

262 2898 55 75 the
334 2898 91 75 point
437 2898 41 75 of
490 2898 19 75 a
524 2898 225 75 fword-blade,
775 2898 90 75 eight
880 2898 36 75 or
935 2898 51 75 ten
1009 2898 108 75 inches
1130 2898 42 75 up
1188 2898 55 75 be-

261 2944 104 75 tween
381 2944 54 75 the
451 2944 256 75 ftioulder-blade
724 2944 62 75 and
803 2944 54 75 the
875 2944 83 75 ribs:
986 2944 85 75 This
1088 2944 76 75 they
1182 2944 61 75 call

262 2991 129 75 boring.

1301 215 172 75 Boring,
1499 215 31 75 in
1549 215 208 75 mineralogy,
1783 215 18 75 a
1815 215 135 75 method
1959 215 39 75 of
2010 215 142 75 piercing
2169 215 54 75 the
2241 215 91 75 earth

1349 262 77 75 with
1443 262 151 75 fcooping
1610 262 86 75 irons
1696 294 26 49 K
1736 262 106 75 which
1865 262 94 75 being
1971 262 110 75 drawn
2099 262 80 75 back
2197 262 31 75 at
2258 262 75 75 pro-

1349 307 55 75 per
1421 307 106 75 times,
1553 307 93 75 bring
1663 307 41 75 up
1718 307 77 75 with
1813 307 88 75 them
1918 307 132 75 famples
2062 307 41 75 of
2115 307 54 75 the
2181 307 153 75 different

1348 354 95 75 ftxata
1460 354 141 75 through
1618 354 106 75 which
1741 354 77 75 they
1836 354 80 75 have
1929 354 72 75 pafl'
2001 354 50 75 ed;
2078 354 43 75 by
2138 354 55 75 the
2209 354 122 75 exami-

1348 401 106 75 nation
1473 401 40 75 of
1525 401 105 75 which
1648 401 55 75 the
1727 401 107 75 fleilful
1860 401 170 75 mineralift
2052 401 65 75 will
2146 401 39 75 be
2210 401 70 75 able
2297 401 36 75 to

1347 447 93 75 guefs
1456 447 224 75 whereabouts
1697 447 18 75 a
1726 447 72 75 vein
1810 447 40 75 of
1862 447 55 75 ore
1935 447 83 75 mayl
2031 447 42 75 ie,
2092 447 38 75 or
2145 447 146 75 whether
2307 447 26 75 it

1348 492 65 75 will
1431 492 39 75 be
1486 492 105 75 worth
1611 492 94 75 while
1722 492 34 75 to
1768 492 80 75 open
1867 492 17 75 a
1901 492 84 75 mine
2000 492 92 75 there
2113 492 37 75 or
2166 492 54 75 no.

1301 540 232 75 BORIQUE,
1559 540 60 75 one
1644 540 39 75 of
1702 540 56 75 the
1781 540 159 75 Caribbee
1957 540 125 75 iflands,
2107 540 89 75 lying
2224 540 108 75 fouth-

1348 585 62 75 eaft
1432 585 153 75 oTPorto
1600 585 98 75 Rico,
1723 585 33 75 in
1774 585 62 75 64°
1857 585 55 75 30'
1928 585 62 75 W.
2008 585 89 75 long,
2123 585 62 75 and
2206 585 60 75 18°
2284 585 49 75 N.

1348 632 57 75 lat.

1301 679 265 75 BORISSOW,
1593 679 18 75 a
1635 679 87 75 town
1739 679 40 75 of
1801 679 137 75 Poland,
1964 679 33 75 in
2014 679 55 75 the
2085 679 123 75 dutchy
2220 679 37 75 of
2272 679 59 75 Li-

1353 724 141 75 thuania,
1519 724 135 75 fituated
1670 724 83 75 upon
1770 724 56 75 the
1842 724 85 75 river
1942 724 173 75 Berozina.

1301 772 355 75 BORISTHENES,
1680 772 34 75 in
1731 772 199 75 geography.
1980 772 62 75 See
2064 772 166 75 Nieper.

1302 818 200 75 BORITH.
1553 818 61 75 See
1626 818 117 75 Kali.

1300 864 204 75 BORMIO,
1530 864 18 75 a
1571 864 155 75 territory
1737 864 41 75 of
1789 864 55 75 the
1860 864 150 75 Grifons,
2034 864 33 75 in
2090 864 97 75 Italy,
2214 864 118 75 having

1347 909 54 75 the
1416 909 180 75 dominions
1609 909 39 75 of
1654 909 123 75 Venice
1794 909 40 75 on
1852 909 55 75 the
1919 909 105 75 fouth.

1300 957 179 75 BORNE,
1504 957 19 75 a
1535 957 226 75 market-town
1779 957 31 75 in
1824 957 230 75 Lincolnfhire,
2073 957 97 75 about
2186 957 42 75 30
2241 957 92 75 miles

1347 1002 91 75 fouth
1452 1002 39 75 of
1502 1002 58 75 the
1573 1002 65 75 city
1649 1002 40 75 of
1701 1002 138 75 Lincoln
1851 1002 11 75 ;
1888 1002 33 75 in
1940 1002 44 75 20
2008 1002 59 75 XV.
2085 1002 88 75 long.
2192 1002 140 75 and^2°

1350 1049 54 75 40'
1420 1049 48 75 N\
1486 1049 57 75 lat.

1299 1097 214 75 BORNEO,
1538 1097 18 75 a
1572 1097 87 75 large
1675 1097 98 75 ifland
1801 1097 32 75 in
1850 1097 55 75 the
1922 1097 113 75 Indian
2061 1097 112 75 ocean,
2199 1097 134 75 fituated

1349 1141 142 75 between
1512 1141 63 75 107
1575 1123 24 49 0
1613 1141 63 75 and
1692 1141 64 75 117
1756 1123 23 49 0
1794 1141 45 75 E.
1863 1141 88 75 long,
1970 1141 63 75 and
2057 1141 143 75 between
2219 1141 17 75 7
2236 1123 21 49 0
2277 1141 55 75 30'

1347 1189 47 75 N.
1412 1189 57 75 lat.
1490 1189 62 75 and
1564 1189 21 75 4
1585 1171 18 49 0
1616 1189 36 75 S.
1671 1189 57 75 lat.

1395 1234 46 75 Its
1458 1234 99 75 figure
1574 1234 26 75 is
1617 1234 110 75 almoft
1744 1234 115 75 round,
1878 1234 62 75 and
1957 1234 172 75 computed
2145 1234 35 75 to
2191 1234 38 75 be
2241 1234 91 75 2500

1348 1281 88 75 miles
1461 1281 31 75 in
1517 1281 259 75 circumference,
1809 1281 62 75 and
1898 1281 228 75 confequently
2150 1281 182 75 containing

1348 1327 17 75 a
1381 1327 126 75 greater
1524 1327 131 75 number
1668 1327 39 75 of
1718 1327 113 75 fquare
1849 1327 87 75 acres
1952 1327 78 75 than
2044 1327 59 75 any
2116 1327 99 75 ifland
2229 1327 32 75 in
2275 1327 55 75 the

1349 1373 117 75 known
1483 1373 116 75 world.

1301 1421 163 75 Borneo
1484 1421 27 75 is
1528 1421 65 75 alfo
1610 1421 54 75 the
1688 1421 91 75 name
1802 1421 41 75 of
1866 1421 56 75 the
1939 1421 151 75 principal
2116 1421 86 75 town
2224 1421 40 75 of
2275 1421 55 75 the

1347 1467 99 75 above
1463 1467 108 75 ifland,
1598 1467 133 75 fituated
1742 1467 41 75 on
1801 1467 18 75 a
1835 1467 61 75 bay
1920 1467 33 75 at
1969 1467 55 75 the
2042 1467 187 75 north-weft
2245 1467 84 75 part,

1350 1512 31 75 in
1404 1512 55 75 111
1459 1494 26 49 0
1506 1512 53 75 30'
1571 1512 44 75 E.
1633 1512 88 75 long,
1739 1512 63 75 and
1819 1512 22 75 4
1841 1494 18 49 0
1875 1512 53 75 30'
1947 1512 46 75 N.
2011 1512 59 75 lat.

1301 1561 291 75 BORNHOLM,
1619 1561 41 75 an
1681 1561 98 75 ifland
1795 1561 32 75 in
1845 1561 54 75 the
1917 1561 106 75 Baltic
2040 1561 73 75 Sea,
2138 1561 134 75 fituated
2288 1561 42 75 on

1348 1607 54 75 the
1414 1607 132 75 coaftof
1555 1607 160 75 Schonen,
1733 1607 30 75 in
1778 1607 149 75 Sweden,
1946 1607 97 75 about
2061 1607 41 75 43
2118 1607 90 75 miles
2218 1607 111 75 nprth-

1346 1653 62 75 ehft
1430 1653 40 75 of
1483 1653 56 75 tire
1555 1653 98 75 ifland
1670 1653 38 75 of
1721 1653 130 75 Rugen,
1876 1653 33 75 in
1930 1653 39 75 15
1969 1635 21 49 0
2011 1653 44 75 E.
2074 1653 88 75 long,
2180 1653 63 75 and
2262 1653 40 75 55
2302 1635 24 49 0

1354 1699 51 75 15'
1421 1699 47 75 N.
1487 1699 59 75 lat.

1299 1746 213 75 BORNEO,
1546 1746 39 75 or
1607 1746 212 75 Boornou,
1854 1746 56 75 the
1936 1746 92 75 name
2047 1746 41 75 of
2107 1746 20 75 a
2150 1746 89 75 town
2267 1746 62 75 and

1346 1791 136 75 country
1493 1791 40 75 of
1544 1791 154 75 Nigritia,
1724 1791 34 75 in
1768 1791 128 75 Africa.
1931 1791 86 75 This
2035 1791 136 75 coantry
2183 1791 142 75 abound;,

1345 1837 32 75 in
1394 1837 110 75 cattle,
1522 1837 113 75 millet,
1654 1837 63 75 and
1733 1837 122 75 cotton.
1906 1837 32 75 It
1954 1837 58 75 lies
2030 1837 143 75 between
2194 1837 40 75 15
2234 1819 19 49 0
2266 1837 63 75 and

1349 1885 43 75 24
1392 1867 19 49 0
1423 1885 45 75 E.
1486 1885 88 75 long,
1592 1885 63 75 and
1671 1885 143 75 between
1836 1885 59 75 io°
1910 1885 62 75 and
1989 1885 67 75 20°
2071 1885 46 75 N.
2135 1885 59 75 lat.

1298 1930 162 75 Borneo
1478 1930 27 75 is
1523 1930 65 75 alfo
1605 1930 54 75 the
1676 1930 91 75 name
1779 1930 40 75 of
1838 1930 18 75 a
1871 1930 84 75 lake,
1981 1930 32 75 in
2031 1930 54 75 the
2103 1930 83 75 river
2209 1930 116 75 Niger,

1346 1977 106 75 where
1467 1977 25 75 it
1508 1977 154 75 traverfes
1679 1977 56 75 the
1752 1977 301 75 above-mentioned
2069 1977 149 75 country.

1299 2024 253 75 BOROUGH,
1577 2024 32 75 in
1627 2024 95 75 Scots
1739 2024 75 75 law,
1831 2024 27 75 is
1871 2024 17 75 a
1900 2024 87 75 body
1999 2024 167 75 corporate
2183 2024 91 75 made
2286 2024 42 75 up

1345 2068 40 75 of
1408 2068 56 75 the
1480 2068 193 75 inhabitants
1690 2068 37 75 of
1752 2068 19 75 a
1786 2068 118 75 certain
1922 2068 81 75 trail
2014 2068 40 75 of
2065 2068 123 75 ground
2204 2068 126 75 ereiled

1344 2114 43 75 by
1403 2114 56 75 the
1482 2114 175 75 fovereign,
1683 2114 63 75 and
1772 2114 156 75 endowed
1951 2114 80 75 with
2048 2114 19 75 a
2084 2114 122 75 limited
2230 2114 95 75 juril-

1345 2159 130 75 diilion,
1493 2159 63 75 and
1573 2159 118 75 certain
1709 2159 182 75 privileges.
1929 2159 99 75 They
2047 2159 54 75 are
2116 2159 129 75 divided
2260 2159 69 75 into

1344 2206 161 75 boroughs
1533 2206 102 75 royal,
1668 2206 41 75 of
1734 2206 149 75 regality,
1920 2206 62 75 and
2008 2206 40 75 of
2071 2206 132 75 barony.
2265 2206 64 75 See

1345 2253 102 75 Law,
1481 2253 52 75 tit.
1565 2253 146 75 Inferior
1735 2253 125 75 Judges
1876 2253 71 75 and
1958 2253 117 75 Courts
2091 2253 45 75 of
2140 2253 169 75 Scotland.

1295 2300 411 75 Borough-English,
1732 2300 19 75 a
1770 2300 177 75 cuftomary
1969 2300 127 75 defeent
2113 2300 41 75 of
2174 2300 92 75 lands
2291 2300 36 75 or

1345 2346 188 75 tenements,
1558 2346 31 75 in
1607 2346 119 75 certain
1756 2346 118 75 places,
1900 2346 43 75 by
1966 2346 106 75 which
2089 2346 77 75 they
2190 2346 137 75 defeend

1343 2391 34 75 to
1394 2391 55 75 the
1477 2391 150 75 youngeft
1644 2391 118 75 inftead
1778 2391 40 75 of
1831 2391 54 75 the
1914 2391 98 75 eldeft
2041 2391 76 75 fon;
2144 2391 50 75 or,
2221 2391 30 75 if
2270 2391 55 75 the

1343 2437 106 75 owner
1467 2437 79 75 have
1571 2437 41 75 no
1628 2437 87 75 iffite,
1741 2437 34 75 to
1793 2437 53 75 the
1863 2437 142 75 younger
2028 2437 117 75 inftead
2157 2437 41 75 of
2209 2437 55 75 the
2280 2437 46 75 el-

1343 2483 56 75 der
1426 2483 144 75 brother.
1617 2483 85 75 This
1720 2483 118 75 cuftom
1865 2483 77 75 goes
1972 2483 76 75 with
2073 2483 54 75 the
2154 2483 88 75 lanfl,
2278 2483 47 75 al-

1343 2530 121 75 though
1482 2530 91 75 there
1599 2530 39 75 be
1655 2530 18 75 a
1689 2530 105 75 devife
1810 2530 37 75 or
1873 2530 167 75 feoffment
2057 2530 32 75 at
2105 2530 56 75 the
2177 2530 148 75 common

1343 2575 62 75 law
1420 2575 36 75 to
1475 2575 54 75 the
1546 2575 160 75 contrary.
1754 2575 77 75 The
1844 2575 107 75 reafon
1965 2575 40 75 of
2015 2575 64 75 this
2097 2575 131 75 cuftom,
2254 2575 69 75 fays

1343 2622 172 75 Littleton,
1532 2622 39 75 is,
1590 2622 131 75 becaufe
1737 2622 55 75 the
1810 2622 151 75 youngeft
1976 2622 26 75 is
2020 2622 165 75 prefumed
2212 2622 32 75 in
2261 2622 62 75 law

1344 2669 33 75 to
1394 2669 39 75 be
1449 2669 75 75 leaft
1541 2669 71 75 able
1628 2669 34 75 to
1679 2669 131 75 provide
1826 2669 52 75 for
1890 2669 137 75 hinafelf.

1295 2718 336 75 Borough-head,
1658 2718 37 75 or
1712 2718 318 75 Headborough,
2056 2718 102 75 called
2183 2718 64 75 alfo
2264 2718 57 75 bo-

1344 2762 242 75 rough-holder,
1611 2762 37 75 or
1664 2762 198 75 burlholder,
1887 2762 56 75 the
1959 2762 91 75 chief
2060 2762 72 75 man
2150 2762 40 75 of
2202 2762 58 75 the
2269 2762 52 75 de-

1341 2808 113 75 cenna,
1480 2808 37 75 or
1542 2808 159 75 hundred,
1727 2808 115 75 chofea
1858 2808 35 75 to
1910 2808 95 75 fpeak
2021 2808 62 75 and
2099 2808 48 75 act
2168 2808 32 75 in
2214 2808 114 75 behalf

1343 2854 39 75 of
1394 2854 54 75 the
1466 2854 71 75 reft.

1390 2902 240 75 Headborough
1648 2902 64 75 alfo
1729 2902 131 75 ftgnifies
1878 2902 18 75 a
1907 2902 78 75 kind
2002 2902 39 75 of
2049 2902 86 75 head
2146 2902 175 75 -conftable,

1342 2948 106 75 where
1475 2948 91 75 there
1593 2948 53 75 are
1670 2948 119 75 feveral
1818 2948 114 75 chofen
1960 2948 35 75 as
2017 2948 50 75 his
2097 2948 158 75 alfiftants,
2287 2948 36 75 to

1341 2996 86 75 ferve
1444 2996 168 75 warrants,
1637 2996 64 75 &c.
1752 2996 61 75 See
1830 2996 248 75 Constable.
2109 3049 215 75 Borouch-
