2397 3387
485 128 10 75 *
541 128 36 75 B
637 128 18 75 I
714 128 35 75 B

1110 128 18 75 (
1185 128 84 75 549
1326 128 19 75 )

1668 128 208 75 BIB

135 201 90 75 pains
241 201 35 75 to
299 201 147 75 compare
474 201 56 75 the
557 201 115 75 Greek
695 201 122 75 verfion
840 201 80 75 with
948 201 56 75 the
1031 201 144 75 Hebrew

136 247 87 75 text.
272 247 67 75 We
363 247 51 75 are
432 247 89 75 quite
538 247 33 75 in
586 247 57 75 the
670 247 81 75 dark
778 247 34 75 as
837 247 35 75 to
897 247 54 75 the
979 247 116 75 author
1112 247 62 75 and

137 294 56 75 the
209 294 78 75 time
303 294 41 75 of
355 294 64 75 this
435 294 134 75 verfion,
595 294 58 75 but
675 294 155 75 probably
848 294 25 75 it
897 294 26 75 is
940 294 79 75 very
1035 294 137 75 ancient,

137 341 83 75 fince
236 341 54 75 we
301 341 117 75 cannot
442 341 130 75 fuppofe
598 341 56 75 the
681 341 162 75 Egyptian
872 341 121 75 church
1018 341 64 75 was
1098 341 77 75 long

139 387 139 75 without
294 387 19 75 a
329 387 183 75 tranflation
540 387 40 75 of
600 387 56 75 the
685 387 168 75 fcriptures
877 387 32 75 in
937 387 83 75 their
1046 387 129 75 mother

140 435 131 75 tongue.

188 480 138 75 Perfian
342 480 69 75 and
427 480 141 75 Tnrkifh
585 480 134 75 Bible.
761 480 113 75 There
898 480 54 75 are
969 480 117 75 feveral
1103 480 71 75 ver-

141 529 80 75 fions
235 529 40 75 of
286 529 56 75 the
358 529 95 75 Bible
469 529 31 75 in
518 529 55 75 the
591 529 125 75 Perfian
732 529 165 75 language,
923 529 78 75 mod
1018 529 40 75 of
1069 529 106 75 which

141 576 53 75 are
211 576 33 75 in
261 576 206 75 manufcript.
514 576 114 75 There
644 576 27 75 is
688 576 19 75 a
722 576 184 75 tranflation
928 576 40 75 of
981 576 55 75 the
1052 576 122 75 Pfalms

140 623 43 75 by
200 623 62 75 one
287 623 107 75 father
418 623 100 75 John,
550 623 19 75 a
591 623 196 75 Carmelite;
823 623 62 75 and
909 623 135 75 another
1060 623 41 75 of
1119 623 55 75 the

143 669 83 75 fame
242 669 87 75 book
356 669 84 75 done
462 669 83 75 from
570 669 55 75 the
647 669 99 75 Latin
770 669 44 75 by
831 669 55 75 the
905 669 131 75 Jefuits.
1077 669 96 75 Wal-

143 716 68 75 ton,
229 716 32 75 in
278 716 55 75 the
346 716 140 75 London
502 716 181 75 Polyglott,
701 716 58 75 has
775 716 164 75 publilhed
954 716 55 75 the
1021 716 152 75 Gofpels,

143 762 170 75 tranflated
331 762 41 75 by
384 762 61 75 one
465 762 111 75 Simon
593 762 56 75 the
666 762 54 75 fon
733 762 39 75 of
784 762 130 75 Jofeph,
933 762 17 75 a
963 762 160 75 Chriftian
1140 762 40 75 of

144 810 118 75 Perfia,
288 810 74 75 who
375 810 89 75 lived
483 810 32 75 in
537 810 56 75 the
610 810 75 75 year
706 810 101 75 1341.
856 810 67 75 We
940 810 80 75 have
1036 810 140 75 likewife

144 856 85 75 fome
253 856 190 75 manufcript
459 856 199 75 tranflations
674 856 41 75 of
733 856 56 75 the
805 856 96 75 Bible
917 856 32 75 in
966 856 56 75 the
1034 856 141 75 Turkifh

144 903 166 75 language,
336 903 207 75 particularly
565 903 19 75 a
604 903 123 75 verfion
751 903 39 75 of
810 903 57 75 the
883 903 85 75 New
989 903 189 75 Teftament

144 950 126 75 printed
286 950 34 75 at
336 950 139 75 London
492 950 32 75 in
540 950 57 75 the
612 950 78 75 year
707 950 101 75 1666.

192 995 183 75 Armenian
402 995 70 75 and
496 995 164 75 Georgian
688 995 136 75 Bible.
882 995 79 75 The
986 995 192 75 Armenians

143 1043 81 75 have
239 1043 42 75 an
293 1043 55 75 old
364 1043 184 75 tranflation
560 1043 39 75 of
611 1043 55 75 the
683 1043 169 75 fcriptures
869 1043 33 75 in
914 1043 84 75 their
1008 1043 168 75 language,

145 1090 97 75 taken
257 1090 86 75 from
360 1090 55 75 the
431 1090 113 75 Greek
556 1090 39 75 of
607 1090 56 75 the
680 1090 203 75 Septuagint.
923 1090 114 75 Three
1048 1090 131 75 learned

145 1136 192 75 Armenians
365 1136 84 75 were
473 1136 169 75 employed
663 1136 97 75 about
777 1136 38 75 it,
841 1136 31 75 in
889 1136 55 75 the
961 1136 76 75 time
1060 1136 39 75 of
1122 1136 56 75 the

146 1181 146 75 emperor
300 1181 175 75 Arcadius,
494 1181 68 75 viz.
580 1181 110 75 Mofes
702 1181 155 75 firnamed
870 1181 57 75 the
939 1181 238 75 Grammarian,

148 1230 111 75 David
285 1230 56 75 the
361 1230 224 75 Philofopher,
612 1230 62 75 and
690 1230 210 75 Mamproeus.
960 1230 77 75 The
1061 1230 116 75 Arme-

145 1277 103 75 nians,
274 1277 32 75 in
324 1277 101 75 1666,
442 1277 158 75 procured
616 1277 38 75 an
672 1277 121 75 edition
810 1277 41 75 of
861 1277 55 75 the
931 1277 95 75 Bible
1042 1277 33 75 in
1093 1277 84 75 their

145 1323 154 75 language
324 1323 35 75 to
377 1323 39 75 be
432 1323 93 75 made
542 1323 33 75 at
593 1323 216 75 Amfterdam,
835 1323 101 75 under
952 1323 55 75 the
1023 1323 155 75 direction

146 1370 40 75 of
206 1370 39 75 an
263 1370 174 75 Armenian
452 1370 124 75 bifliop.
626 1370 149 75 Another
800 1370 65 75 was
889 1370 130 75 printed
1043 1370 31 75 at
1092 1370 84 75 Ant-

147 1415 87 75 werp
246 1415 32 75 in
291 1415 99 75 1670,
408 1415 44 75 by
463 1415 56 75 the
536 1415 221 75 procurement
769 1415 39 75 of
813 1415 198 75 Theodoras
1020 1415 157 75 Patraeus,

148 1462 63 75 and
228 1462 54 75 the
294 1462 86 75 New
395 1462 186 75 Teftament
598 1462 177 75 feparately
791 1462 31 75 in
841 1462 100 75 1668.

197 1508 76 75 The
282 1508 182 75 Georgians
480 1508 82 75 have
578 1508 140 75 likewife
735 1508 18 75 a
765 1508 183 75 tranflation
959 1508 42 75 of
1012 1508 56 75 the
1084 1508 95 75 Bible

148 1556 33 75 in
198 1556 55 75 the
277 1556 56 75 old
351 1556 166 75 Georgian
533 1556 176 75 language:
748 1556 68 75 But
840 1556 34 75 as
891 1556 64 75 this
982 1556 155 75 language
1153 1556 26 75 is

147 1602 117 75 known
282 1602 76 75 only
370 1602 35 75 to
422 1602 19 75 a
456 1602 78 75 very
550 1602 64 75 few
629 1602 148 75 perfons,'
794 1602 63 75 and
874 1602 56 75 the
946 1602 112 75 people
1074 1602 40 75 of
1125 1602 56 75 the

148 1649 136 75 country
303 1649 54 75 are
381 1649 181 75 extremely
577 1649 159 75 ignorant,
760 1649 92 75 there
876 1649 27 75 is
919 1649 106 75 fcarce
1042 1649 61 75 any
1120 1649 61 75 one

148 1696 75 75 who
241 1696 101 75 either
359 1696 92 75 reads
468 1696 37 75 or
520 1696 206 75 underftands
743 1696 63 75 this
823 1696 133 75 verfipn.

197 1741 123 75 Whilft
336 1741 55 75 the
404 1741 127 75 Roman
544 1741 118 75 empire
671 1741 147 75 fubfifted
826 1741 30 75 in
868 1741 143 75 Europe,
1024 1741 56 75 the
1089 1741 92 75 read-

150 1789 55 75 ing
221 1789 41 75 of
273 1789 56 75 the
344 1789 170 75 fcriptures
531 1789 32 75 in
581 1789 54 75 the
652 1789 98 75 Latin
766 1789 132 75 tongne,
922 1789 107 75 which
1045 1789 65 75 was
1127 1789 55 75 the

150 1836 156 75 univerfal
321 1836 156 75 language
493 1836 38 75 of
544 1836 70 75 that
631 1836 132 75 empire,
781 1836 160 75 prevailed
954 1836 95 75 every
1060 1836 120 75 where.

151 1882 68 75 But
235 1882 81 75 fince
332 1882 56 75 the
404 1882 71 75 face
487 1882 41 75 of
538 1882 107 75 affairs
663 1882 29 75 in
707 1882 131 75 Europe
853 1882 58 75 has
927 1882 80 75 been
1023 1882 157 75 changed,

150 1929 64 75 and
230 1929 33 75 fo
279 1929 93 75 many
391 1929 150 75 different
555 1929 200 75 monarchies
771 1929 125 75 eredted
913 1929 85 75 upon
1015 1929 55 75 the
1094 1929 87 75 ruins

151 1976 39 75 of
201 1976 55 75 the
272 1976 127 75 Roman
425 1976 130 75 empire,
582 1976 56 75 the
655 1976 99 75 Latin
771 1976 119 75 tongue
907 1976 57 75 has
989 1976 43 75 by
1048 1976 132 75 degrees

150 2023 111 75 grown
278 2023 69 75 into
363 2023 121 75 difufe;
510 2023 132 75 whence
658 2023 56 75 has
731 2023 98 75 arifen
843 2023 18 75 a
871 2023 147 75 neceflity
1030 2023 40 75 of
1080 2023 100 75 tranf-

151 2069 100 75 lating
275 2069 55 75 the
357 2069 95 75 Bible
479 2069 69 75 into
571 2069 56 75 the
650 2069 169 75 refpeftive
846 2069 171 75 languages
1044 2069 40 75 of
1103 2069 78 75 each

152 2114 134 75 people;
313 2114 63 75 and
392 2114 64 75 this
468 2114 57 75 has
543 2114 162 75 produced
721 2114 33 75 as
772 2114 94 75 many
879 2114 149 75 different
1043 2114 138 75 verfions

153 2159 40 75 of
205 2159 56 75 the
286 2159 167 75 fcriptures
470 2159 33 75 in
530 2159 56 75 the
602 2159 132 75 modern
758 2159 184 75 languages,
969 2159 33 75 as
1020 2159 91 75 there
1128 2159 54 75 are

153 2206 151 75 different
320 2206 124 75 nations
462 2206 167 75 profeffing
644 2206 55 75 the
717 2206 159 75 Chriftian
894 2206 147 75 religion.
1069 2206 113 75 Hence

152 2253 50 75 we
227 2253 86 75 meet
329 2253 77 75 with
433 2253 138 75 French,
597 2253 130 75 Italian,
754 2253 144 75 Spanifh,
923 2253 158 75 German,
1107 2253 74 75 Fle,-

152 2300 90 75 miih,
269 2300 134 75 Danifh,
430 2300 203 75 Sclavonian,
658 2300 117 75 Polifh,
801 2300 191 75 Bohemian,
1018 2300 62 75 and
1099 2300 83 75 Ruf-

152 2347 61 75 fian
231 2347 38 75 or
291 2347 181 75 Mufcovite
489 2347 128 75 Bibles;
643 2347 121 75 befides
792 2347 56 75 the
865 2347 240 75 Anglo-Saxon
1122 2347 62 75 and

126 2393 9 75 _
151 2393 134 75 modern
302 2393 132 75 Englifh
452 2393 151 75 andlrilh
620 2393 123 75 Bibles.

201 2440 122 75 French
340 2440 135 75 B/ble.
523 2440 77 75 The
618 2440 100 75 oldeft
735 2440 125 75 French
879 2440 95 75 Bible
991 2440 47 75 we
1055 2440 78 75 hear
1149 2440 40 75 of

151 2486 28 75 is
196 2486 56 75 the
268 2486 121 75 verfion
406 2486 39 75 of
456 2486 97 75 Peter
569 2486 41 75 de
621 2486 118 75 Vaux;
759 2486 92 75 chief
862 2486 40 75 of
913 2486 56 75 the
979 2486 202 75 Waldenfes,

152 2532 75 75 who
242 2532 86 75 lived
344 2532 97 75 about
457 2532 55 75 the
528 2532 75 75 year
624 2532 100 75 1160.
774 2532 108 75 Raoul
898 2532 40 75 de
956 2532 104 75 Prefle
1084 2532 100 75 trarif-

151 2580 91 75 lated
256 2580 56 75 the
339 2580 95 75 Bible
449 2580 70 75 into
534 2580 126 75 French
682 2580 33 75 in
731 2580 56 75 the
810 2580 89 75 reign
923 2580 40 75 of
983 2580 136 75 Charles
1136 2580 47 75 V.

153 2626 77 75 king
253 2626 41 75 of
312 2626 135 75 France,
473 2626 98 75 about
594 2626 56 75 the
673 2626 78 75 year
780 2626 101 75 1380.
937 2626 129 75 Befides
1083 2626 100 75 thefe,

151 2674 93 75 there
271 2674 54 75 are
353 2674 117 75 feveral
488 2674 55 75 old
571 2674 124 75 French
721 2674 200 75 tranflations
949 2674 39 75 of
1012 2674 173 75 particular

152 2720 88 75 parts
257 2720 40 75 of
320 2720 55 75 the
404 2720 167 75 fcripture.
627 2720 77 75 The
729 2720 127 75 doctors
881 2720 39 75 of
937 2720 150 75 Louvain
1103 2720 80 75 pub-

153 2767 99 75 liftied
268 2767 55 75 the
349 2767 94 75 Bible
459 2767 31 75 in
508 2767 125 75 French
660 2767 32 75 at
710 2767 160 75 Louvain,
896 2767 43 75 by
955 2767 96 75 order
1070 2767 41 75 of
1129 2767 56 75 the

153 2814 146 75 emperor
323 2814 137 75 Charles
477 2814 46 75 V.
548 2814 33 75 in
610 2814 101 75 1550-
764 2814 114 75 There
904 2814 27 75 is
956 2814 19 75 a
986 2814 131 75 ,verfion
1141 2814 46 75 by

155 2859 86 75 Ifaac
265 2859 30 75 le
319 2859 123 75 Maitre
468 2859 40 75 de
533 2859 97 75 Sacy,
658 2859 162 75 publifhed
843 2859 32 75 in
898 2859 99 75 1672,
1022 2859 80 75 with
1126 2859 59 75 ex-

154 2906 176 75 planations
344 2906 40 75 of
395 2906 56 75 the
467 2906 103 75 literal
589 2906 62 75 and
667 2906 141 75 fpiritual
821 2906 145 75 meaning
978 2906 40 75 of
1029 2906 54 75 the
1100 2906 84 75 text,

153 2952 106 75 which
286 2952 63 75 was
374 2952 146 75 received
546 2952 77 75 with
649 2952 178 75 wonderful
857 2952 157 75 applaufe,
1041 2952 62 75 and
1127 2952 57 75 has

154 2999 80 75 been
257 2999 87 75 often
371 2999 173 75 reprinted.
604 2999 48 75 As
670 2999 35 75 to
733 2999 55 75 the
809 2999 85 75 New
921 2999 204 75 Teftaments
1152 2999 31 75 in

1225 190 139 75 French,
1389 190 105 75 which
1511 190 81 75 have
1620 190 80 75 been
1716 190 126 75 printed
1858 190 190 75 feparately,
2073 190 59 75 one
2149 190 40 75 of
2201 190 55 75 the

1223 238 80 75 moft
1320 238 199 75 remarkable
1544 238 26 75 is
1588 238 70 75 that
1681 238 40 75 of
1733 238 38 75 F.
1791 238 167 75 Amelotte
1981 238 39 75 of
2039 238 54 75 the
2109 238 146 75 oratory,

1223 285 170 75 compofed
1409 285 44 75 by
1468 285 56 75 the
1540 285 153 75 direftion
1711 285 41 75 of
1773 285 86 75 fome
1875 285 124 75 French
2018 285 150 75 prelates,
2192 285 64 75 and

1223 333 131 75 printed
1376 333 78 75 with
1479 333 202 75 annotations
1697 333 32 75 in
1752 333 55 75 the
1835 333 76 75 year
1932 333 101 75 1666,
2064 333 101 75 1667,
2191 333 64 75 and

1228 380 101 75 1670.
1377 380 77 75 The
1466 380 117 75 author
1598 380 149 75 pretends
1762 380 42 75 he
1820 380 64 75 had
1901 380 79 75 been
1997 380 33 75 at
2046 380 55 75 the
2118 380 88 75 pains
2219 380 36 75 to

1223 425 109 75 fearch
1349 425 43 75 all
1410 425 55 75 the
1480 425 143 75 libraries
1641 425 31 75 in
1689 425 143 75 Europe,
1856 425 63 75 and
1942 425 117 75 collate
2083 425 54 75 the
2154 425 101 75 oldeft;

1224 474 219 75 manufcripts.
1461 474 5 75 '
1503 474 79 75 But,
1611 474 33 75 in
1668 474 184 75 examining
1879 474 50 75 his
1953 474 104 75 work,
2081 474 25 75 it
2124 474 131 75 appears

1224 520 69 75 that
1308 520 42 75 he
1373 520 58 75 has
1459 520 163 75 produced
1646 520 42 75 no
1705 520 213 75 confiderable
1939 520 127 75 various
2094 520 160 75 readings,

1224 569 115 75 which'
1354 569 63 75 had
1434 569 57 75 not
1518 569 110 75 before
1644 569 79 75 been
1738 569 97 75 taken
1853 569 106 75 notice
1979 569 40 75 of
2030 569 102 75 either
2149 569 32 75 in
2198 569 56 75 the

1224 614 138 75 London
1380 614 167 75 Polyglott
1563 614 38 75 or
1617 614 183 75 elfewhere.
1832 614 78 75 The
1927 614 279 75 NewTeftament
2218 614 43 75 of

1223 661 101 75 Mons
1341 661 125 75 printed
1483 661 32 75 in
1530 661 102 75 1665,
1650 661 78 75 with
1745 661 55 75 the
1812 661 186 75 archbifhop
2014 661 39 75 of
2065 661 192 75 Caijibrays

1223 707 187 75 permiffion,
1436 707 62 75 and
1514 707 55 75 the
1585 707 78 75 king
1674 707 40 75 of
1727 707 126 75 Spains
1872 707 132 75 licence,
2022 707 91 75 made
2131 707 17 75 a
2165 707 92 75 great

1223 755 85 75 noife
1325 755 31 75 in
1373 755 56 75 the
1445 755 115 75 world.
1610 755 31 75 It
1659 755 63 75 was
1739 755 195 75 condemned
1951 755 42 75 by
2006 755 82 75 pope
2104 755 152 75 Clement

1225 801 65 75 IX.
1317 801 31 75 in
1369 801 102 75 1668,
1497 801 63 75 and
1584 801 43 75 by
1642 801 82 75 pope
1749 801 155 75 Innocent
1921 801 64 75 XL
2011 801 32 75 in
2065 801 101 75 1679,
2192 783 64 49 anc^

1225 847 30 75 in
1279 847 119 75 feveral
1426 847 174 75 biftiopiics
1618 847 39 75 of
1678 847 121 75 France
1824 847 33 75 at
1881 847 118 75 leveral
2017 847 127 75 times._
2178 847 79 75 The

1226 896 282 75 NewTeftament
1528 896 165 75 publifhed
1716 896 33 75 at
1771 896 161 75 Trevoux
1959 896 32 75 in
2014 896 100 75 1702,
2139 896 44 75 by
2199 896 55 75 M.

1226 941 124 75 Simon,
1376 941 78 75 with
1477 941 107 75 literal
1607 941 64 75 and
1694 941 124 75 critical
1833 941 203 75 annotations
2064 941 83 75 Upon
2172 941 84 75 diffi-

1226 988 66 75 cult
1317 988 152 75 paffages,
1500 988 64 75 was
1589 988 199 75 condemned
1809 988 48 75 by
1880 988 57 75 the
1961 988 123 75 bifbops
2103 988 39 75 of
2164 988 92 75 Paris

1227 1035 62 75 and
1311 1035 126 75 Meaux
1462 1035 32 75 in
1515 1035 101 75 1702.
1666 1035 38 75 F.
1724 1035 163 75 Bohours,
1909 1035 23 75 a
1952 1035 114 75 Jefuit,
2092 1035 78 75 with
2200 1035 57 75 the

1226 1083 206 75 afliftanceof
1451 1083 40 75 F.
1510 1083 40 75 F.
1574 1083 144 75 Michael
1734 1083 140 75 Tellier,
1897 1083 64 75 and
1986 1083 97 75 Peter
2107 1083 149 75 Bernier,

1226 1129 117 75 Jefuits
1360 1129 151 75 likewife,
1537 1129 164 75 publifhed
1717 1129 19 75 a
1752 1129 182 75 tranflation
1951 1129 41 75 of
2010 1129 55 75 the
2081 1129 86 75 New
2186 1129 70 75 Te-

1225 1176 132 75 ftament
1384 1176 32 75 in
1446 1176 107 75 1697:
1592 1176 67 75 But
1675 1176 65 75 this
1767 1176 182 75 tranflation
1966 1176 39 75 is,
2039 1176 51 75 for
2107 1176 55 75 the
2178 1176 81 75 moft:

1225 1223 83 75 part,
1334 1223 91 75 harih
1447 1223 62 75 and
1531 1223 144 75 obfcure,
1700 1223 106 75 which
1832 1223 63 75 was
1920 1223 107 75 owing
2055 1223 35 75 to
2119 1223 55 75 the
2200 1223 60 75 au-,

1225 1270 101 75 thors
1342 1270 134 75 keeping
1492 1270 57 75 too
1564 1270 119 75 ftridtly
1699 1270 35 75 to
1758 1270 56 75 the
1831 1270 100 75 Latin
1951 1270 75 75 text
2048 1270 86 75 from
2145 1270 111 75 which

1224 1317 41 75 he
1281 1317 182 75 tranflated.

1271 1364 112 75 There
1411 1364 54 75 are
1490 1364 139 75 likewife
1645 1364 126 75 French
1798 1364 198 75 tranflations
2025 1364 163 75 publifhed
2215 1364 44 75 by

1227 1410 182 75 Proteftant
1421 1410 130 75 authors
1563 1410 9 75 ;
1588 1410 59 75 one
1658 1410 44 75 by
1711 1410 125 75 Robert
1845 1410 97 75 Peter
1953 1410 164 75 Olivetan,
2132 1410 127 75 printed

1228 1457 33 75 at
1268 1457 135 75 Geneva
1412 1457 31 75 in
1458 1457 100 75 1535,
1575 1457 63 75 and
1654 1457 80 75 fince
1752 1457 88 75 often
1854 1457 162 75 reprinted
2028 1457 77 75 with
2118 1457 55 75 the
2187 1457 71 75 cor-

1227 1505 134 75 re<flions
1375 1505 40 75 of
1426 1505 87 75 John
1531 1505 115 75 Calvin
1664 1505 61 75 and
1737 1505 130 75 others;
1887 1505 135 75 another
2038 1505 44 75 by
2095 1505 119 75 Sebafti
2220 1505 39 75 an

1229 1551 152 75 Caftalio,
1395 1551 196 75 remarkable
1601 1551 50 75 for
1660 1551 173 75 particular
1842 1551 86 75 ways
1937 1551 40 75 of
1981 1551 173 75 expreffion
2164 1551 96 75 never

1228 1598 75 75 ufed
1330 1598 43 75 by
1398 1598 86 75 good
1503 1598 116 75 judges
1645 1598 40 75 of
1699 1598 56 75 the
1783 1598 167 75 language.
2005 1598 89 75 John
2122 1598 137 75 Diodati

1229 1646 139 75 likewife
1395 1646 162 75 publifhed
1575 1646 19 75 a
1616 1646 125 75 French
1769 1646 94 75 Bible
1881 1646 31 75 at
1933 1646 136 75 Geneva
2092 1646 32 75 in
2147 1646 110 75 1644;

1227 1691 58 75 but
1311 1691 86 75 fome
1413 1691 66 75 find
1505 1691 84 75 fault
1605 1691 78 75 with
1710 1691 48 75 his
1776 1691 144 75 method,
1946 1691 32 75 in
1995 1691 71 75 that
2083 1691 40 75 he
2149 1691 108 75 rather

1228 1739 202 75 paraphrafes
1447 1739 56 75 the
1515 1739 73 75 text
1604 1739 77 75 than
1696 1739 164 75 tranflates
1871 1739 38 75 it.
1940 1739 114 75 -Faber
2071 1739 191 75 Stapaienfis

1228 1785 170 75 tranflated
1422 1785 54 75 the
1493 1785 85 75 New
1599 1785 187 75 Teftament
1809 1785 68 75 into
1895 1785 138 75 French,
2065 1785 105 75 which
2195 1785 66 75 was

1229 1833 122 75 revifed
1375 1833 63 75 and
1462 1833 266 75 accommodated
1756 1833 34 75 to
1807 1833 56 75 the
1880 1833 53 75 ufe
1956 1833 40 75 of
2020 1833 54 75 the
2099 1833 164 75 reformed

1231 1880 155 75 churches
1410 1880 32 75 in
1465 1880 184 75 Piedmont,
1681 1880 64 75 and
1770 1880 128 75 printed
1921 1880 32 75 in
1977 1880 102 75 1534.
2136 1880 124 75 Laftly,

1228 1928 52 75 M.
1300 1928 87 75 John
1404 1928 158 75 LeClerc
1578 1928 163 75 publifhed
1757 1928 19 75 a
1787 1928 85 75 New
1887 1928 187 75 Teftament
2089 1928 34 75 in
2134 1928 127 75 French

1230 1973 31 75 at
1285 1973 202 75 Amfterdam
1513 1973 32 75 in
1574 1973 100 75 1703,
1700 1973 77 75 with
1796 1973 200 75 annotations
2021 1973 95 75 taken
2144 1973 118 75 chiefly

1229 2020 84 75 from
1325 2020 138 75 Grotius
1481 2020 61 75 and
1559 2020 207 75 Hammond;
1792 2020 57 75 but
1866 2020 55 75 the
1937 2020 54 75 ufe
2007 2020 41 75 of
2059 2020 65 75 this
2141 2020 121 75 verfion

1229 2067 64 75 was
1317 2067 185 75 prohibited
1528 2067 32 75 in
1583 2067 145 75 Holland
1751 2067 44 75 by
1819 2067 95 75 order
1933 2067 40 75 of
1991 2067 55 75 the
2065 2067 197 75 States-Ge-

1229 2113 99 75 neral,
1354 2113 34 75 as
1413 2113 132 75 tending
1562 2113 35 75 to
1623 2113 105 75 revive
1745 2113 56 75 the
1826 2113 104 75 errors
1952 2113 43 75 of
2014 2113 157 75 Sabellius
2200 2113 63 75 and

1232 2160 149 75 Socinus.

1279 2207 126 75 Italian
1421 2207 136 75 Bible.
1605 2207 78 75 The
1705 2207 64 75 firft
1786 2207 116 75 Italian
1928 2207 95 75 Bible
2039 2207 162 75 publifhed
2218 2207 46 75 by

1228 2254 59 75 the
1298 2254 194 75 Romanifts,
1510 2254 26 75 is
1550 2254 70 75 that
1632 2254 39 75 of
1683 2254 132 75 Nicolas
1828 2254 172 75 Malerme,
2024 2254 17 75 a
2057 2254 208 75 Benedidtine

1232 2300 109 75 monk,
1367 2300 127 75 printed
1522 2300 33 75 at
1575 2300 122 75 Venice
1724 2300 33 75 in
1786 2300 100 75 1471.
1941 2300 32 75 It
2000 2300 66 75 was
2094 2300 171 75 tranflated

1232 2347 84 75 from
1336 2347 55 75 the
1414 2347 155 75 Vulgate.
1622 2347 77 75 The
1723 2347 120 75 verfion
1863 2347 41 75 of
1922 2347 158 75 Anthony
2104 2347 158 75 Brucioli,

1232 2394 164 75 publifhed
1411 2394 33 75 at
1455 2394 123 75 Venice
1595 2394 30 75 in
1644 2394 98 75 1532,
1761 2394 65 75 was
1845 2394 182 75 prohibited
2044 2394 42 75 by
2097 2394 55 75 the
2165 2394 97 75 coun-

1233 2441 39 75 cil
1291 2441 39 75 of
1341 2441 118 75 Trent.
1508 2441 76 75 The
1608 2441 169 75 Calvinifts
1793 2441 141 75 likewife
1948 2441 82 75 have
2046 2441 85 75 their
2146 2441 117 75 Italian

1232 2487 124 75 Bibles.
1412 2487 113 75 There
1551 2487 27 75 is
1605 2487 61 75 one
1691 2487 39 75 of
1749 2487 87 75 John
1864 2487 137 75 Diodati
2029 2487 31 75 in
2089 2487 86 75 160.7
2200 2469 64 49 anc^

1238 2536 100 75 1641,
1370 2536 63 75 and
1458 2536 132 75 another
1615 2536 40 75 of
1678 2536 166 75 Maximus
1869 2536 203 75 Theophilus
2100 2536 33 75 in
2161 2536 99 75 1351,

1234 2579 169 75 dedicated
1420 2579 35 75 to
1467 2579 131 75 Francis
1614 2579 40 75 de
1671 2579 141 75 Medicis
1829 2579 85 75 duke
1931 2579 40 75 of
1980 2579 167 75 Tufcany.
2186 2579 78 75 The

1236 2627 87 75 Jews
1340 2627 40 75 of
1400 2627 85 75 Italy
1501 2627 81 75 have
1602 2627 42 75 no
1660 2627 102 75 entire
1779 2627 119 75 verfion
1915 2627 40 75 of
1967 2627 54 75 the
2037 2627 94 75 Bible
2148 2627 32 75 in
2197 2627 67 75 Ita-

1229 2674 67 75 lian
1308 2674 10 75 ;
1344 2674 56 75 the
1416 2674 180 75 inquifition
1609 2674 176 75 conftantly
1798 2674 135 75 refufing
1950 2674 35 75 to
2001 2674 93 75 allow
2107 2674 89 75 them
2207 2674 56 75 the

1232 2722 118 75 liberty
1366 2722 41 75 of
1418 2722 140 75 printing
1574 2722 73 75 one.

1281 2767 139 75 Spanijh
1436 2767 134 75 Bible.
1610 2767 149 75 Thefirft
1778 2767 130 75 Spanifh
1925 2767 94 75 Bible
2035 2767 70 75 that
2119 2767 50 75 we
2185 2767 78 75 hear

1234 2814 46 75 of,
1305 2814 26 75 is
1349 2814 69 75 that
1443 2814 181 75 mentioned
1652 2814 43 75 by
1716 2814 143 75 Cyprian
1876 2814 40 75 de
1932 2814 131 75 Valera,
2090 2814 103 75 which
2222 2814 42 75 he

1232 2861 69 75 fays
1318 2861 63 75 was
1410 2861 162 75 publifhed
1589 2861 96 75 about
1703 2861 55 75 the
1785 2861 77 75 year
1884 2861 100 75 1500.
2032 2861 76 75 The
2125 2861 139 75 Epiftles

1234 2907 60 75 and
1312 2907 138 75 Gofpels
1468 2907 83 75 were
1568 2907 165 75 publifhed
1748 2907 33 75 in
1798 2907 70 75 that
1885 2907 153 75 language
2055 2907 210 75 byAmbroie

1233 2955 39 75 de
1289 2955 160 75 Montefin
1467 2955 30 75 in
1522 2955 108 75 1512;
1657 2955 55 75 the
1730 2955 105 75 whole
1855 2955 94 75 Bible
1967 2955 48 75 by.
2026 2955 181 75 Caffiodore
2223 2955 42 75 de

1232 3003 125 75 Reyna,
1383 3003 19 75 a
1420 3003 165 75 Calvinift,
1611 3003 33 75 in
1665 3003 113 75 1569;
1805 3003 62 75 and
1892 3003 55 75 the
1961 3003 84 75 New
2065 3003 199 75 Teftament,

1692 3051 20 75 6
1737 3051 27 75 Z

2098 3051 168 75 dedicated
