2502 3387
2352 127 64 75 6o.

92 820 44 75 Ts

146 944 158 75 Sundries
321 944 70 75 Drs
408 944 35 75 to
460 944 179 75 Cambrics,
670 944 65 75 120
747 944 26 75 l.

157 213 14 75 (
201 213 17 75 7
245 213 15 75 )

663 132 37 75 B
781 132 39 75 O
901 132 40 75 O
1020 132 40 75 K
1090 132 16 75 -
1136 132 38 75 K

396 200 19 75 J
465 200 32 75 O
545 200 34 75 U
628 200 33 75 R
709 200 35 75 N
791 200 35 75 A
873 200 45 75 L.

1252 130 34 75 E
1364 130 35 75 E

448 291 175 75 —Odober
639 291 93 75 4th.-

153 340 146 75 EJ-jjard
313 340 146 75 Hopkins
476 340 48 75 my
542 340 143 75 accompt
708 340 36 75 in
764 340 146 75 company
936 340 54 75 Dr
1015 340 35 75 to

242 386 94 75 Cap,,
362 386 80 75 Sol.

194 434 82 75 Paid
291 434 66 75 him
374 434 55 75 my
445 434 74 75 half
530 434 88 75 (hare
635 434 40 75 of
691 434 42 75 10
746 434 175 75 hogfheads
939 434 105 75 tobac-

153 479 37 75 co
208 479 32 75 in
258 479 49 75 his
325 479 115 75 hands,

584 479 330 75 ...

546 565 20 49 9
566 533 38 75 th

151 573 154 75 Sundries
322 573 69 75 Drs
408 573 35 75 to
459 573 153 75 Edward
626 573 145 75 Hopkins
787 573 49 75 my
851 573 144 75 accompt
1012 573 32 75 in

240 619 159 75 company,
427 619 41 75 12
482 619 25 75 l-
536 619 57 75 Is.
620 619 21 75 4
651 619 33 75 d.

893 664 25 75 1.
958 664 28 75 s.
1012 664 32 75 d.

193 711 96 75 Cap,,
318 711 144 75 received
483 711 31 75 in
532 711 128 75 money,
757 711 14 75 -
884 711 43 75 27
952 711 45 75 07
1024 711 21 75 4

194 759 87 75 Bills
300 759 189 75 receivable,
508 759 50 75 for
571 759 60 75 one
648 759 43 75 on
709 759 42 75 R.
764 759 97 75 Ad-'
884 781 42 75 45
952 781 47 75 00
1022 781 23 75 o

952 989 25 75 /.

190 1038 152 75 Edward
351 1038 144 75 Hopkins
508 1038 47 75 my
567 1038 142 75 accompt
725 1038 35 75 in
777 1038 75 75 com-

234 1083 98 75 pany,
373 1083 53 75 for
454 1083 54 75 my
535 1083 74 75 half
631 1083 88 75 fliare
746 1083 40 75 of
814 1083 44 75 40
868 1083 23 75 v
930 1083 46 75 60
1000 1083 45 75 co

238 1128 117 75 pieces,
380 1128 33 75 at
432 1128 17 75 3
461 1128 25 75 /.

630 1128 14 75 -

189 1174 157 75 Edward
373 1174 146 75 Hopkins
543 1174 47 75 my
617 1174 142 75 accompt
778 1174 77 75 pro-
870 1174 14 75 /
936 1174 11 75 ,

232 1222 72 75 per,
330 1222 53 75 for
399 1222 48 75 his
464 1222 73 75 half
548 1222 100 75 fhare,

870 1222 183 75 ^600^

1477 128 359 75 PING.

1459 194 522 75 JOURNAL.

2114 205 28 75 \
2169 205 19 75 3
2216 205 13 75 )

544 1313 90 75 nth.
659 1313 9 75 -

142 1359 79 75 Cap,
239 1359 54 75 Dr
308 1359 35 75 to
365 1359 153 75 Edward
534 1359 144 75 Hopkins
697 1359 46 75 my
754 1359 143 75 accompt
907 1359 97 75 prope

235 1408 45 75 60
292 1408 25 75 l.

186 1453 161 75 Received
364 1453 51 75 for
431 1453 49 75 his
504 1453 75 75 half
590 1453 87 75 {hare
694 1453 41 75 of
747 1453 171 75 cambrics,

552 1499 91 75 20th.
656 1499 8 75 -

142 1546 156 75 Sundries
314 1546 68 75 Drs
400 1546 34 75 to
450 1546 153 75 Edward
616 1546 146 75 Hopkins
780 1546 47 75 my
844 1546 141 75 aceompt
1001 1546 35 75 in

230 1592 159 75 company,
416 1592 78 75 62/.
522 1592 55 75 8r.

939 1639 25 75 /.

182 1684 122 75 Cloves,
329 1684 52 75 for
400 1684 101 75 721b.
529 1684 33 75 at
587 1684 20 75 9
623 1684 30 75 /.

797 1684 15 75 -
933 1684 42 75 32
1003 1684 20 75 8

182 1729 95 75 Cap,,
302 1729 146 75 received
462 1729 33 75 in
511 1729 129 75 money,
736 1729 15 75 -
846 1729 14 75 -
935 1729 44 75 30
1002 1729 22 75 o

552 1824 76 75 ift-

105 1868 19 75 g
134 1868 106 75 Stuffs
265 1868 54 75 Dr
335 1868 35 75 to
396 1868 115 75 James
528 1868 113 75 Ward,
670 1868 102 75 2161.

181 1915 132 75 Bought
346 1915 45 75 90
423 1915 117 75 pieces,
566 1915 33 75 at
626 1915 53 75 21-
707 1915 19 75 8
738 1915 29 75 s.
799 1915 35 75 to
862 1915 64 75 pay
953 1915 32 75 at
1014 1915 17 75 3

135 1963 140 75 months,

512 1984 4 104 ■
516 2010 19 75 2
541 2010 51 75 2d.

91 2055 146 75 ^Profit
254 2055 69 75 and
342 2055 74 75 Lofs
434 2055 54 75 Dr
505 2055 34 75 to
556 2055 95 75 Cajh,
679 2055 18 75 2
716 2055 25 75 l.
770 2055 18 75 2
805 2055 29 75 s.

179 2100 81 75 Paid
275 2100 62 75 lofs
354 2100 40 75 of
406 2100 19 75 a
440 2100 106 75 wager
563 2100 43 75 on
622 2100 19 75 a
656 2100 196 75 horfe-race.

133 2191 79 75 Ship
229 2191 135 75 Phoenix
380 2191 36 75 in
432 2191 147 75 company
596 2191 85 75 with
693 2191 121 75 George
827 2191 88 75 Kent
929 2191 53 75 Dr
998 2191 33 75 to

227 2238 172 75 Sundries,
425 2238 69 75 640
503 2238 26 75 /.

939 2238 26 75 /.

178 2284 55 75 To
249 2284 88 75 cajh,
364 2284 50 75 for
431 2284 55 75 my
501 2284 74 75 half
585 2284 99 75 {hare,
781 2284 13 75 -
917 2284 67 75 320
1002 2284 28 75 .0

176 2331 55 75 To
248 2331 121 75 George
384 2331 90 75 Kent
491 2331 49 75 his
557 2331 141 75 accompt
710 2331 38 75 in
759 2331 79 75 com-
850 2331 21 75 7

218 2378 99 75 pany,
341 2378 52 75 for
410 2378 49 75 his
483 2378 75 75 half
574 2378 101 75 {bare,

849 2378 21 75 y
916 2357 66 75 320
1007 2357 21 75 o

492 2472 123 75 -25th.
631 2472 5 75 •

130 2517 78 75 Ship
226 2517 135 75 Phoenix
377 2517 35 75 in
437 2517 147 75 company
609 2517 84 75 with
718 2517 123 75 George
868 2517 89 75 Kent
974 2517 50 75 Df

223 2565 34 75 to
273 2565 95 75 Cajh,
399 2565 74 75 161.
506 2565 40 75 10
557 2565 29 75 s.

175 2609 81 75 Paid
272 2609 55 75 the
344 2609 165 75 carpenter
524 2609 51 75 his
590 2609 57 75 bill
660 2609 41 75 of
712 2609 133 75 repairs,

97 2701 20 75 9
127 2701 123 75 George
265 2701 88 75 Kent
366 2701 49 75 his
426 2701 143 75 accompt
578 2701 119 75 proper
714 2701 53 75 Dr
784 2701 35 75 to
837 2701 82 75 ditto
935 2701 87 75 Kent

220 2748 47 75 his
284 2748 141 75 accompt
443 2748 36 75 in
502 2748 160 75 company,
689 2748 19 75 8
720 2748 25 75 /.
775 2748 16 75 5

172 2794 64 75 For
252 2794 50 75 his
318 2794 74 75 half
403 2794 86 75 {hare
506 2794 41 75 of
558 2794 133 75 repairs.

2140 752 92 75 Rich-

1292 753 33 75 .9
1337 753 116 75 Sherry
1470 753 36 75 in
1518 753 148 75 company
1681 753 86 75 with
1780 753 122 75 George
1914 753 89 75 Kent
2016 753 44 75 Di

1429 799 66 75 ard
1507 799 115 75 Owen,
1649 799 106 75 236/.
1787 799 79 75 IO/.

1382 846 65 75 For
1463 846 22 75 9
1502 846 101 75 pipes,
1620 846 70 75 viz.
1710 846 22 75 4
1744 846 32 75 at
1794 846 43 75 26
1848 846 25 75 /.
1891 846 64 75 and
1974 846 17 75 5
2006 846 34 75 at
2053 846 80 75 261.
2156 846 43 75 10

1336 893 60 75 due
1412 893 41 75 on
1471 893 148 75 demand,

1765 893 16 75 -

1923 893 15 75 -

2081 893 14 75 -

1356 986 101 75 George
1473 986 90 75 Kent
1579 986 49 75 his
1644 986 143 75 accompt
1799 986 118 75 proper
1943 986 54 75 Dr
2014 986 36 75 to
2076 986 86 75 ditto
2185 986 49 75 his

1429 1031 142 75 accompt
1588 1031 35 75 in
1644 1031 160 75 company,
1835 1031 62 75 118
1909 1031 26 75 7.
1962 1031 17 75 5
1991 1031 29 75 s.

1382 1078 65 75 For
1462 1078 52 75 his
1530 1078 74 75 half
1614 1078 88 75 {hare
1718 1078 40 75 of
1775 1078 19 75 9
1812 1078 88 75 pipes
1916 1078 121 75 {berry,

1742 1125 38 75 27
1787 1125 57 75 th.-

124 2885 81 75 Cap,
223 2885 54 75 Dr
294 2885 30 75 to
341 2885 79 75 Ship
429 2885 134 75 Phoenix
581 2885 35 75 in
633 2885 156 75 Company
800 2885 84 75 with
902 2885 121 75 George

220 2933 99 75 Kent,
348 2933 85 75 22.1.

170 2980 164 75 Received
360 2980 13 75 1
393 2980 141 75 month’s
550 2980 133 75 freight,

164 3044 6 104 ■
170 3070 74 75 orge
262 3070 89 75 Kent
368 3070 47 75 his
432 3070 141 75 accompt
591 3070 35 75 in
650 3070 147 75 company
815 3070 53 75 Dr
885 3070 35 75 to
937 3070 82 75 ditto

217 3118 47 75 his
282 3118 140 75 accompt
435 3118 130 75 proper,
596 3118 11 75 1
621 3118 11 75 1
649 3118 24 75 /.

170 3163 60 75 For
255 3163 50 75 his
329 3163 74 75 half
421 3163 97 75 .{hare
550 3163 40 75 of
616 3163 14 75 1
661 3163 141 75 month’s
826 3163 120 75 freight
969 3163 33 75 re

123 3210 133 75 Ceived,_,

383 3210 21 75 -

542 3210 14 75 >

698 3210 15 75 -

855 3210 15 75 -

1016 3210 14 75 ^
1055 3210 10 75 j

1616 290 175 75 -Odober
1811 290 80 75 25th

1343 335 77 75 Ship
1436 335 136 75 Phoenix
1589 335 36 75 in
1641 335 148 75 company
1804 335 84 75 with
1905 335 123 75 George
2041 335 88 75 Kent
2143 335 52 75 Dr
2207 335 34 75 to

1434 381 94 75 Cap,,
1560 381 79 75 18/.

1385 428 81 75 Paid
1481 428 157 75 premium
1655 428 51 75 for
1721 428 32 75 in
1756 428 105 75 faring
1877 428 104 75 bool,
2006 428 38 75 to
2066 428 64 75 and
2157 428 82 75 from

1352 474 103 75 ladiz,

1352 568 107 75 leorge
1487 568 87 75 Kent
1602 568 49 75 his
1673 568 142 75 accompt
1833 568 119 75 proper
1968 568 53 75 Dr
2040 568 33 75 to
2091 568 83 75 ditto
2190 568 48 75 his

1429 613 141 75 accompt
1587 613 36 75 in
1640 613 160 75 conipany,
1827 613 21 75 9
1858 613 24 75 /.

1383 660 64 75 For
1461 660 51 75 his
1529 660 74 75 half
1614 660 87 75 {hare
1717 660 40 75 of
1768 660 170 75 premium,

1712 706 5 75 •
1722 706 102 75 -26th,

1335 1174 81 75 Cajh
1442 1174 54 75 Dr
1529 1174 34 75 to
1588 1174 124 75 George
1737 1174 87 75 Kent
1849 1174 49 75 his
1926 1174 143 75 accompt
2101 1174 130 75 proper,

1433 1221 98 75 124/.
1561 1221 82 75 10/.

1378 1266 164 75 Received
1557 1266 40 75 of
1608 1266 67 75 him
1691 1266 49 75 his
1756 1266 75 75 half
1842 1266 87 75 {hare
1945 1266 40 75 of
2008 1266 54 75 my
2079 1266 149 75 difburfe-

1332 1312 100 75 ments
1450 1312 41 75 on
1508 1312 54 75 the
1579 1312 150 75 Phoenix,
1754 1312 63 75 and
1833 1312 66 75 alfo
1914 1312 51 75 his
1988 1312 73 75 half
2083 1312 89 75 ihare
2194 1312 39 75 of

1333 1359 52 75 the
1407 1359 89 75 price
1513 1359 41 75 of
1573 1359 21 75 9
1611 1359 89 75 pipes
1717 1359 120 75 {berry,

1334 1450 146 75 Richard
1495 1450 101 75 Owen
1614 1450 53 75 Dr
1684 1450 34 75 to
1735 1450 96 75 Cap,,
1858 1450 106 75 236/.
1994 1450 78 75 10s.

1378 1497 81 75 Paid
1475 1497 65 75 him
1563 1497 32 75 in
1619 1497 60 75 full
1696 1497 52 75 for
1765 1497 119 75 {berry,

1724 1543 95 75 29th.

1332 1589 158 75 Sundries
1508 1589 69 75 Drs
1594 1589 35 75 to
1647 1589 117 75 Sherry
1783 1589 36 75 in
1836 1589 155 75 Company
2007 1589 84 75 with
2108 1589 112 75 Georgt

1422 1637 103 75 Kent,
1555 1637 103 75 145/.

2114 1685 27 75 1.
2197 1685 23 75 s.

1373 1730 95 75 Cap,,
1488 1730 31 75 in
1536 1730 71 75 part
1624 1730 52 75 for
1692 1730 58 75 our
1769 1730 17 75 j
1805 1730 67 75 beft
1888 1730 100 75 pipes,
2006 1730 32 75 at
2048 1730 20 75 7

1423 1779 43 75 29
1482 1779 25 75 /.

1653 1779 13 75 -

1835 1779 14 75 -

2046 1779 24 75 ^
2092 1779 64 75 120
2181 1779 39 75 oc

1370 1824 155 75 Edward
1538 1824 142 75 Turner,
1698 1824 51 75 for
1766 1824 54 75 the
1838 1824 72 75 reft,
1927 1824 42 75 on
1981 1824 56 75 de-
2049 1824 18 75 7

1418 1870 108 75 mand,

1669 1870 18 75 -

1851 1870 12 75 -

2044 1870 27 75 j
2180 1852 45 49 00
2225 1870 9 75 l

1325 2011 122 75 George
1464 2011 88 75 Kent
1569 2011 59 75 his"
1636 2011 142 75 accompt
1794 2011 36 75 in
1847 2011 148 75 company
2018 2011 53 75 Dr
2087 2011 35 75 to
2140 2011 82 75 ditto

1418 2057 48 75 his
1481 2057 142 75 accompt
1640 2057 131 75 proper,
1800 2057 77 75 72/.
1909 2057 75 75 ioj.

1375 2102 67 75 For
1459 2102 50 75 his
1526 2102 75 75 half
1611 2102 88 75 {hare
1716 2102 39 75 of
1769 2102 17 75 5
1805 2102 88 75 pipes
1921 2102 109 75 {berry
2056 2102 71 75 fold
2152 2102 64 75 Ed-

1323 2149 98 75 ward
1436 2149 145 75 Turner,
1607 2149 32 75 at
1658 2149 44 75 29
1718 2149 26 75 /.

1623 2195 186 75 November
1830 2195 43 75 ift

1279 2239 33 75 .9
1321 2239 82 75 Cajh
1422 2239 52 75 Dr
1488 2239 34 75 to
1534 2239 119 75 Sherry
1672 2239 35 75 in
1724 2239 145 75 company
1883 2239 84 75 with
1979 2239 122 75 George
2118 2239 98 75 Kent,

1421 2288 64 75 no
1500 2288 25 75 /.
1552 2288 20 75 8

1367 2335 162 75 Received
1545 2335 52 75 for
1615 2335 20 75 4
1653 2335 100 75 pipes,
1779 2335 34 75 at
1831 2335 42 75 27
1884 2335 25 75 /.
1932 2335 38 75 12
1984 2335 29 75 /.

1039 2430 66 75 640
1114 2430 45 75 OO
1170 2430 46 75 00
1227 2430 4 75 .
1277 2430 32 75 -8
1319 2430 124 75 George
1459 2430 88 75 Kent
1565 2430 50 75 his
1630 2430 141 75 dccompt
1789 2430 36 75 in
1842 2430 145 75 company
2006 2430 53 75 Dr
2075 2430 38 75 to
2135 2430 80 75 ditto

1413 2474 46 75 his
1477 2474 139 75 accompt
1629 2474 127 75 proper,
1786 2474 85 75 55/.
1898 2474 20 75 4
1935 2474 28 75 s.

1364 2519 66 75 For
1453 2519 49 75 his
1519 2519 74 75 half
1603 2519 89 75 {hare
1720 2519 40 75 of
1791 2519 100 75 no/.
1917 2519 60 75 Sr.
2002 2519 145 75 received
2164 2519 50 75 for

1318 2568 18 75 4
1353 2568 89 75 pipes
1456 2568 140 75 ftierry,.

1736 2568 15 75 -

2249 894 65 75 236

2322 1082 98 75 0500

1271 2661 135 75 .cyCaJh,
1432 2661 53 75 Dr
1502 2661 35 75 to
1553 2661 155 75 Edward
1726 2661 146 75 Turner,
1897 2661 78 75 25/.

1357 2709 163 75 Received
1536 2709 39 75 of
1586 2709 68 75 him
1670 2709 31 75 in
1717 2709 62 75 full
1794 2709 53 75 for
1862 2709 125 75 flierry.

1311 2802 115 75 Sherry
1444 2802 35 75 in
1496 2802 146 75 company
1655 2802 83 75 with
1755 2802 122 75 George
1894 2802 89 75 Kent
2000 2802 54 75 Dr
2066 2802 36 75 to
2111 2802 93 75 Cajh,

1404 2851 16 75 3
1439 2851 26 75 l.
1493 2851 17 75 2
1531 2851 25 75 s.

1354 2895 80 75 Paid
1449 2895 154 75 carriage,
1627 2895 196 75 cellar-rent,
1850 2895 66 75 drc.

1309 2988 121 75 George
1445 2988 90 75 Kent
1551 2988 50 75 his
1613 2988 5 75 -
1627 2988 142 75 accompt
1790 2988 118 75 proper
1933 2988 53 75 Dr
1999 2988 38 75 to
2054 2988 83 75 ditto
2152 2988 48 75 his

1399 3035 141 75 accompt
1557 3035 35 75 in
1609 3035 159 75 company,
1798 3035 13 75 1
1830 3035 16 75 /
1892 3035 36 75 11
1943 3035 30 75 s.

1354 3084 64 75 For
1433 3084 50 75 his
1499 3084 74 75 half
1583 3084 87 75 {hare
1688 3084 39 75 of
1739 3084 154 75 carriage,
1907 3084 200 75 cellar-rent,
2134 3084 62 75 6-r.

2191 3274 205 75 November.
