2428 3377
118 133 84 75 222

673 133 43 75 A
831 133 45 75 N
992 133 42 75 A
1149 133 40 75 T

115 194 61 75 ties
193 194 42 75 on
252 194 57 75 the
324 194 98 75 infide
438 194 140 75 thereof,
603 194 142 75 oppofite
761 194 36 75 to
814 194 56 75 the
886 194 151 75 infertion
1049 194 41 75 of
1102 194 55 75 the

118 241 158 75 maffeter.

140 331 400 75 PTERYGOID.EUS
565 331 166 75 MINOPv
750 331 76 75 five
849 331 283 75 EXTERNUS.

164 413 102 75 This
291 413 27 75 is
342 413 40 75 an
409 413 120 75 oblong
553 413 97 75 flefhy
666 413 131 75 mufcle,
823 413 96 75 much
935 413 127 75 fmaller
1077 413 78 75 than

117 460 55 75 the
185 460 106 75 other,
317 460 63 75 and
401 460 135 75 fxtuated
563 460 111 75 almoft
701 460 220 75 horizontally
937 460 145 75 between
1099 460 57 75 the

118 506 122 75 outfide
257 506 40 75 of
324 506 55 75 the
396 506 165 75 apophyfis
584 506 219 75 pterygoides,
830 506 62 75 and
908 506 57 75 the
981 506 176 75 condyloid

114 552 168 75 apophyfis
301 552 41 75 of
353 552 55 75 the
424 552 100 75 lower
537 552 80 75 jaw,
642 552 56 75 the
715 552 119 75 fubjeft
859 552 96 75 being
971 552 184 75 confidered

116 601 34 75 in
167 601 40 75 an
224 601 85 75 eredt
320 601 139 75 pofture.

163 645 32 75 It
211 645 27 75 is
254 645 89 75 fixed
359 645 43 75 by
417 645 61 75 one
494 645 176 75 extremity
686 645 36 75 to
738 645 55 75 the
809 645 121 75 outfide
946 645 63 75 and
1026 645 81 75 edge
1120 645 40 75 of

115 692 58 75 the
190 692 93 75 outer
300 692 51 75 ala
366 692 40 75 of
432 692 56 75 the
505 692 170 75 pterygoid
693 692 178 75 apophyfis,
897 692 101 75 filling
1018 692 55 75 the
1090 692 63 75 fof-

115 738 68 75 fula
199 738 104 75 which
321 738 26 75 is
360 738 34 75 at
404 738 55 75 the
471 738 78 75 bafis
566 738 42 75 of
618 738 64 75 this
700 738 179 75 apophyfis,
907 738 76 75 near
997 738 54 75 the
1074 738 80 75 bafis

117 785 41 75 of
169 785 56 75 the
243 785 155 75 temporal
415 785 179 75 apophyfis,
620 785 41 75 of
671 785 57 75 the
744 785 182 75 fphenoidal
941 785 94 75 bone.

164 831 98 75 From
286 831 116 75 thence
424 831 27 75 it
468 831 74 75 runs
566 831 183 75 backward,
774 831 64 75 and
854 831 19 75 a
896 831 82 75 little
995 831 159 75 outward,

116 877 70 75 into
202 877 55 75 the
269 877 75 75 void
357 877 89 75 fpace
458 877 144 75 between
620 877 56 75 the
688 877 67 75 two
768 877 173 75 apophyfes
954 877 40 75 of
1007 877 56 75 the
1075 877 79 75 low-

117 923 37 75 er
167 923 81 75 jay,
274 923 62 75 and
352 923 26 75 is
396 923 137 75 inferted
551 923 175 75 anteriorly
742 923 33 75 in
799 923 55 75 the
872 923 174 75 condyloid
1078 923 76 75 apo-

116 971 117 75 phyfis,
260 971 33 75 at
310 971 19 75 a
352 971 89 75 fmall
470 971 112 75 fofiula
608 971 218 75 immediately
854 971 101 75 under
983 971 56 75 the
1065 971 92 75 inner

117 1017 92 75 angle
225 1017 40 75 of
277 1017 55 75 the
349 1017 150 75 condyle.
548 1017 33 75 It
597 1017 26 75 is
649 1017 64 75 alio
730 1017 90 75 fixed
836 1017 35 75 to
884 1017 56 75 {he
956 1017 143 75 capfular
1115 1017 39 75 li-

116 1064 129 75 gament
261 1064 41 75 of
313 1064 55 75 the
381 1064 99 75 joint.

385 1157 36 75 D
438 1157 16 75 I
471 1157 35 75 G
524 1157 34 75 A
577 1157 22 75 S
617 1157 35 75 T
669 1157 32 75 R
719 1157 16 75 I
754 1157 29 75 C
802 1157 33 75 U
856 1157 37 75 S.

163 1229 100 75 This
279 1229 26 75 is
323 1229 19 75 a
353 1229 88 75 fraall
453 1229 77 75 long
541 1229 130 75 mufcle,
697 1229 135 75 fimated
842 1229 150 75 laterally
1007 1229 146 75 between

115 1277 58 75 the
190 1277 104 75 whole
310 1277 78 75 bafis
405 1277 41 75 of
468 1277 55 75 the
545 1277 66 75 jaw
627 1277 64 75 and
718 1277 55 75 the
790 1277 121 75 throat.
961 1277 32 75 It
1013 1277 27 75 is
1057 1277 97 75 flefiry

116 1324 35 75 at
167 1324 79 75 both
264 1324 212 75 extremities,
503 1324 63 75 and
581 1324 171 75 tendinous
775 1324 32 75 in
836 1324 56 75 the
919 1324 133 75 middle,
1078 1324 32 75 as
1129 1324 30 75 if

116 1370 28 75 it
162 1370 152 75 confifted
328 1370 40 75 of
380 1370 65 75 two
462 1370 88 75 fmall
568 1370 132 75 mufcles
714 1370 113 75 joined
839 1370 136 75 endwife
988 1370 44 75 by
1048 1370 18 75 a
1083 1370 71 75 ten-

116 1416 78 75 don,
220 1416 63 75 and
306 1416 84 75 from
407 1416 114 75 thence
548 1416 27 75 it
601 1416 28 75 is
646 1416 104 75 called
766 1416 194 75 digaflricus
975 1416 34 75 in
1025 1416 127 75 Greek,

120 1463 62 75 and
201 1463 145 75 biventer
362 1463 31 75 in
410 1463 113 75 Latin.

165 1509 31 75 It
208 1509 26 75 is
252 1509 89 75 fixed
362 1509 44 75 by
422 1509 60 75 one
499 1509 97 75 fkfhy
611 1509 176 75 extremity
803 1509 31 75 in
853 1509 56 75 the
926 1509 103 75 fulcus
1046 1509 41 75 of
1097 1509 57 75 the

116 1556 136 75 maftoid
284 1556 178 75 apophyfis.
512 1556 98 75 From
638 1556 115 75 thence
780 1556 27 75 it
835 1556 76 75 runs
928 1556 152 75 forward,
1102 1556 51 75 in-

117 1602 118 75 clining
253 1602 141 75 towards
410 1602 56 75 the
483 1602 36 75 os
535 1602 148 75 hyoides,
708 1602 108 75 where
832 1602 55 75 the
903 1602 65 75 firft
984 1602 97 75 flelhy
1096 1602 58 75 bo-

116 1648 45 75 dy
177 1648 78 75 ends
271 1648 33 75 in
321 1648 18 75 a
356 1648 103 75 roijnd
469 1648 133 75 tendon,
628 1648 105 75 which
755 1648 27 75 is
800 1648 174 75 connedted
989 1648 35 75 to
1041 1648 56 75 the
1108 1648 46 75 la-

117 1695 82 75 teral
215 1695 73 75 part
304 1695 62 75 and
378 1695 73 75 root
467 1695 41 75 of
525 1695 55 75 the
598 1695 118 75 cornua
738 1695 45 75 of
796 1695 71 75 that
884 1695 82 75 bone
982 1695 44 75 by
1042 1695 19 75 a
1076 1695 79 75 kind

119 1741 39 75 of
170 1741 204 75 aponeurotic
391 1741 167 75 ligament,
583 1741 63 75 and
662 1741 57 75 not
742 1741 43 75 by
812 1741 19 75 a
847 1741 114 75 vagina
977 1741 39 75 or
1032 1741 122 75 pulley.

166 1788 89 75 Here
271 1788 56 75 the
349 1788 120 75 tendon
493 1788 27 75 is
543 1788 199 75 inciirvated,
768 1788 62 75 and
845 1788 160 75 prefently
1027 1788 78 75 ends
1122 1788 33 75 in

117 1834 56 75 the
191 1834 92 75 other
299 1834 95 75 fiefny
410 1834 100 75 body,
534 1834 107 75 which
658 1834 26 75 is
712 1834 90 75 fixed
816 1834 218 75 immediately
1056 1834 101 75 above

117 1884 58 75 the
189 1884 136 75 internal
334 1884 122 75 labium
472 1884 40 75 of
523 1884 57 75 the
597 1884 78 75 bafis
692 1884 40 75 of
744 1884 58 75 the
817 1884 74 75 chin
909 1884 74 75 near
1002 1884 55 75 the
1070 1884 83 75 fym-

118 1927 118 75 phyfis,
262 1927 32 75 in
328 1927 19 75 a
375 1927 89 75 fmall
487 1927 138 75 nnecjual
653 1927 186 75 depreffion.
887 1927 86 75 This
1002 1927 152 75 infertion

118 1974 29 75 is
164 1974 137 75 broader
317 1974 78 75 than
411 1974 70 75 that
493 1974 39 75 of
545 1974 55 75 tfie
616 1974 94 75 other
733 1974 187 75 extremity.

166 2067 95 75 Uses
287 2067 42 75 of
335 2067 52 75 the
404 2067 143 75 Mufcles
573 2067 109 75 nuhich
700 2067 87 75 move
803 2067 54 75 the
873 2067 118 75 Lonskr
1007 2067 99 75 Janu.

167 2152 85 75 The
271 2152 71 75 two
354 2152 189 75 temporales
560 2152 104 75 adting
690 2152 163 75 together,
878 2152 78 75 raife
983 2152 57 75 the
1055 2152 101 75 lower

121 2199 74 75 law,
220 2199 85 75 prefs
323 2199 55 75 the
395 2199 89 75 teeth
501 2199 32 75 in
559 2199 73 75 that
645 2199 65 75 j%w
729 2199 117 75 againft
865 2199 56 75 the
937 2199 100 75 upper
1053 2199 101 75 teeth,

122 2245 63 75 and
202 2245 65 75 pull
285 2245 26 75 it
324 2245 80 75 back
420 2245 93 75 when
531 2245 26 75 it
573 2245 56 75 has
648 2245 78 75 been
752 2245 124 75 carried
897 2245 34 75 fo
947 2245 51 75 far
1013 2245 145 75 forward

122 2294 33 75 as
172 2294 71 75 that
260 2294 56 75 the
332 2294 100 75 lower
448 2294 149 75 incifores
624 2294 55 75 get
701 2294 110 75 before
827 2294 55 75 the
899 2294 110 75 upper.
1057 2294 101 75 They

120 2338 142 75 perform
278 2338 56 75 the
349 2338 57 75 laft
422 2338 122 75 motion
572 2338 43 75 by
644 2338 84 75 their
744 2338 80 75 moft
847 2338 152 75 poflerior
1015 2338 142 75 portion,

122 2384 107 75 which
245 2384 98 75 paffes
360 2384 77 75 over
453 2384 57 75 the
538 2384 73 75 root
638 2384 40 75 of
700 2384 56 75 the
781 2384 183 75 zygomatic
981 2384 177 75 apophyfis,

123 2432 64 75 and
203 2432 54 75 the
280 2432 94 75 other
396 2432 139 75 motions
563 2432 45 75 by
635 2432 56 75 the
716 2432 220 75 co-operation
954 2432 40 75 of
1013 2432 42 75 all
1073 2432 84 75 their

123 2477 158 75 inufcular
297 2477 95 75 radii.

146 2523 5 75 .
169 2523 78 75 The
262 2523 67 75 two
345 2523 160 75 mafleters
532 2523 88 75 ferve
647 2523 37 75 to
711 2523 77 75 raife
805 2523 55 75 the
876 2523 101 75 lower
988 2523 81 75 jaw,
1095 2523 64 75 and

123 2571 37 75 to
176 2571 75 75 pulh
267 2571 55 75 the
338 2571 101 75 lower
453 2571 90 75 teeth
567 2571 118 75 againll
709 2571 56 75 the
788 2571 111 75 upper,
925 2571 32 75 in
981 2571 104 75 which
1104 2571 54 75 ufe

125 2617 78 75 they
230 2617 184 75 co-operate
442 2617 78 75 with
548 2617 56 75 the
636 2617 203 75 temporales.
895 2617 98 75 They
1017 2617 142 75 Jikewife

126 2663 92 75 bring
237 2663 64 75 this
315 2663 66 75 jaw
397 2663 142 75 forward
554 2663 44 75 by
612 2663 84 75 their
712 2663 148 75 external
877 2663 62 75 and
954 2663 115 75 larged
1084 2663 74 75 por-

125 2712 69 75 tion
209 2712 9 75 ;
245 2712 88 75 draw
350 2712 27 75 it
389 2712 81 75 back
486 2712 44 75 by
545 2712 85 75 their
641 2712 121 75 middle
774 2712 152 75 portion;
944 2712 62 75 and
1023 2712 93 75 move
1133 2712 26 75 it

126 2755 151 75 laterally
302 2755 44 75 by
373 2755 84 75 their
484 2755 143 75 fuperior
651 2755 142 75 portions
823 2755 104 75 adling
955 2755 201 75 alternately.

127 2804 53 75 By
195 2804 56 75 the
267 2804 222 75 co-operation
505 2804 39 75 of
556 2804 42 75 all
614 2804 56 75 the
689 2804 90 75 three
795 2804 162 75 portions,
978 2804 78 75 they
1072 2804 85 75 prefs

128 2848 57 75 the
200 2848 100 75 lower
318 2848 86 75 teeth
423 2848 117 75 againd
556 2848 55 75 the
624 2848 111 75 upper.

175 2893 89 75 Both
279 2893 208 75 pterygoidsei
503 2893 117 75 interni
634 2893 89 75 ferve
739 2893 35 75 to
790 2893 80 75 raife
889 2893 55 75 the
966 2893 100 75 lower
1079 2893 80 75 jaw,

127 2939 36 75 to
175 2939 94 75 bring
280 2939 54 75 the
343 2939 99 75 lower
459 2939 88 75 teeth
565 2939 76 75 near
656 2939 55 75 the
727 2939 111 75 upper,
864 2939 63 75 and
943 2939 37 75 to
994 2939 93 75 move
1103 2939 56 75 the

121 2988 68 75 jaw
203 2988 160 75 laterally,
388 2988 33 75 as
437 2988 32 75 in
487 2988 148 75 grinding
650 2988 54 75 the
720 2988 91 75 food.

1307 129 40 75 O
1465 129 49 75 M
1631 129 51 75 Y.

2068 129 100 75 Part
2186 129 51 75 II.

1253 191 76 75 The
1345 191 67 75 two
1427 191 208 75 pterygoidxi
1653 191 125 75 externi
1797 191 92 75 bring
1907 191 55 75 the
1977 191 101 75 lower
2089 191 67 75 jaw
2172 191 67 75 for-

1208 238 101 75 ward,
1334 238 31 75 in
1382 238 95 75 order
1493 238 36 75 to
1545 238 46 75 fet
1619 238 55 75 the
1701 238 100 75 lower
1817 238 148 75 incifores
1983 238 109 75 before
2109 238 55 75 the
2181 238 58 75 up-

1208 283 75 75 per;
1309 283 32 75 in
1358 283 106 75 which
1488 283 102 75 adtion
1617 283 79 75 they
1719 283 52 75 are
1796 283 190 75 antagonids
2015 283 34 75 to
2066 283 55 75 the
2137 283 102 75 pode-

1208 329 65 75 rior
1289 329 129 75 portion
1442 329 42 75 of
1495 329 55 75 the
1574 329 205 75 temporales,
1804 329 61 75 and
1882 329 55 75 the
1954 329 90 75 great
2061 329 127 75 portion
2204 329 42 75 of

1207 377 55 75 the
1279 377 172 75 mafleters.
1501 377 112 75 When
1641 377 61 75 one
1725 377 39 75 of
1782 377 89 75 them
1894 377 77 75 arts,
1996 377 26 75 it
2049 377 117 75 carries
2183 377 57 75 the

1207 423 72 75 chin
1308 423 169 75 obliquely
1506 423 152 75 forward,
1684 423 38 75 or
1746 423 90 75 turns
1860 423 26 75 it
1913 423 126 75 toward
2067 423 55 75 the
2145 423 95 75 other

1207 471 89 75 fides.
1345 471 86 75 This
1448 471 132 75 oblique
1595 471 121 75 motion
1740 471 27 75 is
1790 471 183 75 performed
1987 471 194 75 alternately
2197 471 44 75 by

1206 517 86 75 thefe
1309 517 66 75 two
1392 517 133 75 mufcles
1543 517 103 75 arting
1662 517 111 75 fingly.

1252 564 76 75 The
1344 564 65 75 two
1426 564 159 75 digadrici
1596 564 88 75 ferve
1701 564 34 75 to
1753 564 124 75 deprefs
1893 564 57 75 the
1965 564 100 75 lower
2076 564 79 75 jaw,
2176 564 61 75 and

1205 612 35 75 to
1259 612 81 75 open
1352 612 55 75 the
1423 612 126 75 mouth.

1251 659 77 75 The
1344 659 89 75 force
1460 659 40 75 of
1523 659 87 75 thefe
1633 659 133 75 mufcles
1794 659 26 75 is
1849 659 79 75 very
1953 659 226 75 confiderable,
2205 659 34 75 as

1205 703 74 75 may
1291 703 40 75 be
1347 703 104 75 ftiewn
1467 703 45 75 by
1526 703 110 75 laying
1658 703 55 75 the
1729 703 105 75 elbow
1850 703 41 75 on
1917 703 17 75 a
1951 703 98 75 table,
2074 703 63 75 and
2152 703 87 75 lean-

1205 749 54 75 ing
1275 749 80 75 with
1382 749 56 75 the
1455 749 73 75 chin
1552 749 43 75 on
1619 749 56 75 the
1702 749 98 75 hand,
1825 749 96 75 while
1944 749 49 75 we
2009 749 181 75 endeavour
2207 749 33 75 at

1206 798 55 75 the
1277 798 84 75 fame
1377 798 77 75 time
1471 798 35 75 to
1534 798 127 75 deprefs
1686 798 55 75 the
1773 798 99 75 lower
1884 798 89 75 jaw;
2000 798 53 75 for
2068 798 33 75 as
2119 798 32 75 in
2168 798 71 75 that

1206 843 69 75 cafe
1291 843 64 75 this
1370 843 66 75 jaw
1453 843 116 75 cannot
1586 843 148 75 defeend,
1760 843 55 75 the
1831 843 173 75 digadrici,
2031 843 43 75 by
2090 843 84 75 their
2190 843 48 75 in-

1205 890 133 75 fertions
1355 890 32 75 in
1404 890 55 75 the
1476 890 164 75 apophyfis
1661 890 190 75 madoidasa,
1876 890 78 75 raile
1977 890 55 75 the
2049 890 98 75 upper
2159 890 78 75 jaw,

1204 935 44 75 by
1270 935 141 75 bending
1437 935 55 75 the
1519 935 86 75 head
1626 935 172 75 backward
1825 935 42 75 on
1883 935 55 75 the
1956 935 151 75 condyles
2124 935 38 75 of
2181 935 57 75 the

1204 984 100 75 lower
1315 984 79 75 jaw.

1205 1131 154 75 Sect.
1389 1131 130 75 XVII.
1575 1131 80 75 Tkc
1673 1131 214 75 TAvsclks
1909 1131 134 75 which
2058 1131 102 75 move
2174 1131 66 75 the

1590 1188 52 75 Os
1673 1188 176 75 Hyoides.

1415 1322 40 75 M
1472 1322 30 75 Y
1520 1322 31 75 L
1568 1322 101 75 O-H
1686 1322 32 75 Y
1734 1322 32 75 O
1784 1322 16 75 I
1818 1322 36 75 D
1871 1322 46 75 iE
1933 1322 34 75 U
1987 1322 37 75 S.

1250 1408 101 75 This
1381 1408 27 75 is
1434 1408 19 75 a
1475 1408 114 75 broad,
1622 1408 83 75 thin,
1737 1408 182 75 penniform
1941 1408 130 75 mufcle,
2104 1408 134 75 fitpated

1204 1456 208 75 tranfverfely
1429 1456 143 75 between
1589 1456 56 75 the
1660 1456 135 75 internal
1813 1456 111 75 lateral
1941 1456 88 75 parts
2052 1456 41 75 of
2110 1456 55 75 the
2181 1456 57 75 ba-

1204 1501 36 75 fis
1257 1501 41 75 of
1317 1501 55 75 the
1387 1501 102 75 lower
1500 1501 79 75 jaw,
1605 1501 63 75 and
1684 1501 89 75 lying
1796 1501 41 75 on
1854 1501 55 75 the
1932 1501 140 75 anterior
2095 1501 144 75 portions

1204 1548 40 75 of
1262 1548 55 75 the
1334 1548 66 75 two
1413 1548 148 75 digadric
1572 1548 146 75 mufcles.

1252 1593 30 75 It
1299 1593 26 75 is
1342 1593 93 75 made
1458 1593 42 75 up
1524 1593 40 75 of
1583 1593 67 75 two
1667 1593 93 75 equal
1779 1593 96 75 flefliy
1890 1593 156 75 portions,
2072 1593 60 75 one
2149 1593 89 75 lying

1204 1640 40 75 on
1263 1640 54 75 the
1334 1640 87 75 right
1437 1640 76 75 fide,
1539 1640 54 75 the
1611 1640 94 75 other
1722 1640 41 75 on
1779 1640 55 75 the
1851 1640 72 75 leit,
1949 1640 80 75 both
2042 1640 32 75 in
2087 1640 55 75 the
2154 1640 83 75 fame

1204 1687 105 75 plane,
1336 1687 63 75 and
1413 1687 111 75 joined
1542 1687 34 75 to
1593 1687 18 75 a
1626 1687 89 75 fmall
1733 1687 121 75 middle
1870 1687 131 75 tendon,
2026 1687 105 75 which
2149 1687 26 75 is
2188 1687 48 75 in-

1204 1734 104 75 ferted
1320 1734 175 75 anteriorly
1510 1734 31 75 in
1558 1734 55 75 the
1630 1734 119 75 middle
1767 1734 39 75 of
1824 1734 55 75 the
1896 1734 78 75 bafis
1991 1734 40 75 of
2049 1734 55 75 the
2123 1734 35 75 os
2176 1734 61 75 hy-

1204 1780 102 75 oides,
1331 1780 62 75 and
1416 1780 85 75 from
1526 1780 115 75 thence
1657 1780 74 75 runs
1747 1780 135 75 diredtly
1897 1780 154 75 forward,
2075 1780 161 75 diminilh-

1203 1828 54 75 ing
1272 1828 169 75 gradually
1456 1828 32 75 in
1500 1828 41 75 its
1559 1828 122 75 courfe.

1250 1874 91 75 Each
1357 1874 127 75 portion
1501 1874 26 75 is
1546 1874 101 75 fixed,
1673 1874 43 75 by
1731 1874 98 75 flelhy
1845 1874 107 75 fibres,
1978 1874 35 75 to
2029 1874 56 75 the
2101 1874 134 75 internal

1201 1919 113 75 lateral
1338 1919 72 75 part
1426 1919 40 75 of
1485 1919 56 75 the
1552 1919 101 75 lower
1669 1919 79 75 jaw,
1774 1919 144 75 between
1935 1919 55 75 the
2007 1919 131 75 oblique
2161 1919 73 75 pro-

1203 1965 120 75 minent
1338 1965 65 75 line
1419 1965 63 75 and
1498 1965 56 75 the
1570 1965 92 75 bafis,
1688 1965 101 75 under
1806 1965 54 75 the
1876 1965 64 75 firft
1952 1965 74 75 four
2037 1965 111 75 dentes
2165 1965 68 75 mo-

1202 2012 82 75 lares
1313 2012 61 75 and
1391 2012 143 75 caninus.
1580 2012 77 75 The
1686 2012 139 75 anterior
1850 2012 61 75 and
1939 2012 134 75 greateft
2106 2012 71 75 part
2199 2012 41 75 of

1203 2058 56 75 the
1281 2058 93 75 other
1392 2058 93 75 fibres
1502 2058 40 75 of
1561 2058 78 75 each
1655 2058 128 75 portion
1806 2058 59 75 run
1889 2058 164 75 obliquely
2071 2058 84 75 from
2179 2058 54 75 be-

1203 2106 70 75 fore
1292 2106 185 75 backward,
1502 2106 35 75 to
1553 2106 55 75 the
1625 2106 120 75 middle
1760 2106 133 75 tendon,
1917 2106 33 75 in
1966 2106 103 75 which
2087 2106 77 75 they
2181 2106 54 75 are

1203 2152 159 75 regularly
1378 2152 99 75 fixed,
1496 2152 54 75 the
1567 2152 141 75 anterior
1723 2152 94 75 fibres
1829 2152 96 75 being
1941 2152 55 75 the
2012 2152 142 75 flrorteft,
2172 2152 63 75 and

1204 2199 18 75 a
1241 2199 89 75 fmall
1347 2199 174 75 triangular
1537 2199 76 75 void
1629 2199 89 75 fpace
1735 2199 93 75 being
1843 2199 127 75 formed
1987 2199 142 75 between
2146 2199 90 75 them

1205 2246 61 75 and
1282 2246 55 75 the
1353 2246 172 75 fymphyfis
1537 2246 40 75 of
1595 2246 55 75 the
1667 2246 86 75 chin.

1251 2292 76 75 The
1351 2292 152 75 pofterior
1527 2292 95 75 fibres
1647 2292 40 75 of
1705 2292 76 75 each
1800 2292 139 75 portion,
1965 2292 105 75 which
2087 2292 91 75 make
2201 2292 33 75 a-

1204 2338 80 75 bout
1308 2338 17 75 a
1350 2338 109 75 fourth
1482 2338 72 75 part
1576 2338 40 75 of
1635 2338 56 75 the
1714 2338 117 75 whole,
1857 2338 58 75 run
1937 2338 139 75 likewife
2098 2338 41 75 on
2156 2338 79 75 each

1205 2386 63 75 fide
1285 2386 106 75 to,the
1409 2386 77 75 bafis
1499 2386 40 75 of
1551 2386 55 75 the
1622 2386 35 75 os
1674 2386 145 75 hypides,
1844 2386 61 75 and
1923 2386 52 75 are
1992 2386 136 75 inferted
2141 2386 94 75 along

1206 2432 55 75 the
1277 2432 100 75 lower
1392 2432 79 75 edge
1489 2432 41 75 of
1546 2432 42 75 its
1610 2432 140 75 anterior
1773 2432 37 75 or
1832 2432 124 75 convex
1970 2432 77 75 fide,
2072 2432 61 75 and
2150 2432 84 75 from

1205 2479 113 75 thence
1331 2479 18 75 a
1363 2479 86 75 little
1465 2479 144 75 upward.

1401 2581 531 75 GENIO-HYOID-E
1948 2581 90 75 US.

1253 2662 99 75 This
1367 2662 26 75 is
1411 2662 19 75 a
1440 2662 89 75 fmall
1547 2662 61 75 and
1622 2662 110 75 pretty
1742 2662 78 75 long
1835 2662 97 75 flelhy
1949 2662 130 75 mufcle,
2100 2662 135 75 fituated

1205 2708 142 75 between
1364 2708 55 75 the
1436 2708 171 75 fymphyfis
1624 2708 38 75 of
1685 2708 54 75 the
1764 2708 75 75 chin
1864 2708 61 75 and
1949 2708 54 75 the
2029 2708 35 75 os
2086 2708 147 75 byoides,

1205 2756 82 75 clofe
1304 2756 43 75 by
1363 2756 40 75 its
1421 2756 120 75 fellow.

1253 2802 31 75 It
1301 2802 26 75 is
1339 2802 99 75 fixed,
1464 2802 44 75 by
1522 2802 42 75 its
1581 2802 139 75 anterior
1735 2802 187 75 extremity,
1946 2802 36 75 to
1998 2802 18 75 a
2031 2802 115 75 rough,
2171 2802 65 75 and

1205 2850 180 75 fometimes
1407 2850 179 75 prominent
1609 2850 135 75 furface,
1769 2850 41 75 on
1834 2850 56 75 the
1911 2850 89 75 inner
2021 2850 37 75 or
2082 2850 153 75 pofterior

1205 2897 63 75 fide
1283 2897 41 75 of
1336 2897 55 75 the
1406 2897 172 75 fymphyns
1595 2897 40 75 of
1646 2897 54 75 the
1717 2897 100 75 lower
1828 2897 78 75 jaw,
1933 2897 18 75 a
1966 2897 85 75 little
2068 2897 99 75 above
2179 2897 55 75 the

1205 2943 87 75 chin.
1340 2943 99 75 From
1463 2943 114 75 thence
1599 2943 24 75 it
1649 2943 74 75 runs
1747 2943 184 75 backward,
1963 2943 62 75 and
2048 2943 27 75 is
2091 2943 143 75 .inferted

1205 2990 174 75 anteriorly
1395 2990 33 75 in
1448 2990 55 75 the
1520 2990 99 75 upper
1638 2990 81 75 edge
1736 2990 40 75 of
1794 2990 55 75 the
1867 2990 78 75 bafis
1958 2990 40 75 ef
2016 2990 55 75 the
2088 2990 36 75 os
2140 2990 91 75 hyoi-
2162 3031 69 75 des.
