2483 3387
612 150 1060 75 ARITHMETIC
1754 150 52 75 K.

1277 219 123 75 Pros.
1425 219 65 75 IV.
1538 219 57 75 To
1612 219 118 75 reduce
1747 219 164 75 adecimal
1930 219 36 75 to
1980 219 107 75 value.

1277 265 125 75 Rule.
1451 265 160 75 Multiply
1627 265 57 75 the
1700 265 94 75 given
1810 265 136 75 decimal
1962 265 46 75 by
2018 265 56 75 the
2086 265 134 75 number
2236 265 39 75 of

1230 312 88 75 parts
1329 312 46 75 -of
1398 312 56 75 the
1471 312 78 75 next
1577 312 135 75 inferior
1734 312 237 75 denomination
1988 312 169 75 contained
2183 312 33 75 in
2233 312 40 75 an

1231 359 70 75 unit
1318 359 40 75 of
1378 359 57 75 the
1459 359 149 75 integer;
1641 359 64 75 and
1729 359 84 75 from
1836 359 56 75 the
1916 359 134 75 product
2067 359 90 75 point
2175 359 53 75 off
2237 359 36 75 fo

1230 406 96 75 many
1342 406 116 75 figures
1470 406 36 75 to
1522 406 57 75 the
1595 406 88 75 right
1699 406 87 75 hand
1803 406 33 75 as
1853 406 91 75 there
1962 406 53 75 are
2036 406 105 75 places
2165 406 33 75 in
2215 406 58 75 the

1228 454 93 75 given
1338 454 149 75 decimal.
1535 454 57 75 On
1609 454 55 75 the
1678 454 63 75 left
1758 454 86 75 hand
1861 454 40 75 of
1914 454 54 75 the
1985 454 92 75 point
2099 454 54 75 are
2170 454 99 75 parts,

1231 501 62 75 and
1310 501 40 75 on
1375 501 56 75 the
1448 501 87 75 right
1552 501 19 75 a
1586 501 135 75 decimal
1738 501 42 75 of
1789 501 62 75 one
1868 501 41 75 of
1919 501 88 75 thefe
2025 501 86 75 parts
2127 501 11 75 ;
2164 501 105 75 which

1229 547 135 75 decimal
1381 547 80 75 mufl:
1479 547 38 75 be
1533 547 141 75 reduced
1689 547 34 75 in
1739 547 55 75 the
1811 547 83 75 fame
1910 547 131 75 manner
2064 547 35 75 to
2118 547 56 75 the
2191 547 78 75 next

1227 594 132 75 inferior
1381 594 252 75 denomination,
1658 594 64 75 and
1746 594 84 75 from
1856 594 71 75 that
1951 594 34 75 to
2010 594 56 75 the
2083 594 92 75 next,
2205 594 63 75 and

1229 642 34 75 fo
1280 642 42 75 on
1345 642 37 75 to
1402 642 56 75 the
1481 642 110 75 loweft
1605 642 10 75 ;
1642 642 56 75 the
1722 642 122 75 feveral
1867 642 117 75 figures
2008 642 43 75 on
2075 642 55 75 the
2150 642 61 75 left
2234 642 42 75 of

1229 688 56 75 the
1303 688 105 75 points
1425 688 54 75 are
1496 688 87 75 parts
1598 688 10 75 ;
1635 688 63 75 and
1713 688 32 75 if
1756 688 91 75 there
1871 688 39 75 be
1927 688 63 75 ftill
2013 688 94 75 fome
2116 688 100 75 figure
2232 688 38 75 or

1228 736 116 75 figures
1361 736 42 75 on
1420 736 55 75 the
1492 736 99 75 right,
1617 736 79 75 they
1710 736 56 75 are
1783 736 19 75 a
1821 736 137 75 decimal
1979 736 41 75 of
2037 736 56 75 the
2107 736 111 75 loweft
2232 736 42 75 of

1230 783 55 75 the
1302 783 101 75 parts.

142 220 134 75 fra&ion
293 220 40 75 of
351 220 56 75 the
423 220 135 75 integer,
585 220 63 75 and
664 220 77 75 then
759 220 117 75 reduce
892 220 58 75 the
967 220 111 75 vulgar
1095 220 84 75 frac-

144 266 67 75 tion
229 266 35 75 to
279 266 20 75 a
314 266 148 75 decimal.

191 314 63 75 Ex.
276 314 31 75 x.
347 314 141 75 Reduce
502 314 20 75 9
536 314 98 75 pence
651 314 34 75 to
702 314 56 75 the
776 314 136 75 decimal
924 314 41 75 of
984 314 18 75 a
1017 314 139 75 Hulling.

239 360 32 75 J.
320 360 28 75 s.

240 410 57 75 9=
297 442 23 49 t
320 410 25 75 \

647 410 63 75 and
731 410 198 75 i2)9.o(.75
949 410 41 75 of
1008 410 19 75 a
1042 410 140 75 Hulling.

792 458 18 75 8
831 458 21 75 4

195 500 88 75 Here
300 500 55 75 the
372 500 136 75 fraflion
522 500 43 75 A
565 482 39 49 =
604 500 21 75 l
639 500 10 75 ;
677 500 62 75 and

147 547 55 75 the
218 547 222 75 denominator
462 547 21 75 4
492 547 36 75 =
537 547 91 75 2X2
648 547 87 75 gives
821 547 46 75 60

147 595 18 75 a
182 595 85 75 finite
283 595 136 75 decimal
436 595 40 75 of
495 595 65 75 two
577 595 118 75 places.
820 595 45 75 60

814 704 54 75 (°)

195 736 62 75 Ex.
279 736 33 75 2.
350 736 135 75 Reduce
503 736 21 75 9
536 736 99 75 pence
652 736 35 75 to
703 736 56 75 the
775 736 136 75 decimal
928 736 40 75 of
988 736 18 75 a
1021 736 121 75 pound.

241 784 33 75 d.
333 784 41 75 L.

243 844 20 75 9
263 826 44 49 ==
307 844 81 75 -xh?

658 844 297 75 240)9.oo(.0375
975 844 40 75 of
1027 844 19 75 a
1061 844 122 75 pound.

754 881 17 75 7
793 881 43 75 20

195 927 77 75 The
285 927 134 75 fradtion

747 901 6 104 ■

147 969 64 75 and
226 969 55 75 the
295 969 223 75 denominator
534 969 82 75 80=

755 969 14 75 1
790 969 71 75 800

153 1021 206 75 10X2X2X2
380 1021 88 75 gives
486 1021 18 75 a
526 1021 89 75 finite

755 1021 14 75 1
791 1021 70 75 680

148 1066 135 75 decimal
299 1066 41 75 of
357 1066 75 75 four
448 1066 121 75 places.

375 1116 22 75 /

791 1116 94 75 1206

795 1162 89 75 1200

788 1267 94 75 ~)

189 1310 62 75 Ex.
275 1310 32 75 3.
332 1310 136 75 Reduce
488 1310 42 75 16
542 1310 28 75 s.
589 1310 21 75 6
623 1310 34 75 d.
683 1310 36 75 to
735 1310 56 75 the
807 1310 135 75 decimal
959 1310 40 75 of
1011 1310 18 75 a
1044 1310 122 75 pound.

238 1359 27 75 /.
338 1359 34 75 d.
472 1359 40 75 L.

240 1405 42 75 16
337 1405 21 75 6
365 1405 37 75 =

796 1405 106 75 24o)i
902 1437 28 49 9
930 1405 163 75 8.o(.825
1113 1405 44 75 L.

244 1454 38 75 12

893 1454 100 75 1920

218 1547 64 75 198

926 1547 82 75 600

930 1593 20 75 4
963 1593 45 75 80

190 1650 78 75 The
284 1650 134 75 fradion
434 1650 73 75 4^|.
513 1650 36 75 =
556 1650 167 75 |4=|4;

144 1685 63 75 and
226 1685 56 75 the
298 1685 223 75 denominator
542 1685 181 75 40=10X2

931 1685 14 75 1
963 1685 70 75 200

146 1734 50 75 X2
211 1734 87 75 gives
312 1734 18 75 a
342 1734 88 75 finite
439 1734 137 75 decimal
589 1734 41 75 of
636 1734 91 75 three

933 1734 14 75 1
965 1734 69 75 200

145 1781 119 75 places.

993 1834 54 75 (°)

192 1881 117 75 Prob.
327 1881 68 75 III.
443 1881 58 75 To
517 1881 117 75 reduce
649 1881 55 75 the
721 1881 179 75 remainder
916 1881 41 75 of
965 1881 20 75 a
1000 1881 132 75 divifion
1148 1881 36 75 to

144 1927 19 75 a
179 1927 148 75 decimal.

192 1975 124 75 Rule.
365 1975 77 75 The
458 1975 179 75 remainder
651 1975 97 75 being
759 1975 56 75 the
826 1975 196 75 numerator,
1047 1975 64 75 and
1127 1975 56 75 the

144 2021 117 75 divifor
273 2021 55 75 the
340 2021 224 75 denominator
575 2021 40 75 of
626 2021 19 75 a
656 2021 113 75 vulgar
784 2021 149 75 fraction,
958 2021 83 75 after
1056 2021 127 75 placing

146 2068 54 75 the
217 2068 135 75 decimal
370 2068 90 75 point
477 2068 42 75 on
536 2068 55 75 the
604 2068 87 75 right
707 2068 40 75 of
759 2068 55 75 the
830 2068 136 75 integral
986 2068 72 75 part
1075 2068 39 75 of
1127 2068 56 75 the

145 2115 94 75 quot,
265 2115 104 75 annex
386 2115 126 75 ciphers
529 2115 35 75 to
575 2115 56 75 the
643 2115 180 75 remainder
836 2115 11 75 ;
873 2115 77 75 then
963 2115 149 75 continue
1128 2115 55 75 the

145 2162 131 75 divifion
293 2162 50 75 til!
359 2162 23 75 o
400 2162 133 75 remain,
558 2162 37 75 or
611 2162 51 75 till
679 2162 54 75 the
746 2162 81 75 quot
844 2162 108 75 repeat
968 2162 37 75 or
1016 2162 167 75 circulate,

145 2208 37 75 or
196 2208 51 75 till
275 2208 64 75 you
356 2208 93 75 think
477 2208 116 75 proper
618 2208 35 75 to
668 2208 86 75 limit
776 2208 56 75 the
857 2208 161 75 decimal;
1048 2208 63 75 and
1128 2208 55 75 the

144 2255 134 75 number
295 2255 42 75 on
352 2255 56 75 the
424 2255 87 75 right
528 2255 40 75 of
580 2255 55 75 the
651 2255 92 75 point
765 2255 28 75 is
811 2255 19 75 a
853 2255 134 75 decimal
1003 2255 41 75 of
1063 2255 54 75 the
1134 2255 47 75 in-

145 2303 91 75 teger
252 2303 166 75 exprefted
434 2303 32 75 in
483 2303 57 75 the
556 2303 94 75 quot.

823 2368 158 75 Example
999 2368 33 75 2.

731 2414 121 75 Divide
873 2414 65 75 176
950 2414 28 75 s.
1004 2414 116 75 among
1136 2414 46 75 24

288 2367 157 75 Example
468 2367 28 75 1.

146 2413 122 75 Divide
279 2413 93 75 513I.
382 2413 115 75 among
510 2413 137 75 36men.

305 2460 39 75 L.

153 2491 253 104 ■'')si3(M-25
220 2558 43 75 36

220 2658 63 75 i53
221 2696 65 75 144

147 2787 96 75 Rem.
265 2787 46 75 90

267 2837 41 75 72

271 2929 65 75 180

271 2976 66 75 180

680 2460 92 75 boys.

1372 845 156 75 Example
1549 845 30 75 1.

1277 892 134 75 Reduce
1430 892 79 75 .875
1524 892 24 75 1.
1570 892 36 75 to
1622 892 105 75 value.

1375 939 39 75 L.
1502 939 29 75 s.
1589 939 32 75 d.

1353 996 188 75 .875=17
1591 996 22 75 ^

1907 843 158 75 Exavi'le
2083 843 34 75 2.

1793 891 134 75 Reduce
1945 891 143 75 .76911.
2112 891 35 75 to
2162 891 106 75 value.

1942 937 41 75 L.
2086 937 29 75 s.
2175 937 32 75 d.
2226 937 40 75 f.

1912 985 101 75 .7691
2029 985 35 75 =
2083 985 40 75 ij
2173 985 23 75 4
2245 985 20 75 2

1834 1124 28 75 s.
1892 1124 152 75 15.3820

1851 1262 35 75 d.
1905 1262 108 75 4.584

1860 1404 26 75 f.
1905 1404 107 75 2.336

1275 1467 78 75 The
1370 1467 110 75 reafon
1496 1467 40 75 of
1558 1467 146 75 pointirig
1719 1467 57 75 the
1802 1467 146 75 prodhd,
1974 1467 34 75 as
2037 1467 55 75 the
2119 1467 69 75 rule
2214 1467 50 75 di-

1230 1513 95 75 re<fts,
1342 1513 27 75 is
1387 1513 97 75 plain.
1519 1513 77 75 For,
1614 1513 33 75 in
1659 1513 73 75 Ex.
1751 1513 31 75 1.
1804 1513 33 75 as
1860 1513 88 75 1000
1963 1513 9 75 :
1988 1513 67 75 875
2072 1513 25 75 ::
2113 1513 44 75 20
2172 1513 10 75 :
2198 1513 65 75 17;

1230 1560 71 75 that
1326 1560 39 75 is,
1392 1560 33 75 as
1442 1560 57 75 the
1523 1560 134 75 decimal
1680 1560 223 75 denominator
1927 1560 35 75 to
1978 1560 56 75 the
2053 1560 136 75 decimal
2205 1560 60 75 nu-

1229 1607 153 75 merator,
1407 1607 34 75 fo
1467 1607 55 75 the
1546 1607 113 75 vulgar
1681 1607 222 75 denominator
1927 1607 44 75 to.
1987 1607 57 75 the
2067 1607 113 75 vulgar
2201 1607 62 75 nu-

1229 1653 153 75 merator.

1277 1700 38 75 In
1332 1700 70 75 Ex.
1425 1700 30 75 1.
1480 1700 56 75 the
1551 1700 60 75 full
1626 1700 93 75 value
1734 1700 42 75 of
1794 1700 55 75 the
1866 1700 136 75 decimal
2022 1700 109 75 comes
2156 1700 58 75 out
2229 1700 33 75 in

1229 1747 100 75 parts,
1355 1747 55 75 the
1426 1747 136 75 decimal
1579 1747 95 75 being
1690 1747 90 75 quite
1790 1747 175 75 exhaufted
1979 1747 10 75 ;
2015 1747 58 75 but
2089 1747 33 75 in
2139 1747 68 75 Ex.
2226 1747 34 75 2.

1229 1794 119 75 befides
1366 1794 55 75 the
1439 1794 100 75 parts,
1564 1794 91 75 there
1682 1794 27 75 is
1727 1794 19 75 a
1760 1794 135 75 decimal
1913 1794 40 75 of
1973 1794 18 75 a
2007 1794 154 75 farthing,
2190 1794 70 75 viz.

1231 1843 82 75 .336
1327 1843 26 75 f.

1275 1886 77 75 The
1367 1886 137 75 decimal
1524 1886 41 75 of
1582 1886 19 75 a
1626 1886 109 75 pound
1752 1886 144 75 Sterling
1911 1886 76 75 may
2004 1886 41 75 be
2069 1886 142 75 reduced
2227 1886 36 75 to

1227 1933 94 75 value
1338 1933 44 75 by
1397 1933 185 75 infpeftion,
1606 1933 33 75 in
1656 1933 56 75 the
1728 1933 170 75 following
1916 1933 142 75 manner.

1276 1979 131 75 Double
1423 1979 56 75 the
1495 1979 99 75 figure
1610 1979 33 75 in
1659 1979 55 75 the
1731 1979 89 75 place
1836 1979 41 75 of
1891 1979 117 75 primes
2025 1979 52 75 for
2091 1979 141 75 fhillings
2246 1979 12 75 ;

1228 2027 62 75 and
1305 2027 32 75 if
1347 2027 56 75 the
1418 2027 101 75 figure
1536 2027 32 75 in
1584 2027 56 75 the
1655 2027 90 75 place
1760 2027 42 75 of
1813 2027 131 75 feconds
1968 2027 41 75 be
2028 2027 32 75 5,
2085 2027 38 75 or
2139 2027 124 75 exceed

1231 2073 31 75 5,
1287 2073 119 75 reckon
1427 2073 14 75 1
1461 2073 126 75 (hilling
1602 2073 89 75 more
1705 2073 11 75 ;
1743 2073 63 75 and
1823 2073 153 75 rejeding
1995 2073 16 75 5
2025 2073 33 75 in
2074 2073 56 75 the
2146 2073 118 75 fecond

1228 2120 100 75 place,
1354 2120 56 75 the
1429 2120 118 75 figures
1569 2120 33 75 in
1618 2120 56 75 the
1695 2120 118 75 fecond
1836 2120 63 75 and
1922 2120 90 75 third
2035 2120 106 75 places
2158 2120 54 75 are
2227 2120 36 75 fo

1229 2166 94 75 many
1335 2166 171 75 farthings,
1533 2166 129 75 abating
1684 2166 13 75 1
1717 2166 52 75 for
1785 2166 98 75 every
1899 2166 58 75 25.

1616 2223 41 75 L.
1782 2223 31 75 /.
1867 2223 34 75 d.
1930 2223 40 75 f.

1322 2270 156 75 Examp.
1508 2270 32 75 i.
1593 2270 80 75 .718
1720 2270 38 75 =
1779 2270 40 75 14
1866 2270 24 75 4
1939 2270 19 75 2

1507 2318 33 75 2.
1593 2318 82 75 .759
1721 2318 237 75 =1521

1507 2362 33 75 3.
1593 2362 82 75 .894
1720 2362 37 75 =
1777 2362 40 75 17
1848 2362 42 75 10
1941 2362 17 75 3

1274 2412 39 75 In
1329 2412 163 75 Example
1514 2412 31 75 1.
1570 2412 55 75 the
1642 2412 100 75 figure
1761 2412 18 75 7
1797 2412 141 75 doubled
1954 2412 88 75 gives
2064 2412 109 75 14s.;
2204 2412 57 75 the

1226 2459 67 75 two
1309 2459 168 75 following
1492 2459 116 75 figures
1631 2459 39 75 18
1689 2459 53 75 are
1757 2459 172 75 farthings,
1954 2459 96 75 equal
2064 2459 37 75 to
2119 2459 63 75 4d.
2202 2459 18 75 2
2233 2459 27 75 f.

1274 2505 38 75 In
1329 2505 161 75 Example
1507 2505 34 75 2.
1566 2505 55 75 the
1637 2505 100 75 figure
1756 2505 19 75 7
1789 2505 142 75 doubled
1941 2505 88 75 gives
2051 2505 42 75 14
2105 2505 27 75 s.
2158 2505 63 75 and
2239 2505 20 75 5

1225 2553 33 75 in
1271 2553 55 75 the
1343 2553 90 75 place
1445 2553 41 75 of
1495 2553 133 75 feconds
1644 2553 88 75 gives
1750 2553 12 75 1
1779 2553 126 75 (hilling
1915 2553 102 75 more,
2042 2553 32 75 in
2088 2553 42 75 all
2151 2553 108 75 15s.;

1227 2599 63 75 and
1304 2599 56 75 the
1377 2599 94 75 other
1487 2599 100 75 figure
1606 2599 20 75 9
1643 2599 26 75 is
1686 2599 173 75 farthings,
1885 2599 69 75 vtz.
1982 2599 19 75 2
2015 2599 23 75 d
2058 2599 13 75 1
2085 2599 26 75 f.

1274 2644 38 75 In
1330 2644 160 75 Example
1510 2644 32 75 3.
1577 2644 55 75 the
1653 2644 102 75 figure
1780 2644 20 75 8
1818 2644 33 75 in
1879 2644 56 75 the
1959 2644 90 75 place
2071 2644 41 75 of
2129 2644 131 75 primes,

1228 2692 62 75 and
1308 2692 17 75 5
1344 2692 31 75 in
1392 2692 56 75 the
1464 2692 89 75 place
1569 2692 41 75 of
1620 2692 145 75 feconds,
1790 2692 73 75 give
1880 2692 108 75 17s.;
2014 2692 55 75 the
2086 2692 176 75 remaining

1226 2738 115 75 figures
1360 2738 58 75 44,
1444 2738 130 75 abating
1595 2738 29 75 j,
1651 2738 54 75 are
1723 2738 171 75 farthings,
1920 2738 69 75 viz.
2020 2738 42 75 10
2073 2738 23 75 d
2096 2720 11 49 v
2107 2738 2 75 .
2129 2738 16 75 3
2161 2738 26 75 f.

1274 2784 112 75 When
1406 2784 57 75 the
1479 2784 118 75 figures
1613 2784 33 75 in
1666 2784 55 75 the
1738 2784 116 75 fecond
1870 2784 62 75 and
1956 2784 89 75 third
2064 2784 88 75 place
2169 2784 35 75 to
2220 2784 40 75 be

1227 2829 173 75 converted
1415 2829 69 75 into
1502 2829 158 75 farthings
1685 2829 53 75 are
1764 2829 57 75 25,
1847 2829 56 75 the
1925 2829 130 75 anfwer,
2082 2829 43 75 by
2139 2829 122 75 infpec-

1226 2880 81 75 tion,
1344 2880 107 75 comes
1475 2880 57 75 out
1556 2880 106 75 exad,
1687 2880 71 75 viz.
1786 2880 43 75 24
1842 2880 26 75 f.
1893 2880 38 75 or
1955 2880 21 75 6
1988 2880 34 75 d.
2038 2880 11 75 ;
2082 2880 60 75 but
2164 2880 32 75 in
2217 2880 44 75 all

1226 2926 93 75 other
1337 2926 99 75 cafes,
1462 2926 56 75 the
1536 2926 134 75 anfwer,
1695 2926 45 75 by
1759 2926 184 75 infpedion,
1967 2926 28 75 is
2019 2926 57 75 too
2092 2926 101 75 great,
2218 2926 44 75 no

1226 2972 172 75 allowance
1416 2972 38 75 or
1471 2972 181 75 corredion
1678 2972 95 75 being
1794 2972 93 75 made
1911 2972 52 75 till
1986 2972 55 75 the
2065 2972 197 75 convertible
2127 3013 147 75 number.
