2397 3387
122 51 153 75 (586*)

566 52 35 75 B
691 52 40 75 O
823 52 39 75 O
955 52 38 75 K
1043 52 16 75 -
1112 52 38 75 K

215 119 57 75 To
285 119 169 75 Accepter,
482 119 51 75 for
549 119 94 75 value
655 119 41 75 of
709 119 54 75 the
775 119 71 75 bill,

214 166 57 75 To
289 166 120 75 Seller,
436 166 51 75 for
503 166 56 75 the
578 166 72 75 reft.
700 166 74 75 Feb.
789 166 34 75 2.

147 201 44 75 Not
191 201 13 75 e
216 201 21 75 1.
253 201 79 75 When
341 201 52 75 two
401 201 29 75 or
438 201 69 75 more
514 201 73 75 kind*
593 201 30 75 of
628 201 79 75 goods
712 201 41 75 ire
760 201 100 75 bought'
860 201 65 75 from
933 201 49 75 one
989 201 117 75 perfon*t
1113 201 42 75 the

119 228 65 75 fame
196 228 72 75 time,
281 228 71 75 there
365 228 49 75 will
428 228 30 75 be
470 228 51 75 two
534 228 29 75 or
572 228 71 75 more
652 228 55 75 Drs,
720 228 58 75 -viz.
792 228 42 75 the
848 228 92 75 feveral
952 228 72 75 kinds
1038 228 31 75 of
1077 228 80 75 goods

119 256 104 75 bought,
232 256 62 75 each
303 256 39 75 for
350 256 64 75 their
422 256 81 75 value.
532 256 56 75 And
596 256 43 75 the
647 256 65 75 fame
721 256 94 75 variety
822 256 30 75 of
855 256 64 75 cafes
926 256 50 75 wil!
982 256 76 75 occur
1065 256 58 75 here
1131 256 26 75 as

119 283 21 75 v.
140 283 51 75 -hen
199 283 49 75 one
258 283 74 75 fingle
341 283 184 75 commodity.is
531 283 109 75 bought;
655 283 25 75 fo
688 283 63 75 that,
765 283 22 75 if
791 283 42 75 the
841 283 88 75 fundry
937 283 80 75 goods
1023 283 30 75 be
1060 283 99 75 bought

648 307 5 75 ,
666 307 43 75 the
718 307 72 75 entry
800 307 48 75 will
857 307 42 75 be,

344 343 12 75 '
364 343 41 75 To
415 343 42 75 Caj
457 343 22 75 h,
494 343 122 75 ifbought
623 343 38 75 for
669 343 76 75 ready
751 343 102 75 monev.
868 343 49 75 teb.

344 370 6 75 |
364 370 42 75 To
416 370 116 75 Accepter,
547 370 21 75 if
572 370 34 75 on
613 370 53 75 bill,

146 431 49 75 But
208 431 21 75 if
234 431 43 75 the
285 431 89 75 fundry
381 431 79 75 goods
468 431 41 75 are
518 431 97 75 bought
620 431 37 75 for
665 431 55 75 part
727 431 102 75 money,
837 431 55 75 part
898 431 51 75 bill,
958 431 29 75 or
994 431 38 75 for
1040 431 76 75 partn

120 458 57 75 ncy,
191 458 54 75 part
253 458 70 75 time,
338 458 28 75 or
373 458 38 75 for
420 458 57 75 part.
477 458 55 75 biU,
541 458 55 75 part
604 458 74 75 time,
688 458 48 75 &c.
751 458 20 75 it
779 458 7 75 j
786 458 13 75 «
808 458 50 75 belt
865 458 27 75 to
901 458 95 75 refolve
1006 458 42 75 the
1057 458 52 75 cafe

120 484 26 75 11.
162 484 52 75 two
226 484 99 75 entries,
339 484 56 75 viz.
410 484 57 75 Firft
477 484 89 75 charge
579 484 127 75 theGoocis
716 484 211 75 Drtothe^c/to-,
942 484 37 75 for
987 484 65 75 their
1059 484 45 75 full
1113 484 30 75 va

119 513 51 75 iue,
184 513 26 75 as
218 513 20 75 if
250 513 59 75 they
316 513 46 75 had
368 513 63 75 been
437 513 97 75 bought
542 513 34 75 on
584 513 76 75 time;
675 513 48 75 and
731 513 60 75 then
800 513 73 75 make
882 513 124 75 the5c//er
1014 513 33 75 Dr
1056 513 27 75 to
1093 513 30 75 Cd/
1123 513 24 75 Z>

120 538 28 75 or
158 538 27 75 to
194 538 42 75 the
246 538 116 75 Accepter,
376 538 29 75 or
414 538 27 75 to
450 538 73 75 both,
537 538 35 75 (as
580 538 43 75 the
632 538 87 75 nature
729 538 30 75 Of
764 538 43 75 the
813 538 53 75 cafe
876 538 40 75 is),
926 538 37 75 for
976 538 43 75 the
1028 538 55 75 part
1090 538 62 75 paid,

118 567 81 75 :rhus,
212 567 101 75 fuppofe
323 567 41 75 the
374 567 79 75 goods
461 567 42 75 are
512 567 98 75 bought
617 567 38 75 for
663 567 55 75 part
725 567 102 75 money,
841 567 55 75 part
905 567 50 75 bill,
969 567 54 75 part
1030 567 69 75 time,
1113 567 44 75 the

131 621 9 75 j
150 621 23 75 r.
188 621 109 75 Sundries
306 621 47 75 Drs

147 650 24 75 2.
186 650 83 75 Seller,
284 650 36 75 Df
324 650 27 75 to
466 650 13 75 ,

255 675 41 75 To
309 675 66 75 Cajh,
388 675 85 75 fortlie
482 675 54 75 fum
544 675 24 75 p;

255 702 42 75 To
306 702 116 75 Accepter,
431 702 38 75 for
475 702 73 75 value
555 702 13 75 o

138 705 5 104 ■
143 731 94 75 Note!.
254 731 23 75 If
282 731 50 75 you
340 731 52 75 buy
400 731 78 75 goods
485 731 26 75 to
518 731 30 75 be
557 731 11 75 r

119 757 56 75 peel
182 757 30 75 of
216 757 48 75 this
311 757 6 75 '
406 757 15 75 ^

516 617 15 75 -,
544 617 38 75 for
591 617 43 75 the
640 617 132 75 refpe£live
781 617 85 75 values
874 617 30 75 of
908 617 43 75 the
959 617 88 75 goods.

576 726 96 75 rceived
680 726 69 75 fome
757 726 62 75 time
828 726 142 75 afterward;
985 726 58 75 and,
1057 726 25 75 in
1091 726 66 75 prof-

584 754 41 75 the
634 754 67 75 price
710 754 30 75 to
747 754 43 75 the
799 754 83 75 feller:
896 754 27 75 in
935 754 50 75 this
993 754 61 75 gafe,
1067 754 90 75 charge

166 781 8 75 .
174 781 8 75 .
182 781 8 75 .
199 781 26 75 Ci
225 781 8 75 i
233 781 8 75 /
240 781 17 75 ft
257 781 7 75 ,
278 781 37 75 for
322 781 43 75 the
370 781 52 75 lum
429 781 138 75 advanced;
583 781 47 75 and
639 781 73 75 when
720 781 52 75 you
780 781 98 75 receive
883 781 43 75 the
935 781 89 75 goods,

119 812 74 75 make
200 812 72 75 them
281 812 34 75 Dr
323 812 28 75 to
361 812 43 75 the
410 812 78 75 feller,
498 812 38 75 for
542 812 65 75 their
611 812 45 75 full
665 812 80 75 value.
763 812 33 75 Or
805 812 21 75 if
828 812 169 75 immediately
1004 812 69 75 upon
1078 812 79 75 recei-

119 839 59 75 ving
187 839 69 75 them
265 839 51 75 you
325 839 65 75 cleat
396 839 60 75 with
463 839 43 75 the
509 839 8 75 .
517 839 75 75 feller,
600 839 61 75 then
670 839 74 75 make
753 839 76 75 Goods
837 839 116 75 received
961 839 34 75 Dr
1002 839 27 75 to
1038 839 120 75 Sundries,

118 866 50 75 viz.
183 866 28 75 to
225 866 43 75 the
279 866 84 75 Seller,
376 866 38 75 for
422 866 43 75 the
475 866 56 75 fum
539 866 118 75 formerly
667 866 142 75 advanced;
822 866 49 75 and
879 866 28 75 to
921 866 42 75 Caj
963 866 22 75 b,
1002 866 38 75 for
1052 866 42 75 the
1104 866 53 75 fum

119 893 59 75 now
186 893 64 75 paid.
279 893 28 75 In
316 893 112 75 bargains
434 893 29 75 of
467 893 48 75 this
525 893 97 75 nature,
635 893 70 75 there
715 893 20 75 is
742 893 146 75 commonly
896 893 14 75 a
919 893 100 75 penalty
1028 893 88 75 agreed
1124 893 34 75 on

120 923 33 75 to'
153 923 33 75 bc
198 923 56 75 paid
262 923 33 75 by
308 923 43 75 the
363 923 69 75 feller
441 923 24 75 in
479 923 52 75 cafe
540 923 30 75 of
579 923 244 75 non-performance.
853 923 71 75 Now,
938 923 20 75 if
962 923 24 75 in
995 923 49 75 this
1052 923 53 75 cafe
1111 923 46 75 the

118 946 70 75 feller
194 946 96 75 happen
298 946 29 75 to
333 946 50 75 fail,
395 946 52 75 you
453 946 43 75 the
503 946 87 75 buyer,
604 946 69 75 upon
681 946 126 75 receiving
815 946 119 75 payment
942 946 30 75 of
981 946 43 75 the
1032 946 125 75 advanced

117 975 95 75 money
221 975 48 75 and
277 975 110 75 penalty,
401 975 70 75 enter
479 975 41 75 Caj
520 975 15 75 h
543 975 34 75 Dr
587 975 28 75 to
624 975 119 75 Sundries,
757 975 50 75 viz.
822 975 27 75 to
858 975 43 75 the
909 975 83 75 Seller,
1006 975 38 75 for
1053 975 42 75 the
1103 975 54 75 fum

119 1002 136 75 advanced,
268 1002 47 75 and
328 1002 59 75 now
399 1002 144 75 recovered,
557 1002 49 75 and
617 1002 29 75 to
660 1002 74 75 Profit
745 1002 50 75 and
808 1002 60 75 Lofs,
882 1002 37 75 for
932 1002 43 75 the
991 1002 112 75 penalty:
1119 1002 38 75 or,

119 1029 92 75 initead
223 1029 29 75 of
261 1029 69 75 ufing
343 1029 43 75 the
396 1029 97 75 general
503 1029 125 75 accovnpt,
643 1029 75 75 Profit
730 1029 49 75 and
792 1029 61 75 Lofs,
866 1029 52 75 you
929 1029 60 75 may
1002 1029 40 75 ere
1044 1029 23 75 ft
1075 1029 25 75 in
1113 1029 43 75 the

119 1057 89 75 Ledger
216 1057 31 75 an
255 1057 125 75 accompt,
393 1057 79 75 under
479 1057 42 75 the
529 1057 54 75 title
591 1057 29 75 of
624 1057 94 75 Refufal
725 1057 29 75 of
757 1057 122 75 bargains,
893 1057 82 75 which
983 1057 21 75 is
1010 1057 28 75 to
1046 1057 31 75 be
1084 1057 73 75 made

119 1084 89 75 Debtor
215 1084 37 75 for
257 1084 31 75 all
297 1084 43 75 the
348 1084 119 75 penalties
474 1084 29 75 of
507 1084 50 75 this
566 1084 86 75 nature
658 1084 52 75 you
717 1084 58 75 pay,
789 1084 48 75 and
891 1084 80 75 Credit
977 1084 38 75 for
1021 1084 32 75 all
1061 1084 51 75 you
1118 1084 39 75 re-

118 1111 81 75 ceive.
215 1111 58 75 May
284 1111 39 75 13.
353 1111 23 75 If
379 1111 52 75 you
440 1111 50 75 buy
499 1111 78 75 goods
585 1111 28 75 to
621 1111 31 75 be
659 1111 115 75 received
781 1111 150 75 afterwards,
944 1111 109 75 without
1065 1111 91 75 advan-

119 1138 58 75 cing
188 1138 48 75 any
243 1138 54 75 part
305 1138 30 75 of
340 1138 42 75 the
389 1138 82 75 price;
487 1138 19 75 it
517 1138 8 75 i
525 1138 11 75 s
545 1138 120 75 fufScient
671 1138 29 75 to
709 1138 59 75 take
780 1138 15 75 a
803 1138 60 75 note
872 1138 31 75 of
911 1138 69 75 them
991 1138 25 75 in
1024 1138 15 75 a
1052 1138 104 75 pocket-

120 1164 67 75 book
197 1164 6 75 ;
222 1164 49 75 and
288 1164 72 75 when
376 1164 51 75 you
442 1164 97 75 receive
549 1164 79 75 them,
647 1164 60 75 they
722 1164 42 75 are
779 1164 100 75 booked
897 1164 27 75 as
939 1164 80 75 goods
1034 1164 122 75 prefently

144 1260 101 75 Prob.
264 1260 31 75 3.
313 1260 45 75 C.
407 1260 130 75 Debtor
554 1260 69 75 and
637 1260 153 75 Creditor
805 1260 131 75 applied
949 1260 37 75 in
992 1260 137 75 felling.

169 1325 123 75 Selling
303 1325 27 75 is
340 1325 64 75 juft
420 1325 56 75 the
492 1325 123 75 reverfe
625 1325 40 75 of
676 1325 131 75 buying,
833 1325 67 75 atf(f
923 1325 57 75 has
998 1325 55 75 the
1069 1325 84 75 fame

121 1371 122 75 variety
255 1371 40 75 of
308 1371 97 75 cafes,
430 1371 69 75 viz.
528 1371 91 75 feven
636 1371 9 75 ;
670 1371 149 75 whereof
841 1371 93 75 three
961 1371 53 75 are
1031 1371 120 75 fimple,

120 1421 62 75 and
207 1421 73 75 four
292 1421 167 75 complex:
483 1421 33 75 in
533 1421 42 75 all
593 1421 117 75 which,
737 1421 55 75 the
808 1421 101 75 goods
923 1421 69 75 fold
1008 1421 62 75 and
1095 1421 56 75 de-

120 1468 121 75 livered
258 1468 52 75 are
328 1468 69 75 Cr;
423 1468 58 75 but
497 1468 55 75 the
569 1468 53 75 Dr
638 1468 102 75 varies
756 1468 170 75 according
943 1468 35 75 to
1001 1468 56 75 the
1074 1468 76 75 con-

120 1514 118 75 ditions
254 1514 38 75 of
302 1514 77 75 fale.
424 1514 6 75 .

168 1562 78 75 Cafe
265 1562 31 75 1.
321 1562 112 75 When
451 1562 101 75 goods
565 1562 53 75 are
629 1562 68 75 fold
707 1562 51 75 for
768 1562 98 75 ready
875 1562 128 75 money,
1028 1562 56 75 the
1096 1562 54 75 en-

122 1608 51 75 try
187 1608 38 75 is,
251 1608 81 75 Cafl>
350 1608 53 75 Dr
420 1608 35 75 to
471 1608 101 75 Goods
590 1608 80 75 fold.
720 1608 74 75 Feb.
809 1608 57 75 25.

146 1657 8 75 '
154 1657 50 75 ‘2.
229 1657 112 75 When
359 1657 101 75 goods
473 1657 53 75 are
542 1657 70 75 fold
628 1657 41 75 on
686 1657 57 75 bill
761 1657 37 75 or
810 1657 87 75 note,
924 1657 157 75 Accepter
1097 1657 55 75 Dr

121 1699 36 75 to
170 1699 103 75 Gosi/r
290 1699 81 75 fold.
416 1699 123 75 March
558 1699 54 75 17.
662 1699 62 75 Stz
741 1699 89 75 Note

173 1747 31 75 3.
232 1747 112 75 When
361 1747 101 75 goods
478 1747 54 75 are
546 1747 71 75 fold
633 1747 42 75 on
691 1747 90 75 time,
807 1747 108 75 Buyer
932 1747 54 75 Dr
1003 1747 34 75 to
1049 1747 103 75 Goods

122 1796 82 75 fold.
256 1796 124 75 March
397 1796 30 75 1.

170 1841 34 75 4.
229 1841 113 75 When
360 1841 101 75 goods
478 1841 53 75 are
548 1841 67 75 fold
634 1841 50 75 for
701 1841 71 75 part
787 1841 128 75 money,
933 1841 72 75 part
1017 1841 71 75 bill,

169 1887 159 75 Sundries
346 1887 68 75 Drs
427 1887 35 75 to
478 1887 102 75 Goods
597 1887 82 75 fold,
704 1887 72 75 viz.

218 1936 95 75 Cajh,
337 1936 52 75 for
406 1936 55 75 the
478 1936 69 75 fum
559 1936 158 75 received.

201 1981 3 75 .
218 1981 173 75 Accepter,
409 1981 51 75 for
472 1981 91 75 value
576 1981 39 75 of
626 1981 56 75 the
694 1981 72 75 bill.
815 1981 124 75 March
954 1981 56 75 22.

173 2027 33 75 5.
238 2027 111 75 When
363 2027 99 75 goods
473 2027 53 75 are
538 2027 69 75 fold
617 2027 50 75 for
678 2027 71 75 part
760 2027 128 75 money,
913 2027 72 75 part
1002 2027 42 75 on
1061 2027 90 75 time.

173 2074 160 75 Sundries
351 2074 69 75 Drs
433 2074 35 75 to
485 2074 193 75 CWrfold,
703 2074 70 75 viz.

214 2122 98 75 Cajh,
337 2122 146 75 received
498 2122 31 75 in
543 2122 83 75 part.

221 2167 119 75 Buyer,
366 2167 50 75 for
433 2167 56 75 the
507 2167 72 75 reft.
631 2167 124 75 March
774 2167 34 75 4.

168 2219 40 75 B.
234 2219 112 75 When
360 2219 100 75 goods
474 2219 53 75 are
544 2219 68 75 fold
630 2219 52 75 for
698 2219 71 75 part
785 2219 70 75 bill,
879 2219 74 75 part
968 2219 92 75 time.

173 2261 159 75 Sundries
350 2261 69 75 Drs
436 2261 36 75 to
487 2261 104 75 Goods
614 2261 82 75 fold,
721 2261 71 75 viz.

221 2308 173 75 Accepter,
420 2308 51 75 for
487 2308 93 75 value
597 2308 41 75 of
658 2308 54 75 the
728 2308 71 75 bill.

221 2354 119 75 Buyer,
365 2354 52 75 for
431 2354 57 75 the
506 2354 72 75 reft.

177 2401 31 75 7.
234 2401 111 75 When
362 2401 109 75 goods'
492 2401 54 75 are
574 2401 69 75 fold
670 2401 51 75 for
749 2401 72 75 part
844 2401 128 75 money,
997 2401 71 75 part
1079 2401 76 75 hill,

127 2450 72 75 part
217 2450 87 75 time,

175 2494 159 75 Sundries
351 2494 69 75 Drs
437 2494 35 75 to
489 2494 104 75 Goods
610 2494 79 75 fold,
714 2494 71 75 viz.

222 2543 96 75 Cajh,
344 2543 49 75 for
410 2543 55 75 the
482 2543 67 75 fum
566 2543 156 75 received,

224 2588 170 75 Accepter,
420 2588 51 75 for
487 2588 92 75 value
596 2588 40 75 of
642 2588 56 75 the
713 2588 74 75 bill.

224 2635 120 75 Buyer,
372 2635 50 75 for
435 2635 55 75 the
504 2635 76 75 reft.

155 2671 44 75 Not
199 2671 13 75 e
222 2671 21 75 I.
257 2671 73 75 Thus
338 2671 43 75 the
392 2671 90 75 entries
490 2671 26 75 in
524 2671 94 75 buying
626 2671 47 75 and
679 2671 219 75 fellingoneiingle
904 2671 156 75 commodity
1067 2671 40 75 are
1114 2671 47 75 juft

128 2698 43 75 the
182 2698 95 75 reverie
286 2698 30 75 of
325 2698 48 75 one
382 2698 117 75 another:
514 2698 48 75 and
571 2698 48 75 this
632 2698 49 75 alfo
691 2698 70 75 holds
773 2698 25 75 in
808 2698 93 75 buying
914 2698 48 75 and
976 2698 83 75 felling
1070 2698 52 75 two
1131 2698 31 75 or

128 2724 70 75 more
207 2724 71 75 kinds
288 2724 29 75 of
327 2724 92 75 goods;
434 2724 81 75 which
524 2724 38 75 we
571 2724 57 75 ihall
636 2724 124 75 therefore
773 2724 61 75 pafs,
847 2724 118 75 referring
977 2724 43 75 the
1029 2724 95 75 learner
1132 2724 28 75 to

122 2751 49 75 the
180 2751 64 75 cafes
251 2751 15 75 o
271 2751 5 75 1
285 2751 93 75 buying
387 2751 25 75 in
418 2751 44 75 the
469 2751 131 75 preceding
608 2751 120 75 problem.

156 2778 44 75 Not
200 2778 13 75 e
221 2778 23 75 2.
258 2778 25 75 If
287 2778 51 75 you
346 2778 41 75 fell
395 2778 78 75 goods
482 2778 27 75 to
517 2778 31 75 be
556 2778 131 75 delivered,
701 2778 46 75 not
753 2778 131 75 prefently,
893 2778 45 75 but
947 2778 66 75 fome
1021 2778 61 75 time
1089 2778 73 75 after-

129 2805 73 75 ward.
217 2805 46 75 and
273 2805 96 75 receive
383 2805 93 75 money
488 2805 168 75 ^(-advance,
671 2805 89 75 charge
772 2805 41 75 Caj
813 2805 15 75 h
840 2805 34 75 Dr
882 2805 28 75 to
919 2805 42 75 the
976 2805 86 75 Buyer,
1075 2805 38 75 for
1119 2805 44 75 the

128 2832 52 75 fum
195 2832 127 75 received;
337 2832 48 75 and
399 2832 73 75 when
485 2832 51 75 you
545 2832 93 75 deliver
645 2832 42 75 the
695 2832 87 75 goods,
796 2832 89 75 charge
899 2832 43 75 the
951 2832 76 75 Buyer
1036 2832 33 75 Dr
1078 2832 28 75 to
1115 2832 47 75 hud

128 2859 86 75 Goods,
229 2859 38 75 for
280 2859 64 75 their
353 2859 43 75 full
405 2859 79 75 value.
512 2859 50 75 But
569 2859 27 75 if,
610 2859 68 75 upon
684 2859 109 75 delivery
802 2859 74 75 ofthc
886 2859 88 75 goods,
987 2859 52 75 you
1048 2859 115 75 immedi-

128 2886 66 75 ately
200 2886 96 75 receive
303 2886 42 75 the
354 2886 136 75 remaining
499 2886 53 75 part
560 2886 29 75 of
593 2886 64 75 their
665 2886 76 75 price,
750 2886 70 75 enter
828 2886 110 75 Sundries
948 2886 64 75 (viz.
1027 2886 43 75 the
1079 2886 87 75 Buyer,

128 2912 39 75 for
174 2912 43 75 the
225 2912 53 75 fum
288 2912 113 75 received
407 2912 43 75 per
458 2912 120 75 advance,
590 2912 49 75 and
646 2912 64 75 Cafh,
724 2912 38 75 for
768 2912 44 75 the
820 2912 54 75 fum
882 2912 57 75 now
949 2912 123 75 received)
1083 2912 45 75 Drs
1137 2912 27 75 to

116 2939 55 75 -the
179 2939 78 75 Good.
257 2939 137 75 !delivered.
421 2939 24 75 If
450 2939 49 75 you
506 2939 50 75 find
563 2939 51 75 you
620 2939 91 75 cannot
719 2939 109 75 perform
836 2939 44 75 the
886 2939 109 75 bargain,
1008 2939 49 75 and
1063 2939 103 75 be.ebli-

1360 59 34 75 E
1482 59 34 75 P
1603 59 17 75 I
1704 59 48 75 N
1838 59 51 75 G.

1404 107 8 75 i
1412 107 13 75 e
1434 107 95 75 money
1533 107 137 75 advanoed,
1684 107 48 75 and
1738 107 49 75 pay
1796 107 42 75 the
1847 107 109 75 penalty,
1970 107 74 75 make
2052 107 110 75 Sundries
2173 107 69 75 (viz.

1404 140 38 75 """
1536 140 6 75 '
1626 122 11 49 J
1678 140 34 75 “d
1724 140 75 75 Profit
1806 140 50 75 and
1867 140 62 75 Lbfs,
1943 140 29 75 os
1980 140 95 75 Refufal
2081 140 29 75 of
2117 140 124 75 bargains.

1200 103 47 75 ged
1255 103 27 75 to
1289 103 85 75 return
1382 103 26 75 th

1200 130 44 75 the
1255 130 84 75 Buyer,
1353 130 38 75 for
1400 130 43 75 the
1452 130 53 75 fum
1514 130 78 75 advan

1201 158 38 75 fpr
1246 158 42 75 the
1296 158 108 75 penalty)
1416 158 45 75 Drs
1468 158 27 75 to
1504 158 57 75 Cafh
1569 158 54 75 nc..
1637 190 14 49 r
1726 158 16 75 |

1235 203 17 75 "
1266 203 8 75 *
1281 203 37 75 T
1334 203 24 75 ‘f
1362 203 52 75 you
1422 203 42 75 fell
1472 203 80 75 »fhlp,
1565 203 86 75 houfe,
1665 203 47 75 &c.
1727 203 71 75 enter
1803 203 65 75 Cajh,
1877 203 29 75 or
1912 203 43 75 the
1961 203 84 75 Buyer,
2052 203 34 75 Dr
2091 203 28 75 to
2128 203 48 75 faid
2182 203 57 75 Ship

1244 212 74 75 Hmfl
1334 212 70 75 Vortl

1230 239 56 75 ...re
1295 239 24 75 4.
1335 239 22 75 It
1364 239 51 75 you
1429 239 58 75 fend
1500 239 79 75 goods
1594 239 28 75 to
1635 239 27 75 A.
1673 239 28 75 B.
1716 239 49 75 and
1774 239 69 75 leave
1857 239 20 75 it
1890 239 27 75 to
1930 239 37 75 his
1980 239 97 75 choice,
2090 239 111 75 whether
2209 239 29 75 to

1202 266 65 75 keep
1275 266 30 75 or
1312 266 86 75 return
1406 266 80 75 them,
1499 266 102 75 ereftan
1609 266 107 75 account
1725 266 79 75 under
1812 266 43 75 the
1860 266 56 75 title
1925 266 30 75 Of
1958 266 217 75 Sufpenfe-accompt
2175 266 7 75 ,
2191 266 49 75 and

1201 293 90 75 charge
1301 293 21 75 it
1329 293 34 75 Dr
1371 293 28 75 to
1406 293 43 75 the
1454 293 70 75 goods
1529 293 54 75 tent
1590 293 46 75 off.
1664 293 24 75 If
1692 293 43 75 the
1740 293 78 75 goods
1827 293 31 75 be
1863 293 125 75 returned,
1997 293 94 75 reverfe
2099 293 42 75 the
2146 293 91 75 former

1202 319 79 75 entry.
1312 319 23 75 If
1340 319 31 75 he
1378 319 64 75 keep
1450 319 80 75 them,
1543 319 90 75 charge
1642 319 29 75 A.
1680 319 27 75 B.
1722 319 34 75 Dr
1765 319 27 75 to
1801 319 209 75 Sufpenfe-account
2010 319 7 75 ,
2031 319 38 75 for
2077 319 42 75 the
2130 319 71 75 value
2210 319 30 75 of

1202 376 190 75 compf^Mayi
1414 376 38 75 y”
1452 358 8 49 1
1460 376 9 75 ’
1487 408 11 49 I

1498 358 10 49 1
1508 376 15 75 /
1533 358 32 49 hc
1575 358 69 49 fendS
1657 358 34 49 Up
1700 358 42 49 the
1752 358 65 49 price
1817 376 10 75 ’
1841 358 59 49 char
1900 376 16 75 g
1916 358 15 49 e
1940 358 29 49 Ca
1969 376 28 75 Jb
2005 376 34 75 Dr
2046 376 28 75 to
2083 376 153 75 Suffenfe-ac-

1204 441 99 75 Prob.
1324 441 33 75 4.
1385 441 48 75 D.
1461 441 129 75 Debtor
1606 441 71 75 and
1690 441 153 75 Credithr
1854 441 134 75 applied
2000 441 36 75 in
2048 441 184 75 bartering.

1252 508 127 75 Barter,
1405 508 38 75 or
1459 508 56 75 the
1533 508 200 75 exchanging
1751 508 39 75 of
1801 508 101 75 goods
1926 508 51 75 for
1992 508 114 75 goods,
2132 508 27 75 is
2176 508 57 75 no-

1205 553 92 75 thing
1314 553 61 75 elfe
1393 553 58 75 but
1476 553 120 75 buying
1611 553 61 75 and
1700 553 112 75 felling
1831 553 134 75 blended
1984 553 166 75 together;
2177 553 56 75 the

1204 600 83 75 cafes
1305 600 41 75 of
1359 600 114 75 which,
1499 600 30 75 if
1543 600 53 75 the
1601 600 108 75 .goods
1723 600 144 75 received
1884 600 61 75 and
1962 600 162 75 delivered
2142 600 39 75 be
2197 600 42 75 of

1205 647 95 75 equal
1323 647 103 75 value,
1452 647 53 75 are
1521 647 88 75 thefe
1621 647 85 75 four.

1251 694 77 75 Cafe
1348 694 31 75 1.
1404 694 111 75 When
1530 694 59 75 one
1613 694 197 75 commodity
1822 694 26 75 is
1865 694 145 75 received
2029 694 52 75 for
2098 694 135 75 another

1204 742 172 75 delivered,
1402 742 91 75 orsf.tr
1503 742 112 75 Wares
1638 742 144 75 received
1801 742 52 75 Dr
1871 742 35 75 to
1921 742 111 75 Wares
2056 742 175 75 delivered.

1206 787 103 75 April
1323 787 52 75 10.

1252 836 33 75 2.
1310 836 111 75 When
1433 836 60 75 one
1506 836 199 75 commodity
1716 836 26 75 is
1760 836 145 75 received
1922 836 51 75 for
1992 836 66 75 two
2081 836 38 75 or
2143 836 89 75 more

1204 881 172 75 delivered,
1401 881 90 75 enter
1508 881 110 75 Wares
1647 881 144 75 received
1820 881 53 75 Dr
1900 881 36 75 to
1961 881 172 75 Sundries,
2158 881 70 75 viz.

1204 926 35 75 to
1263 926 56 75 the
1342 926 120 75 feveral
1477 926 109 75 wares
1602 926 174 75 delivered,
1810 926 51 75 for
1878 926 84 75 their
1983 926 168 75 refpedtive
2176 926 55 75 va-

1204 974 81 75 lues.

1253 1022 31 75 3.
1310 1022 112 75 When
1439 1022 64 75 two
1521 1022 37 75 or
1575 1022 87 75 more
1679 1022 81 75 forts
1777 1022 39 75 of
1829 1022 98 75 wares
1951 1022 53 75 are
2020 1022 146 75 received
2179 1022 50 75 for

1203 1067 60 75 one
1280 1067 174 75 delivered,
1480 1067 89 75 trsttr
1579 1067 159 75 Sundries
1757 1067 85 75 (viz.
1860 1067 56 75 the
1928 1067 119 75 feveral

2179 1067 50 75 re-

1203 1114 120 75 ceived,
1350 1114 77 75 each
1444 1114 53 75 for
1524 1114 85 75 their
1635 1114 107 75 value)
1761 1114 70 75 Drs
1856 1114 35 75 to
1918 1114 111 75 Wares
2052 1114 181 75 delivered.'

1204 1161 103 75 April
1323 1161 52 75 16.

1251 1210 32 75 4.
1310 1210 110 75 When
1449 1210 119 75 feveral
1596 1210 101 75 wares
1714 1210 53 75 are
1783 1210 148 75 bartered
1949 1210 79 75 with
2047 1210 45 75 A.
2112 1210 43 75 B.
2180 1210 52 75 for

1200 1253 132 75 feveral,
1358 1253 92 75 make
1479 1253 66 75 two
1563 1253 129 75 entries,
1718 1253 61 75 and
1798 1253 71 75 that
1886 1253 146 75 whether
2049 1253 55 75 the
2133 1253 99 75 wares

1201 1301 144 75 received
1363 1301 63 75 and
1442 1301 161 75 delivered
1621 1301 39 75 be
1676 1301 41 75 of
1727 1301 95 75 equal
1838 1301 93 75 value
1948 1301 37 75 or
2002 1301 68 75 not.

1251 1349 30 75 1.
1309 1349 102 75 A.B.
1438 1349 53 75 T>r
1502 1349 36 75 to
1553 1349 173 75 Sundries,
1752 1349 69 75 viz.
1847 1349 35 75 to
1891 1349 76 75 each
1976 1349 66 75 fort
2054 1349 174 75 delivered,

1294 1393 51 75 for
1370 1393 83 75 their
1473 1393 169 75 refpe&ive
1660 1393 119 75 values.

1247 1442 35 75 2.
1308 1442 161 75 Sundries
1482 1442 87 75 (viz.
1588 1442 78 75 each
1683 1442 66 75 fort
1766 1442 158 75 received,
1946 1442 51 75 for
2014 1442 84 75 their
2110 1442 121 75 refpec-

1294 1487 64 75 tive
1374 1487 124 75 values)
1519 1487 69 75 Drs
1605 1487 34 75 to
1715 1487 42 75 B.
1784 1487 104 75 April
1918 1487 55 75 30.

1223 1521 45 75 Not
1268 1521 13 75 e
1292 1521 21 75 1.
1328 1521 134 75 Suppoling
1470 1521 43 75 the
1522 1521 80 75 goods
1616 1521 116 75 received
1744 1521 50 75 and
1808 1521 124 75 delivered
1942 1521 41 75 are
1993 1521 47 75 not
2047 1521 26 75 in
2085 1521 145 75 themfelves

1198 1546 29 75 of
1236 1546 74 75 equal
1324 1546 82 75 value,
1420 1546 46 75 but
1478 1546 54 75 that
1540 1546 44 75 the
1598 1546 136 75 deficiency
1743 1546 21 75 is
1777 1546 73 75 made
1863 1546 33 75 up
1905 1546 32 75 by
1945 1546 94 75 money
2048 1546 28 75 or
2084 1546 52 75 bill,
2150 1546 28 75 or
2187 1546 44 75 the

1197 1573 48 75 one
1255 1573 128 75 merchant
1387 1573 72 75 gives
1467 1573 43 75 the
1519 1573 72 75 other
1604 1573 78 75 credit
1690 1573 37 75 for
1738 1573 42 75 the
1792 1573 142 75 difference:
1949 1573 69 75 upon
2026 1573 48 75 this
2080 1573 151 75 fuppofition

1197 1601 69 75 there
1276 1601 49 75 will
1334 1601 29 75 be
1372 1601 93 75 feveral
1475 1601 72 75 other
1558 1601 78 75 cafes;
1650 1601 59 75 fuch
1718 1601 35 75 as,
1770 1601 20 75 i.
1807 1601 78 75 Wares
1894 1601 122 75 received,
2029 1601 38 75 for
2080 1601 56 75 part
2144 1601 87 75 wares,

1197 1628 54 75 part
1257 1628 100 75 money,
1387 1628 24 75 a.
1427 1628 47 75 For
1481 1628 54 75 part
1540 1628 85 75 wares,
1634 1628 55 75 part
1697 1628 50 75 bill.
1779 1628 21 75 3.
1816 1628 54 75 Part
1879 1628 88 75 wares,
1981 1628 54 75 part
2043 1628 70 75 time.
2141 1628 24 75 4.
2175 1628 58 75 Part

1197 1655 86 75 wares,
1296 1655 55 75 part
1363 1655 103 75 money,
1479 1655 55 75 part
1541 1655 72 75 time,
1626 1655 47 75 &c.
1700 1655 31 75 In
1742 1655 32 75 all
1783 1655 81 75 which
1877 1655 74 75 cafes,
1965 1655 43 75 the
2023 1655 79 75 /Pares
2115 1655 115 75 received

1197 1682 41 75 are
1246 1682 71 75 Dr^to
1323 1682 119 75 Sundries.
1471 1682 57 75 The
1537 1682 130 75 particular
1676 1682 44 75 Crs
1729 1682 25 75 in
1761 1682 61 75 each
1831 1682 52 75 cafe
1890 1682 41 75 are
1940 1682 26 75 as
1974 1682 106 75 follows.

1453 1724 84 75 CTo
1559 1724 112 75 Wares
1688 1724 175 75 delivered,
1888 1724 52 75 for
1954 1724 83 75 their
2054 1724 105 75 value,

1449 1771 24 75 2.
1481 1771 57 75 To
1561 1771 97 75 Cajh,
1684 1771 50 75 for
1751 1771 54 75 the
1823 1771 65 75 fum
1906 1771 86 75 paid,

1456 1818 83 75 CTo
1563 1818 110 75 Wares
1686 1818 174 75 delivered,
1887 1818 50 75 for
1954 1818 84 75 their
2053 1818 105 75 value,

1354 1846 18 49 2
1372 1864 15 75 ‘
1445 1864 95 75 |To
1566 1864 168 75 Accepter,
1761 1864 50 75 for
1828 1864 55 75 the
1901 1864 69 75 bill.

1458 1910 12 75 (
1486 1910 55 75 To

1692 1910 174 75 delivered,
1892 1910 51 75 for
1959 1910 85 75 their
2054 1910 106 75 value,

1356 1953 33 75 3’
1454 1953 86 75 ^To
1566 1953 122 75 dealer,
1714 1953 52 75 for
1782 1953 55 75 the
1854 1953 72 75 reft.

1452 2002 88 75 fTo
1564 2002 111 75 /Fardf
1692 2002 173 75 delivered,
1891 2002 53 75 for
1958 2002 86 75 their
2054 2002 105 75 value,

1355 2048 33 75 4.
1453 2048 88 75 <To
1565 2048 95 75 Cafh,
1687 2048 51 75 for
1756 2048 53 75 the
1827 2048 67 75 fum
1911 2048 86 75 paid,

1456 2094 86 75 (To
1568 2094 139 75 Dealer,
1733 2094 50 75 for
1796 2094 57 75 the
1867 2094 72 75 reft.

1228 2128 44 75 Not
1272 2128 13 75 e
1294 2128 24 75 2.
1333 2128 38 75 On
1383 2128 44 75 the
1441 2128 75 75 other
1528 2128 75 75 hand,
1617 2128 76 75 wares
1706 2128 25 75 in
1745 2128 80 75 barter
1838 2128 59 75 may
1905 2128 33 75 go
1954 2128 44 75 off,
2012 2128 29 75 or
2052 2128 32 75 be
2097 2128 134 75 delivered,

1204 2157 21 75 1.
1241 2157 46 75 For
1294 2157 54 75 part
1352 2157 86 75 wares,
1447 2157 55 75 part
1508 2157 101 75 money,
1625 2157 23 75 z.
1658 2157 47 75 For
1713 2157 54 75 part
1772 2157 85 75 wares,
1865 2157 53 75 part
1926 2157 50 75 bill.
1995 2157 21 75 3.
2027 2157 54 75 Part
2086 2157 85 75 wares,
2178 2157 54 75 part

1198 2188 69 75 time.
1283 2188 24 75 4.
1322 2188 55 75 Part
1381 2188 86 75 wares,
1477 2188 59 75 part
1542 2188 102 75 money,
1659 2188 53 75 part
1722 2188 69 75 time,
1804 2188 47 75 &c.
1868 2188 28 75 In
1904 2188 32 75 all
1946 2188 80 75 which
2040 2188 73 75 cafes.
2121 2188 110 75 Sundries

1199 2216 41 75 are
1250 2216 45 75 Drs
1303 2216 27 75 to
1340 2216 42 75 the
1392 2216 78 75 /Tares
1478 2216 133 75 delivered.
1640 2216 56 75 The
1705 2216 129 75 particular
1839 2216 46 75 Drs
1893 2216 26 75 in
1928 2216 62 75 each
1998 2216 52 75 cafe
2063 2216 41 75 are
2115 2216 43 75 the
2166 2216 66 75 fame

1201 2242 110 75 with,the
1325 2242 43 75 Crs
1377 2242 26 75 in
1412 2242 42 75 the
1464 2242 64 75 cafes
1537 2242 167 75 immediately
1713 2242 141 75 preceding,
1866 2242 27 75 a*
1900 2242 102 75 follows.

1249 2309 28 49 r

1454 2277 20 75 C
1483 2277 111 75 Wares
1612 2277 156 75 received,
1793 2277 50 75 for
1860 2277 84 75 their
1960 2277 104 75 value,

1249 2306 79 75 Laje
1356 2306 30 75 1.
1449 2306 129 75 ^Cafh,
1604 2306 52 75 for
1673 2306 54 75 the
1746 2306 65 75 fum
1837 2306 156 75 received.
2044 2306 104 75 April
2171 2306 57 75 22.

1458 2370 13 75 (
1486 2370 110 75 Wares
1613 2370 157 75 received,
1798 2370 50 75 for
1866 2370 82 75 thetr
1967 2370 105 75 value,

1356 2399 18 49 2
1374 2417 15 75 '
1457 2417 21 75 (
1493 2417 165 75 Accepter,
1685 2417 50 75 for
1753 2417 54 75 the
1829 2417 70 75 bill.

1462 2463 19 75 C
1490 2463 108 75 Wares
1617 2463 156 75 received,
1800 2463 51 75 for
1868 2463 85 75 their
1968 2463 105 75 value,

1359 2507 32 75 3*
1457 2507 22 75 |
1495 2507 134 75 Dealer,
1655 2507 52 75 for
1723 2507 55 75 the
1792 2507 75 75 reft.

1454 2556 27 75 C
1489 2556 108 75 Wares
1611 2556 157 75 received,
1795 2556 50 75 for
1861 2556 85 75 their
1963 2556 104 75 value,

1357 2602 33 75 4.
1455 2602 24 75 <
1489 2602 93 75 Cafh,
1609 2602 51 75 for
1675 2602 56 75 the
1741 2602 65 75 fum
1824 2602 157 75 received,

1457 2649 26 75 (_
1492 2649 136 75 Dealer,
1655 2649 52 75 for
1730 2649 56 75 the
1804 2649 72 75 reft.

1203 2717 100 75 Prob.
1320 2717 30 75 5,
1369 2717 44 75 E.
1463 2717 133 75 Debtor
1696 2717 153 75 Creditor
1859 2717 136 75 applied
2007 2717 37 75 in
2072 2717 163 75 receiving

1667 2760 119 75 money.

1253 2831 38 75 In
1309 2831 41 75 all
1375 2831 83 75 cafes
1476 2831 39 75 of
1536 2831 64 75 this
1618 2831 123 75 nature,
1766 2831 84 75 Cafh
1878 2831 26 75 is
1933 2831 73 75 Dr;
2031 2831 60 75 but
2114 2831 56 75 the
2186 2831 48 75 Cr

1207 2877 114 75 varies,
1347 2877 171 75 according
1532 2877 34 75 to
1583 2877 55 75 the
1653 2877 97 75 terms
1767 2877 41 75 on
1819 2877 105 75 which
1941 2877 56 75 the
2015 2877 113 75 money
2147 2877 24 75 is
2185 2877 49 75 re-

1209 2925 123 75 ceived.

2164 2960 71 75 Caf
2235 2992 7 49 e

1243 1747 81 75 Cafe
1353 1747 3 75 :
