2397 3387
558 52 35 75 B
683 52 39 75 O

1094 50 35 75 K

164 120 88 75 •Cafe
273 120 30 75 i.
303 102 23 49 s
335 120 111 75 When
463 120 64 75 you
543 120 122 75 receive
678 120 114 75 money
809 120 51 75 for
877 120 101 75 goods
997 120 161 75 prefently

115 167 7 75 '
122 167 94 75 Told,,
236 167 56 75 the
304 167 106 75 entry,
434 167 34 75 as
493 167 130 75 already
637 167 185 75 mentioned
836 167 31 75 in
885 167 55 75 the
956 167 63 75 firlt
1033 167 68 75 cafe
1119 167 41 75 of

118 210 182 75 Telling,is,
314 210 82 75 CW/&
406 210 52 75 Dr
468 210 35 75 to
512 210 101 75 Ccoi/r
626 210 80 75 fold,
725 210 51 75 for
786 210 83 75 their
881 210 105 75 value.
1006 210 72 75 Feb.
1095 210 58 75 25.

178 262 35 75 2.
240 262 112 75 When
365 262 65 75 you
453 262 141 75 borrow,
619 262 38 75 or
681 262 74 75 take
772 262 42 75 up
830 262 116 75 money
963 262 33 75 at
1012 262 140 75 interdt,

127 305 90 75 enter
244 305 82 75 Cafh
355 305 52 75 Dr
434 305 36 75 to
492 305 56 75 the
578 305 137 75 Lender,
743 305 52 75 for
817 305 55 75 the
900 305 67 75 fum
996 305 157 75 received,

124 351 199 75 mentioning
340 351 54 75 the
410 351 68 75 rate
490 351 39 75 of
548 351 141 75 intereft,
714 351 61 75 and
790 351 79 75 time
886 351 41 75 of
933 351 148 75 payment
1087 351 6 75 .

178 397 33 75 3.
234 397 111 75 When
363 397 63 75 you
443 397 55 75 get
516 397 126 75 money,
670 397 142 75 whether
840 397 34 75 as
899 397 148 75 payment
1073 397 42 75 of
1136 397 18 75 a

128 444 89 75 debt,
243 444 37 75 or
297 444 96 75 taken
420 444 43 75 up
487 444 34 75 at
547 444 141 75 intereft,
714 444 62 75 and
793 444 122 75 receive
931 444 39 75 it,
995 444 57 75 not
1068 444 85 75 from

127 490 57 75 the
200 490 115 75 debtor
342 490 37 75 or
408 490 123 75 lender,
556 490 56 75 but
640 490 84 75 upon
749 490 49 75 his
823 490 179 75 allignation
1025 490 83 75 from
1136 490 18 75 a

134 536 89 75 third
241 536 126 75 perfon,
392 536 90 75 enter
499 536 89 75 Cajh^
599 536 53 75 Dr
670 536 34 75 to
716 536 55 75 the
788 536 156 75 Jfigner,
967 536 57 75 not
1042 536 35 75 to
1092 536 66 75 him

128 583 71 75 that
219 583 77 75 pays
312 583 38 75 it.

177 630 34 75 4.
236 630 111 75 When
365 630 64 75 you
455 630 122 75 receive
606 630 127 75 money,
758 630 34 75 as
816 630 148 75 payment
991 630 41 75 of
1051 630 102 75 goods

129 676 154 75 formerly
299 676 80 75 fold,
400 676 38 75 or
454 676 32 75 in
502 676 149 75 payment
667 676 40 75 of
718 676 38 75 an
774 676 151 75 accepted
939 676 56 75 bill
1012 676 36 75 or
1066 676 85 75 note,

127 721 41 75 or
196 721 62 75 any
285 721 92 75 other
401 721 90 75 debt,
516 721 107 75 where
650 721 124 75 neither
790 721 145 75 difcount
952 721 57 75 nor
1026 721 128 75 intereft

131 768 27 75 is
183 768 148 75 allowed,
356 768 90 75 enter
472 768 82 75 Cafh
582 768 53 75 Dr
659 768 34 75 to
720 768 55 75 the
800 768 120 75 Payer,
948 768 49 75 for
1015 768 54 75 the
1086 768 67 75 fum

132 814 157 75 received,
316 814 194 75 mentioning
529 814 142 75 whether
688 814 31 75 in
737 814 57 75 full
813 814 36 75 or
866 814 31 75 in
915 814 84 75 part.
1025 814 74 75 Feb.
1120 814 32 75 5.

131 860 124 75 March
273 860 57 75 23.
357 860 101 75 April
473 860 30 75 6.
535 860 80 75 July
630 860 56 75 30.
713 860 89 75 Aug.
822 860 33 75 3.
882 860 90 75 Nov.
994 860 54 75 12.

179 906 30 75 y.
228 906 109 75 When
355 906 62 75 you
432 906 120 75 receive
569 906 126 75 money,
714 906 33 75 as
766 906 146 75 payment
922 906 35 75 of
972 906 39 75 an
1028 906 124 75 accept-

131 952 38 75 ed
187 952 55 75 bill
256 952 37 75 or
308 952 88 75 note,
414 952 36 75 or
468 952 61 75 any
545 952 94 75 other
655 952 89 75 debt,
765 952 131 75 (except
913 952 53 75 for
974 952 101 75 goods
1088 952 65 75 for-

130 997 104 75 merly
261 997 98 75 fold),
382 997 62 75 per
460 997 152 75 advance,
639 997 62 75 and
718 997 84 75 upon
820 997 69 75 that
907 997 135 75 account
1059 997 96 75 allow

129 1045 157 75 difcount,
311 1045 38 75 or
365 1045 180 75 abatement
556 1045 40 75 on
611 1045 61 75 any
688 1045 95 75 other
800 1045 240 75 confideration,
1065 1045 91 75 enter

175 1090 159 75 Sundries
352 1090 68 75 Drs
436 1090 36 75 to
488 1090 56 75 the
557 1090 120 75 Payer,
702 1090 70 75 viz.

225 1137 94 75 Cafh,
347 1137 50 75 for
415 1137 54 75 the
485 1137 67 75 fum
571 1137 158 75 rtceived,

224 1182 106 75 Profit
347 1182 68 75 and
426 1182 87 75 Lofs,
539 1182 52 75 for
615 1182 54 75 the
686 1182 68 75 fum
770 1182 239 75 difcounted**or
1025 1182 127 75 abated.

273 1229 88 75 Nov.
386 1229 52 75 12.

177 1278 35 75 6.
239 1278 125 75 When,
390 1278 31 75 in
438 1278 159 75 receiving
626 1278 149 75 payment
803 1278 52 75 for
882 1278 100 75 goods
1001 1278 154 75 formerly

127 1322 82 75 fold,
235 1322 63 75 you
326 1322 95 75 allow
438 1322 144 75 difcount
608 1322 36 75 or
661 1322 202 75 abatement;
890 1322 30 75 if
939 1322 54 75 the
1010 1322 145 75 accompt

129 1368 40 75 of
180 1368 64 75 faid
271 1368 100 75 goods
396 1368 39 75 be
464 1368 105 75 clofed
593 1368 33 75 in
651 1368 55 75 the
731 1368 135 75 Ledger,
893 1368 89 75 enter
999 1368 33 75 as
1050 1368 32 75 in
1100 1368 55 75 the

129 1412 152 75 laftcafe:
302 1412 55 75 but
377 1412 29 75 if
415 1412 54 75 the
487 1412 64 75 faid
569 1412 145 75 accompt
731 1412 38 75 be
779 1412 55 75 yet
847 1412 93 75 open,
966 1412 89 75 enter
1067 1412 88 75 thus.

173 1459 158 75 Sundries
350 1459 67 75 Drs
433 1459 36 75 to
484 1459 56 75 the
564 1459 119 75 Buyer,
708 1459 70 75 viz.

223 1505 95 75 Cafh,
344 1505 51 75 for
412 1505 55 75 the
486 1505 65 75 fum
569 1505 157 75 received,

223 1552 115 75 Goods,
363 1552 52 75 for
431 1552 54 75 the
513 1552 66 75 fum
595 1552 185 75 difcounted
797 1552 37 75 or
850 1552 127 75 abated.
1006 1552 104 75 April
1123 1552 30 75 1.

177 1598 32 75 7.
234 1598 111 75 When
363 1598 62 75 you
443 1598 122 75 receive
582 1598 126 75 money,
727 1598 33 75 as
778 1598 126 75 intereft
922 1598 38 75 of
972 1598 17 75 a
1007 1598 65 75 fum
1087 1598 65 75 for-

122 1643 108 75 merly
246 1643 78 75 lent,
343 1643 55 75 the
418 1643 150 75 principal
585 1643 93 75 being
694 1643 184 75 continued,
897 1643 88 75 enter
1002 1643 82 75 Cafh
1099 1643 53 75 Dr

127 1689 36 75 to
179 1689 104 75 Profit
307 1689 71 75 and
391 1689 86 75 Lofs,
504 1689 36 75 or
557 1689 34 75 to
608 1689 137 75 Interefl
760 1689 153 75 accompt,
939 1689 51 75 for
1012 1689 56 75 the
1084 1689 67 75 fum

129 1734 160 75 received.
339 1734 89 75 Sept.
449 1734 50 75 io.

177 1783 33 75 8.
227 1783 110 75 When
350 1783 64 75 you
427 1783 122 75 receive
560 1783 77 75 both
656 1783 153 75 principal
825 1783 62 75 and
900 1783 138 75 intereft,
1063 1783 89 75 enter

175 1828 82 75 Cajh
275 1828 53 75 Dr
346 1828 34 75 to
396 1828 171 75 Sundries,
591 1828 71 75 viz.

222 1873 56 75 To
295 1873 54 75 the
366 1873 188 75 Borroweer,
581 1873 51 75 for
644 1873 56 75 the
717 1873 165 75 principal,

221 1921 55 75 To
292 1921 106 75 Profit
414 1921 68 75 and
498 1921 84 75 Left,
596 1921 37 75 or
650 1921 35 75 to
702 1921 308 75 Interefi-accompt,
1028 1921 51 75 for
1095 1921 54 75 the

269 1968 127 75 intereft
421 1968 89 75 Nov.
529 1968 32 75 8.

173 2013 31 75 9.
231 2013 110 75 When
360 2013 61 75 you
439 2013 122 75 receive
577 2013 159 75 moneyas
753 2013 56 75 the
825 2013 155 75 premium
998 2013 50 75 for
1065 2013 84 75 infu-

127 2060 71 75 ring
222 2060 129 75 another
373 2060 99 75 man’s
490 2060 65 75 Ihip
571 2060 37 75 or
626 2060 100 75 goods
752 2060 31 75 at
801 2060 61 75 fea,
889 2060 89 75 enter
995 2060 82 75 Cafh
1096 2060 35 75 D
1131 2042 19 49 r

127 2103 35 75 to
181 2103 175 75 Infurance
372 2103 153 75 accompt,
551 2103 36 75 or
604 2103 34 75 to
656 2103 105 75 Profit
777 2103 68 75 and
856 2103 87 75 Lofs.

176 2149 54 75 10.
258 2149 111 75 When
382 2149 62 75 you
463 2149 120 75 receive
601 2149 113 75 money
742 2149 32 75 as
799 2149 55 75 the
871 2149 85 75 price
984 2149 40 75 of
1035 2149 18 75 a
1069 2149 78 75 (hip,

125 2194 111 75 houfe,
260 2194 36 75 or
313 2194 108 75 eftate,
449 2194 156 75 prefently
614 2194 81 75 fold,
720 2194 37 75 or
774 2194 32 75 as
825 2194 54 75 the
897 2194 129 75 freight,
1043 2194 36 75 or
1092 2194 55 75 the

126 2240 71 75 rent
224 2240 39 75 of
275 2240 100 75 them,
402 2240 162 75 fuppofing
588 2240 54 75 the
656 2240 105 75 hiring
786 2240 56 75 out
870 2240 41 75 of
930 2240 55 75 the
1007 2240 77 75 (hip,
1110 2240 38 75 or

126 2287 116 75 fetting
258 2287 39 75 of
320 2287 55 75 the
393 2287 108 75 houfe,
528 2287 62 75 <bc.
618 2287 54 75 not
690 2287 34 75 to
742 2287 37 75 be
797 2287 137 75 booked,
959 2287 89 75 enter
1064 2287 83 75 Cafh

125 2333 55 75 Dr
196 2333 35 75 to
248 2333 73 75 fuch
340 2333 16 75 a
369 2333 91 75 Ship,
490 2333 115 75 Houfe,
630 2333 36 75 or
683 2333 124 75 EJlate.
859 2333 91 75 Sept.
976 2333 28 75 1.

178 2379 52 75 11.
257 2379 66 75 But
335 2379 29 75 if
377 2379 53 75 the
449 2379 104 75 hiring
570 2379 55 75 out
642 2379 41 75 of
692 2379 52 75 the
762 2379 76 75 (hip,
857 2379 109 75 houfe,
985 2379 36 75 or
1038 2379 108 75 eftate,

124 2426 64 75 was
206 2426 152 75 formerly
375 2426 138 75 booked,
539 2426 54 75 the
617 2426 93 75 entry
726 2426 51 75 for
804 2426 115 75 money
946 2426 142 75 received
1113 2426 34 75 as

126 2470 118 75 freight
253 2470 37 75 or
298 2470 69 75 rent
378 2470 63 75 will
454 2470 49 75 be,
511 2470 85 75 Cafh
607 2470 51 75 Dr
671 2470 34 75 to
717 2470 54 75 the
778 2470 170 75 Freighter
959 2470 35 75 or
1005 2470 140 75 Tenant.

176 2520 51 75 12.
255 2520 111 75 When
394 2520 61 75 you
475 2520 121 75 receive
623 2520 125 75 money,
775 2520 31 75 in
825 2520 109 75 legacy
950 2520 37 75 or
1015 2520 128 75 compli-

123 2563 100 75 ment,
248 2563 39 75 or
303 2563 77 75 with
399 2563 37 75 an
454 2563 190 75 apprentice,
669 2563 43 75 on
734 2563 33 75 as
795 2563 113 75 gained
937 2563 40 75 on
995 2563 18 75 a
1030 2563 116 75 wager,

125 2609 36 75 or
179 2609 42 75 by
247 2609 165 75 exchange
432 2609 38 75 of
483 2609 126 75 money,
636 2609 63 75 <&c.
727 2609 49 75 for
794 2609 102 75 which
922 2609 132 75 nothing
1071 2609 76 75 goes

124 2656 69 75 out,
217 2656 89 75 enter
324 2656 83 75 Cafh
424 2656 53 75 Dr
492 2656 34 75 to
543 2656 106 75 Profit
662 2656 69 75 and
754 2656 85 75 Lfs,
865 2656 37 75 or
920 2656 34 75 to
967 2656 105 75 Stock.

150 2690 88 75 Note;.
250 2690 21 75 It
279 2690 125 75 common!
409 2690 13 75 v
428 2690 107 75 happens
544 2690 54 75 that
603 2690 106 75 tcsacies
714 2690 40 75 are
759 2690 46 75 not
815 2690 52 75 paid
877 2690 129 75 prefentlv:
1013 2690 48 75 and
1070 2690 24 75 in
1100 2690 49 75 this

124 2717 50 75 cafe
184 2717 50 75 you
242 2717 156 75 muftcharRe
407 2717 43 75 the
459 2717 120 75 executor
587 2717 22 75 A
624 2717 26 75 B.
662 2717 32 75 Dr
701 2717 28 75 to
738 2717 72 75 Profit
819 2717 48 75 ami
875 2717 60 75 Lofs,
949 2717 35 75 till
993 2717 51 75 you
1053 2717 96 75 receive

122 2743 130 75 payment;
266 2743 48 75 and
324 2743 59 75 then
392 2743 123 75 difeharge
524 2743 52 75 him
585 2743 33 75 by
626 2743 65 75 Cajb,
704 2743 29 75 or
741 2743 43 75 the
792 2743 76 75 Thing
875 2743 122 75 received.
1025 2743 61 75 June
1098 2743 21 75 3.

121 2812 100 75 Prob.
239 2812 35 75 6.
304 2812 39 75 F.
394 2812 128 75 Debtor
547 2812 70 75 and
641 2812 150 75 Creditor
819 2812 130 75 applied
970 2812 34 75 in
1027 2812 122 75 p&ying

579 2855 103 75 money
686 2887 10 49 %

169 2922 39 75 In
225 2922 43 75 all
284 2922 84 75 cafes
385 2922 38 75 of
436 2922 63 75 this
516 2922 121 75 nature,
655 2922 82 75 Cajh
750 2922 26 75 is
793 2922 46 75 Cr
852 2922 11 75 ;
888 2922 57 75 but
961 2922 53 75 the
1026 2922 54 75 Dr
1095 2922 52 75 va-

1215 49 35 75 E
1337 49 35 75 E
1458 49 35 75 P
1580 49 16 75 I
1685 49 42 75 N
1815 49 50 75 G.

2133 49 109 75 (*A)

1202 113 71 75 ries,
1299 113 176 75 according
1488 113 35 75 to
1547 113 55 75 the
1614 113 98 75 terms
1733 113 41 75 on
1795 113 106 75 which
1927 113 53 75 the
1997 113 116 75 money
2129 113 27 75 is
2183 113 21 75 d
2204 95 36 49 e_

1203 159 135 75 livered.

1249 207 77 75 Cafe
1352 207 33 75 1.
1412 207 112 75 When
1541 207 65 75 you
1634 207 61 75 pay
1725 207 115 75 money
1869 207 51 75 for
1949 207 103 75 goods
2080 207 160 75 prefently

1201 252 136 75 bought,
1363 252 55 75 the
1435 252 93 75 entry
1546 252 50 75 (as
1625 252 130 75 already
1772 252 100 75 dated
1897 252 32 75 in
1960 252 55 75 the
2038 252 64 75 firft
2119 252 67 75 cafe
2204 252 41 75 of

1203 298 134 75 buying)
1353 298 40 75 is,
1420 298 101 75 Goods
1541 298 123 75 bought
1682 298 53 75 Dr
1753 298 34 75 to
1804 298 96 75 Cajh,
1926 298 51 75 for
1995 298 55 75 the
2067 298 66 75 fum
2151 298 86 75 paid.

1203 346 83 75 Jan.
1304 346 21 75 6

1252 393 33 75 2.
1313 393 111 75 When
1443 393 62 75 you
1524 393 74 75 lend
1616 393 38 75 or
1671 393 73 75 give
1761 393 56 75 out
1842 393 117 75 money
1976 393 32 75 at
2025 393 141 75 intereft,
2183 393 56 75 en-

1202 439 49 75 ter
1267 439 55 75 the

1524 439 51 75 Dr
1587 439 34 75 to

1753 439 49 75 for
1818 439 54 75 the
1890 439 164 75 principal,
2081 439 158 75 mention-

1202 484 54 75 ing
1273 484 55 75 the
1346 484 67 75 rate
1426 484 39 75 of
1476 484 141 75 intereft,
1633 484 63 75 and
1713 484 75 75 time
1801 484 39 75 of
1849 484 165 75 payment.
2041 484 124 75 March
2183 484 54 75 10.

1203 530 130 75 Augujl
1351 530 34 75 6.

1251 576 17 75 3
1311 576 122 75 When,
1459 576 44 75 by
1519 576 96 75 order
1632 576 39 75 of
1683 576 82 75 your
1781 576 155 75 creditor,
1961 576 63 75 you
2044 576 61 75 pay
2121 576 117 75 money

1201 622 34 75 to
1248 622 60 75 any
1328 622 121 75 perfon,
1475 622 90 75 enter
1576 622 54 75 the
1643 622 145 75 Ajfigntr
1805 622 74 75 (not
1895 622 55 75 the
1968 622 154 75 Afignee)
2139 622 52 75 Dr
2204 622 36 75 to

1180 669 9 75 -
1203 669 98 75 Cajh,
1327 669 52 75 for
1396 669 55 75 the
1468 669 66 75 fum
1553 669 86 75 paid.

1250 715 33 75 4.
1317 715 112 75 When
1445 715 62 75 you
1520 715 62 75 pay
1599 715 51 75 for
1666 715 102 75 goods
1792 715 156 75 formerly
1964 715 134 75 bought,
2125 715 38 75 or
2177 715 62 75 pay

1203 762 37 75 an
1258 762 151 75 accepted
1421 762 58 75 bill
1491 762 37 75 or
1544 762 88 75 note,
1657 762 38 75 or
1712 762 61 75 any
1783 762 94 75 other
1893 762 90 75 debt,
1998 762 106 75 where
2113 762 126 75 neither

1203 808 144 75 difcount
1364 808 58 75 nor
1436 808 125 75 intereft
1579 808 24 75 is
1616 808 136 75 allowed
1764 808 11 75 ;
1792 808 90 75 enter
1895 808 53 75 the
1962 808 157 75 Receiver
2137 808 52 75 Dr
2203 808 36 75 to

1203 856 95 75 Cafh,
1324 856 52 75 for
1393 856 54 75 the
1464 856 67 75 fum
1549 856 85 75 paid,
1660 856 196 75 mentioning
1870 856 144 75 whether
2029 856 32 75 in
2080 856 57 75 full
2156 856 37 75 or
2204 856 34 75 in

1204 901 83 75 part.
1338 901 72 75 Jan
1447 901 53 75 15.
1529 901 85 75 Jan.
1629 901 56 75 30.
1714 901 124 75 March
1856 901 55 75 10.
1937 901 61 75 and
2014 901 59 75 23.
2101 901 82 75 May
2204 901 32 75 3.

1205 947 92 75 June
1313 947 33 75 8.
1376 947 90 75 June
1485 947 55 75 22.
1569 947 61 75 and
1649 947 57 75 29.

1255 993 31 75 5.
1313 993 110 75 When
1441 993 61 75 you
1521 993 61 75 pay
1591 993 38 75 an
1642 993 153 75 accepted
1803 993 56 75 bill
1868 993 38 75 or
1917 993 88 75 note,
2023 993 37 75 or
2073 993 62 75 any
2143 993 94 75 other

1204 1039 89 75 debt,
1319 1039 133 75 (except
1476 1039 52 75 for
1544 1039 100 75 goods
1663 1039 153 75 formerly
1833 1039 152 75 bought),
2007 1039 60 75 per
2083 1039 154 75 advance,

1204 1087 63 75 and
1284 1087 83 75 upon
1386 1087 70 75 that
1469 1087 136 75 account
1624 1087 81 75 have
1721 1087 146 75 difcount
1893 1087 137 75 allowed
2047 1087 75 75 you,
2149 1087 37 75 or
2202 1087 35 75 a-

1205 1131 162 75 batement
1384 1131 41 75 on
1444 1131 60 75 any
1523 1131 93 75 other
1633 1131 251 75 confideration;
1910 1131 90 75 enter

1253 1177 154 75 Receiver
1425 1177 53 75 Dr
1494 1177 35 75 to
1543 1177 172 75 Sundries,
1740 1177 70 75 viz.

1289 1224 56 75 To
1361 1224 96 75 Cafh,
1476 1224 51 75 for
1545 1224 54 75 the
1611 1224 66 75 fum
1702 1224 86 75 paid,

1300 1270 55 75 To
1373 1270 107 75 Profit
1491 1270 70 75 and
1574 1270 85 75 Lofs,
1686 1270 49 75 for
1754 1270 55 75 the
1827 1270 65 75 fum
1909 1270 199 75 difcounted.

1250 1318 35 75 6.
1310 1318 125 75 When,
1461 1318 31 75 in
1521 1318 115 75 paying
1653 1318 51 75 for
1721 1318 101 75 goods
1839 1318 154 75 formerly
2010 1318 135 75 bought,
2171 1318 63 75 you

1202 1362 82 75 have
1301 1362 145 75 difcount
1463 1362 37 75 or
1527 1362 181 75 abatement
1733 1362 134 75 allowed
1881 1362 10 75 ;
1917 1362 31 75 if
1960 1362 55 75 the
2038 1362 147 75 accompt
2201 1362 41 75 of

1205 1407 62 75 faid
1286 1407 101 75 goods
1403 1407 32 75 in
1453 1407 56 75 the
1528 1407 123 75 Ledger
1667 1407 39 75 be
1724 1407 118 75 clofed,
1869 1407 90 75 enter
1987 1407 33 75 as
2048 1407 31 75 in
2106 1407 54 75 the
2178 1407 59 75 laft

1205 1453 68 75 cafe
1288 1453 10 75 ;
1326 1453 56 75 but
1395 1453 29 75 if
1436 1453 56 75 the
1507 1453 67 75 faid
1589 1453 147 75 accompt
1749 1453 37 75 be
1805 1453 52 75 yet
1875 1453 93 75 open,
1994 1453 90 75 enter
2099 1453 89 75 thus.

1253 1501 154 75 Receiver
1423 1501 54 75 Dr
1493 1501 35 75 to
1545 1501 173 75 Sundries,
1743 1501 71 75 viz.

1298 1547 56 75 To
1371 1547 96 75 Cafh,
1494 1547 50 75 for
1557 1547 55 75 the
1629 1547 67 75 fum
1714 1547 85 75 paid,

1297 1593 56 75 To
1370 1593 115 75 Goods,
1512 1593 52 75 for
1580 1593 55 75 the
1651 1593 67 75 fum
1735 1593 188 75 difcounted
1940 1593 37 75 or
1994 1593 129 75 abated.

1251 1640 34 75 7.
1309 1640 114 75 When
1441 1640 62 75 you
1520 1640 60 75 pay
1597 1640 55 75 the
1668 1640 126 75 intereft
1811 1640 40 75 of
1870 1640 18 75 a
1905 1640 65 75 fum
1988 1640 153 75 formerly
2159 1640 76 75 bor-

1198 1686 124 75 rowed,
1348 1686 56 75 the
1420 1686 152 75 principal
1586 1686 93 75 being
1696 1686 171 75 continued
1884 1686 32 75 in
1934 1686 83 75 your
2032 1686 72 75 own
2128 1686 106 75 hand;

1202 1732 87 75 enter
1307 1732 106 75 Profit
1430 1732 69 75 and
1510 1732 86 75 Lofs,
1621 1732 38 75 or
1675 1732 139 75 Interefl
1830 1732 154 75 accompt.
2011 1732 53 75 Dr
2080 1732 34 75 to
2137 1732 97 75 Cajh,

1201 1778 51 75 for
1277 1778 54 75 the
1348 1778 66 75 fum
1432 1778 84 75 paid.

1248 1827 31 75 8.
1306 1827 109 75 When
1434 1827 63 75 you
1522 1827 61 75 pay
1599 1827 79 75 both
1691 1827 153 75 principal
1854 1827 61 75 and
1931 1827 140 75 intereft,
2097 1827 91 75 enter

1247 1872 159 75 Sundries
1419 1872 67 75 Drs
1506 1872 34 75 to
1557 1872 95 75 Cajh,
1679 1872 70 75 viz.

1296 1919 138 75 Lender,
1461 1919 51 75 for
1528 1919 55 75 the
1593 1919 166 75 principal.

1294 1966 105 75 Profit
1407 1966 71 75 and
1482 1966 86 75 Lofs,
1587 1966 35 75 or
1637 1966 304 75 Interejl.accompt,
1959 1966 52 75 for
2024 1966 54 75 the
2090 1966 141 75 intereft.

1246 2012 33 75 9.
1305 2012 111 75 When
1442 2012 18 75 a
1487 2012 65 75 (hip
1581 2012 37 75 or
1636 2012 101 75 goods
1755 2012 62 75 you
1834 2012 80 75 have
1938 2012 154 75 formerly
2108 2012 126 75 infured

1198 2057 138 75 happens
1354 2057 34 75 to
1397 2057 36 75 be
1445 2057 70 75 loft,
1533 2057 61 75 and
1613 2057 174 75 thereupon
1806 2057 63 75 you
1885 2057 58 75 pay
1956 2057 55 75 the
2025 2057 91 75 value
2129 2057 35 75 to
2177 2057 56 75 the

1199 2102 136 75 owners,
1349 2102 89 75 enter
1451 2102 335 75 Infurance~accompt
1798 2102 52 75 Dr
1867 2102 35 75 to
1918 2102 96 75 Cafh,
2039 2102 51 75 for
2102 2102 56 75 the
2165 2102 69 75 fum

1201 2147 85 75 paid.

1248 2194 50 75 10.
1326 2194 110 75 When
1461 2194 62 75 you
1542 2194 61 75 pay
1619 2194 53 75 for
1690 2194 18 75 a
1724 2194 77 75 (hip,
1828 2194 110 75 houfe,
1963 2194 37 75 or
2024 2194 109 75 eftate,
2160 2194 72 75 pre-

1200 2241 99 75 fently
1323 2241 145 75 bought;
1496 2241 37 75 or
1551 2241 59 75 pay
1627 2241 132 75 repairs,
1786 2241 105 75 taxes,
1918 2241 37 75 or
1979 2241 93 75 other
2098 2241 134 75 charges

1198 2287 41 75 on
1252 2287 86 75 them
1357 2287 7 75 :
1389 2287 89 75 enter
1491 2287 91 75 Ship,
1604 2287 115 75 Houfe,
1745 2287 37 75 or
1796 2287 125 75 EJlate,
1948 2287 53 75 Dr
2018 2287 34 75 to
2064 2287 96 75 Cajh,
2180 2287 51 75 for

1199 2334 55 75 the
1273 2334 65 75 fum
1356 2334 87 75 paid.

1252 2380 53 75 11.
1331 2380 109 75 When
1458 2380 63 75 you
1539 2380 60 75 pay
1611 2380 132 75 charges
1761 2380 41 75 on
1815 2380 113 75 goods,
1954 2380 33 75 as
2000 2380 130 75 freight,
2157 2380 75 75 por.

1201 2426 121 75 terage,
1342 2426 63 75 tec.
1433 2426 88 75 enter
1539 2426 101 75 Goods
1666 2426 50 75 Dr
1734 2426 35 75 to
1792 2426 94 75 Cafh,
1913 2426 51 75 for
1989 2426 54 75 the
2058 2426 67 75 fum
2142 2426 88 75 paid.

1253 2474 52 75 12.
1333 2474 111 75 When
1461 2474 63 75 you
1544 2474 56 75 pay
1615 2474 130 75 charges
1764 2474 68 75 that
1851 2474 99 75 relate
1967 2474 34 75 to
2018 2474 91 75 trade
2126 2474 30 75 in
2174 2474 56 75 ge.

1202 2518 98 75 neral,
1339 2518 75 75 fuch
1435 2518 32 75 as
1497 2518 181 75 warehoufe
1695 2518 83 75 rent,
1803 2518 176 75 (hop-rent,
2005 2518 75 75 (hop
2097 2518 116 75 keeper
2213 2550 17 49 s

1201 2559 114 75 w.iges,
1342 2559 125 75 portage
1484 2559 35 75 of
1535 2559 122 75 letters,
1672 2559 62 75 &£•.

1868 2559 140 75 Charges
2016 2559 42 75 of
2063 2559 165 75 merchan-

1200 2611 74 75 dize
1291 2611 50 75 Dr
1360 2611 34 75 to
1408 2611 94 75 Cafh.
1554 2611 80 75 July
1656 2611 31 75 2.
1715 2611 80 75 July
1814 2611 32 75 5.

1252 2657 54 75 13.
1339 2657 108 75 Whtn
1464 2657 62 75 you
1544 2657 60 75 pay
1629 2657 81 75 your
1722 2657 144 75 landlord
1881 2657 70 75 rent
1968 2657 49 75 for
2029 2657 19 75 a
2063 2657 167 75 dwelling-

1201 2703 107 75 houfe,
1335 2703 137 75 (ervants
1498 2703 83 75 their
1598 2703 116 75 wages,
1740 2703 37 75 or
1794 2703 91 75 make
1903 2703 61 75 any
1986 2703 244 75 diftmrfements

1201 2750 49 75 for
1269 2750 71 75 youi
1351 2750 55 75 felt
1435 2750 36 75 or
1499 2750 136 75 family;
1661 2750 32 75 as
1719 2750 40 75 all
1786 2750 157 75 expences
1972 2750 40 75 of
2035 2750 64 75 this
2117 2750 113 75 nature

1201 2796 108 75 (hould
1328 2796 39 75 be
1384 2796 150 75 colletfed
1552 2796 30 75 in
1608 2796 19 75 a
1650 2796 88 75 fmall
1769 2796 84 75 book
1879 2796 42 75 by
1945 2796 209 75 themfelves;
2183 2796 45 75 fo,

1202 2842 91 75 when
1327 2842 60 75 you
1423 2842 88 75 bring
1546 2842 85 75 them
1665 2842 34 75 to
1733 2842 54 75 the
1822 2842 158 75 Journal,
2018 2842 90 75 enter
2133 2842 96 75 thus:

1203 2894 267 75 Houfe-expences
1498 2894 54 75 Dr
1568 2894 35 75 to
1619 2894 96 75 Cajh,
1740 2894 53 75 for
1819 2894 56 75 the
1902 2894 93 75 total.
2051 2894 88 75 Nov.
2171 2894 54 75 1-1.

1202 2937 85 75 Dec.
1311 2937 56 75 30.

2180 3001 53 75 14,
