<?xml version="1.0" encoding="UTF-8"?>
<alto xmlns="http://www.loc.gov/standards/alto/v3/alto.xsd"><Description><MeasurementUnit>pixel</MeasurementUnit><sourceImageInformation><fileName>./data/pdfs/c_188936619/i_144133901/188082693.23.pdf</fileName></sourceImageInformation><OCRProcessing ID="IdOcr"><ocrProcessingStep><processingDateTime>Fri Jul 12 10:39:05 2019
</processingDateTime><processingSoftware><softwareCreator>CONTRIBUTORS</softwareCreator><softwareName>pdfalto</softwareName><softwareVersion>0.1</softwareVersion></processingSoftware></ocrProcessingStep></OCRProcessing></Description><Styles><TextStyle ID="font0" FONTFAMILY="times" FONTSIZE="10.000" FONTTYPE="serif" FONTWIDTH="proportional" FONTCOLOR="#WWWWWW" FONTSTYLE=""/></Styles><Layout><Page ID="Page799" PHYSICAL_IMG_NR="799" WIDTH="2477" HEIGHT="3395"><PrintSpace><TextLine WIDTH="980" HEIGHT="75" ID="p799_t1" HPOS="733" VPOS="172"><String ID="p799_w1" CONTENT="BREWING." HPOS="733" VPOS="172" WIDTH="980" HEIGHT="75" STYLEREFS="font0"/></TextLine><TextLine WIDTH="81" HEIGHT="75" ID="p799_t2" HPOS="2199" VPOS="172"><String ID="p799_w2" CONTENT="667" HPOS="2199" VPOS="172" WIDTH="81" HEIGHT="75" STYLEREFS="font0"/></TextLine><TextLine WIDTH="2116" HEIGHT="75" ID="p799_t3" HPOS="165" VPOS="245"><String ID="p799_w3" CONTENT="in" HPOS="165" VPOS="245" WIDTH="32" HEIGHT="75" STYLEREFS="font0"/><SP WIDTH="17" VPOS="245" HPOS="197"/><String ID="p799_w4" CONTENT="a" HPOS="214" VPOS="245" WIDTH="18" HEIGHT="75" STYLEREFS="font0"/><SP WIDTH="15" VPOS="245" HPOS="232"/><String ID="p799_w5" CONTENT="lefler" HPOS="247" VPOS="245" WIDTH="89" HEIGHT="75" STYLEREFS="font0"/><SP WIDTH="20" VPOS="245" HPOS="336"/><String ID="p799_w6" CONTENT="or" HPOS="356" VPOS="245" WIDTH="36" HEIGHT="75" STYLEREFS="font0"/><SP WIDTH="24" VPOS="245" HPOS="392"/><String ID="p799_w7" CONTENT="greater" HPOS="416" VPOS="245" WIDTH="129" HEIGHT="75" STYLEREFS="font0"/><SP WIDTH="15" VPOS="245" HPOS="545"/><String ID="p799_w8" CONTENT="degree;" HPOS="560" VPOS="245" WIDTH="136" HEIGHT="75" STYLEREFS="font0"/><SP WIDTH="28" VPOS="245" HPOS="696"/><String ID="p799_w9" CONTENT="but" HPOS="724" VPOS="245" WIDTH="56" HEIGHT="75" STYLEREFS="font0"/><SP WIDTH="28" VPOS="245" HPOS="780"/><String ID="p799_w10" CONTENT="there" HPOS="808" VPOS="245" WIDTH="91" HEIGHT="75" STYLEREFS="font0"/><SP WIDTH="27" VPOS="245" HPOS="899"/><String ID="p799_w11" CONTENT="is" HPOS="926" VPOS="245" WIDTH="26" HEIGHT="75" STYLEREFS="font0"/><SP WIDTH="29" VPOS="245" HPOS="952"/><String ID="p799_w12" CONTENT="a" HPOS="981" VPOS="245" WIDTH="19" HEIGHT="75" STYLEREFS="font0"/><SP WIDTH="25" VPOS="245" HPOS="1000"/><String ID="p799_w13" CONTENT="difference" HPOS="1025" VPOS="245" WIDTH="174" HEIGHT="75" STYLEREFS="font0"/><SP WIDTH="49" VPOS="245" HPOS="1199"/><String ID="p799_w14" CONTENT="part" HPOS="1248" VPOS="245" WIDTH="72" HEIGHT="75" STYLEREFS="font0"/><SP WIDTH="17" VPOS="245" HPOS="1320"/><String ID="p799_w15" CONTENT="of" HPOS="1337" VPOS="245" WIDTH="41" HEIGHT="75" STYLEREFS="font0"/><SP WIDTH="10" VPOS="245" HPOS="1378"/><String ID="p799_w16" CONTENT="it" HPOS="1388" VPOS="245" WIDTH="25" HEIGHT="75" STYLEREFS="font0"/><SP WIDTH="17" VPOS="245" HPOS="1413"/><String ID="p799_w17" CONTENT="of" HPOS="1430" VPOS="245" WIDTH="40" HEIGHT="75" STYLEREFS="font0"/><SP WIDTH="17" VPOS="245" HPOS="1470"/><String ID="p799_w18" CONTENT="a" HPOS="1487" VPOS="245" WIDTH="18" HEIGHT="75" STYLEREFS="font0"/><SP WIDTH="12" VPOS="245" HPOS="1505"/><String ID="p799_w19" CONTENT="hard&lt;barley" HPOS="1517" VPOS="245" WIDTH="200" HEIGHT="75" STYLEREFS="font0"/><SP WIDTH="8" VPOS="245" HPOS="1717"/><String ID="p799_w20" CONTENT="nature," HPOS="1725" VPOS="245" WIDTH="123" HEIGHT="75" STYLEREFS="font0"/><SP WIDTH="18" VPOS="245" HPOS="1848"/><String ID="p799_w21" CONTENT="and" HPOS="1866" VPOS="245" WIDTH="62" HEIGHT="75" STYLEREFS="font0"/><SP WIDTH="18" VPOS="245" HPOS="1928"/><String ID="p799_w22" CONTENT="weigh" HPOS="1946" VPOS="245" WIDTH="102" HEIGHT="75" STYLEREFS="font0"/><SP WIDTH="16" VPOS="245" HPOS="2048"/><String ID="p799_w23" CONTENT="heavier" HPOS="2064" VPOS="245" WIDTH="128" HEIGHT="75" STYLEREFS="font0"/><SP WIDTH="11" VPOS="245" HPOS="2192"/><String ID="p799_w24" CONTENT="than" HPOS="2203" VPOS="245" WIDTH="78" HEIGHT="75" STYLEREFS="font0"/></TextLine><TextLine WIDTH="1512" HEIGHT="75" ID="p799_t4" HPOS="164" VPOS="288"><String ID="p799_w25" CONTENT="even" HPOS="164" VPOS="288" WIDTH="78" HEIGHT="75" STYLEREFS="font0"/><SP WIDTH="17" VPOS="288" HPOS="242"/><String ID="p799_w26" CONTENT="in" HPOS="259" VPOS="288" WIDTH="32" HEIGHT="75" STYLEREFS="font0"/><SP WIDTH="17" VPOS="288" HPOS="291"/><String ID="p799_w27" CONTENT="what" HPOS="308" VPOS="288" WIDTH="87" HEIGHT="75" STYLEREFS="font0"/><SP WIDTH="27" VPOS="288" HPOS="395"/><String ID="p799_w28" CONTENT="is" HPOS="422" VPOS="288" WIDTH="26" HEIGHT="75" STYLEREFS="font0"/><SP WIDTH="25" VPOS="288" HPOS="448"/><String ID="p799_w29" CONTENT="called" HPOS="473" VPOS="288" WIDTH="103" HEIGHT="75" STYLEREFS="font0"/><SP WIDTH="16" VPOS="288" HPOS="576"/><String ID="p799_w30" CONTENT="coak," HPOS="592" VPOS="288" WIDTH="92" HEIGHT="75" STYLEREFS="font0"/><SP WIDTH="25" VPOS="288" HPOS="684"/><String ID="p799_w31" CONTENT="the" HPOS="709" VPOS="288" WIDTH="54" HEIGHT="75" STYLEREFS="font0"/><SP WIDTH="25" VPOS="288" HPOS="763"/><String ID="p799_w32" CONTENT="right" HPOS="788" VPOS="288" WIDTH="86" HEIGHT="75" STYLEREFS="font0"/><SP WIDTH="23" VPOS="288" HPOS="874"/><String ID="p799_w33" CONTENT="fort" HPOS="897" VPOS="288" WIDTH="67" HEIGHT="75" STYLEREFS="font0"/><SP WIDTH="26" VPOS="288" HPOS="964"/><String ID="p799_w34" CONTENT="being" HPOS="990" VPOS="288" WIDTH="93" HEIGHT="75" STYLEREFS="font0"/><SP WIDTH="24" VPOS="288" HPOS="1083"/><String ID="p799_w35" CONTENT="large" HPOS="1107" VPOS="288" WIDTH="90" HEIGHT="75" STYLEREFS="font0"/><SP WIDTH="50" VPOS="288" HPOS="1197"/><String ID="p799_w36" CONTENT="that" HPOS="1247" VPOS="288" WIDTH="69" HEIGHT="75" STYLEREFS="font0"/><SP WIDTH="18" VPOS="288" HPOS="1316"/><String ID="p799_w37" CONTENT="which" HPOS="1334" VPOS="288" WIDTH="106" HEIGHT="75" STYLEREFS="font0"/><SP WIDTH="15" VPOS="288" HPOS="1440"/><String ID="p799_w38" CONTENT="is" HPOS="1455" VPOS="288" WIDTH="27" HEIGHT="75" STYLEREFS="font0"/><SP WIDTH="16" VPOS="288" HPOS="1482"/><String ID="p799_w39" CONTENT="true" HPOS="1498" VPOS="288" WIDTH="72" HEIGHT="75" STYLEREFS="font0"/><SP WIDTH="16" VPOS="288" HPOS="1570"/><String ID="p799_w40" CONTENT="malt." HPOS="1586" VPOS="288" WIDTH="90" HEIGHT="75" STYLEREFS="font0"/></TextLine><TextLine WIDTH="1029" HEIGHT="75" ID="p799_t5" HPOS="165" VPOS="334"><String ID="p799_w41" CONTENT="pit-" HPOS="165" VPOS="334" WIDTH="57" HEIGHT="75" STYLEREFS="font0"/><SP WIDTH="8" VPOS="334" HPOS="222"/><String ID="p799_w42" CONTENT="coal" HPOS="230" VPOS="334" WIDTH="69" HEIGHT="75" STYLEREFS="font0"/><SP WIDTH="17" VPOS="334" HPOS="299"/><String ID="p799_w43" CONTENT="charred" HPOS="316" VPOS="334" WIDTH="133" HEIGHT="75" STYLEREFS="font0"/><SP WIDTH="20" VPOS="334" HPOS="449"/><String ID="p799_w44" CONTENT="or" HPOS="469" VPOS="334" WIDTH="37" HEIGHT="75" STYLEREFS="font0"/><SP WIDTH="21" VPOS="334" HPOS="506"/><String ID="p799_w45" CONTENT="burnt" HPOS="527" VPOS="334" WIDTH="96" HEIGHT="75" STYLEREFS="font0"/><SP WIDTH="17" VPOS="334" HPOS="623"/><String ID="p799_w46" CONTENT="in" HPOS="640" VPOS="334" WIDTH="31" HEIGHT="75" STYLEREFS="font0"/><SP WIDTH="17" VPOS="334" HPOS="671"/><String ID="p799_w47" CONTENT="fome" HPOS="688" VPOS="334" WIDTH="85" HEIGHT="75" STYLEREFS="font0"/><SP WIDTH="24" VPOS="334" HPOS="773"/><String ID="p799_w48" CONTENT="meafure" HPOS="797" VPOS="334" WIDTH="140" HEIGHT="75" STYLEREFS="font0"/><SP WIDTH="27" VPOS="334" HPOS="937"/><String ID="p799_w49" CONTENT="to" HPOS="964" VPOS="334" WIDTH="36" HEIGHT="75" STYLEREFS="font0"/><SP WIDTH="27" VPOS="334" HPOS="1000"/><String ID="p799_w50" CONTENT="a" HPOS="1027" VPOS="334" WIDTH="18" HEIGHT="75" STYLEREFS="font0"/><SP WIDTH="27" VPOS="334" HPOS="1045"/><String ID="p799_w51" CONTENT="cinder," HPOS="1072" VPOS="334" WIDTH="122" HEIGHT="75" STYLEREFS="font0"/></TextLine><TextLine WIDTH="1027" HEIGHT="75" ID="p799_t6" HPOS="166" VPOS="380"><String ID="p799_w52" CONTENT="till" HPOS="166" VPOS="380" WIDTH="50" HEIGHT="75" STYLEREFS="font0"/><SP WIDTH="17" VPOS="380" HPOS="216"/><String ID="p799_w53" CONTENT="all" HPOS="233" VPOS="380" WIDTH="42" HEIGHT="75" STYLEREFS="font0"/><SP WIDTH="17" VPOS="380" HPOS="275"/><String ID="p799_w54" CONTENT="the" HPOS="292" VPOS="380" WIDTH="54" HEIGHT="75" STYLEREFS="font0"/><SP WIDTH="17" VPOS="380" HPOS="346"/><String ID="p799_w55" CONTENT="fulphur" HPOS="363" VPOS="380" WIDTH="131" HEIGHT="75" STYLEREFS="font0"/><SP WIDTH="15" VPOS="380" HPOS="494"/><String ID="p799_w56" CONTENT="is" HPOS="509" VPOS="380" WIDTH="26" HEIGHT="75" STYLEREFS="font0"/><SP WIDTH="18" VPOS="380" HPOS="535"/><String ID="p799_w57" CONTENT="confumed" HPOS="553" VPOS="380" WIDTH="169" HEIGHT="75" STYLEREFS="font0"/><SP WIDTH="17" VPOS="380" HPOS="722"/><String ID="p799_w58" CONTENT="and" HPOS="739" VPOS="380" WIDTH="62" HEIGHT="75" STYLEREFS="font0"/><SP WIDTH="16" VPOS="380" HPOS="801"/><String ID="p799_w59" CONTENT="evaporated," HPOS="817" VPOS="380" WIDTH="202" HEIGHT="75" STYLEREFS="font0"/><SP WIDTH="26" VPOS="380" HPOS="1019"/><String ID="p799_w60" CONTENT="which" HPOS="1045" VPOS="380" WIDTH="105" HEIGHT="75" STYLEREFS="font0"/><SP WIDTH="18" VPOS="380" HPOS="1150"/><String ID="p799_w61" CONTENT="is" HPOS="1168" VPOS="380" WIDTH="25" HEIGHT="75" STYLEREFS="font0"/></TextLine><TextLine WIDTH="1028" HEIGHT="75" ID="p799_t7" HPOS="165" VPOS="427"><String ID="p799_w62" CONTENT="called" HPOS="165" VPOS="427" WIDTH="103" HEIGHT="75" STYLEREFS="font0"/><SP WIDTH="16" VPOS="427" HPOS="268"/><String ID="p799_w63" CONTENT="choak" HPOS="284" VPOS="427" WIDTH="103" HEIGHT="75" STYLEREFS="font0"/><SP WIDTH="15" VPOS="427" HPOS="387"/><String ID="p799_w64" CONTENT=";" HPOS="402" VPOS="427" WIDTH="9" HEIGHT="75" STYLEREFS="font0"/><SP WIDTH="27" VPOS="427" HPOS="411"/><String ID="p799_w65" CONTENT="and" HPOS="438" VPOS="427" WIDTH="62" HEIGHT="75" STYLEREFS="font0"/><SP WIDTH="27" VPOS="427" HPOS="500"/><String ID="p799_w66" CONTENT="this," HPOS="527" VPOS="427" WIDTH="78" HEIGHT="75" STYLEREFS="font0"/><SP WIDTH="24" VPOS="427" HPOS="605"/><String ID="p799_w67" CONTENT="when" HPOS="629" VPOS="427" WIDTH="91" HEIGHT="75" STYLEREFS="font0"/><SP WIDTH="29" VPOS="427" HPOS="720"/><String ID="p799_w68" CONTENT="it" HPOS="749" VPOS="427" WIDTH="26" HEIGHT="75" STYLEREFS="font0"/><SP WIDTH="27" VPOS="427" HPOS="775"/><String ID="p799_w69" CONTENT="is" HPOS="802" VPOS="427" WIDTH="26" HEIGHT="75" STYLEREFS="font0"/><SP WIDTH="29" VPOS="427" HPOS="828"/><String ID="p799_w70" CONTENT="truly" HPOS="857" VPOS="427" WIDTH="88" HEIGHT="75" STYLEREFS="font0"/><SP WIDTH="13" VPOS="427" HPOS="945"/><String ID="p799_w71" CONTENT="made," HPOS="958" VPOS="427" WIDTH="106" HEIGHT="75" STYLEREFS="font0"/><SP WIDTH="26" VPOS="427" HPOS="1064"/><String ID="p799_w72" CONTENT="is" HPOS="1090" VPOS="427" WIDTH="27" HEIGHT="75" STYLEREFS="font0"/><SP WIDTH="18" VPOS="427" HPOS="1117"/><String ID="p799_w73" CONTENT="the" HPOS="1135" VPOS="427" WIDTH="58" HEIGHT="75" STYLEREFS="font0"/></TextLine><TextLine WIDTH="1028" HEIGHT="75" ID="p799_t8" HPOS="165" VPOS="473"><String ID="p799_w74" CONTENT="beft" HPOS="165" VPOS="473" WIDTH="65" HEIGHT="75" STYLEREFS="font0"/><SP WIDTH="16" VPOS="473" HPOS="230"/><String ID="p799_w75" CONTENT="of" HPOS="246" VPOS="473" WIDTH="40" HEIGHT="75" STYLEREFS="font0"/><SP WIDTH="11" VPOS="473" HPOS="286"/><String ID="p799_w76" CONTENT="all" HPOS="297" VPOS="473" WIDTH="43" HEIGHT="75" STYLEREFS="font0"/><SP WIDTH="16" VPOS="473" HPOS="340"/><String ID="p799_w77" CONTENT="other" HPOS="356" VPOS="473" WIDTH="93" HEIGHT="75" STYLEREFS="font0"/><SP WIDTH="17" VPOS="473" HPOS="449"/><String ID="p799_w78" CONTENT="fuels." HPOS="466" VPOS="473" WIDTH="94" HEIGHT="75" STYLEREFS="font0"/><SP WIDTH="49" VPOS="473" HPOS="560"/><String ID="p799_w79" CONTENT="But" HPOS="609" VPOS="473" WIDTH="68" HEIGHT="75" STYLEREFS="font0"/><SP WIDTH="15" VPOS="473" HPOS="677"/><String ID="p799_w80" CONTENT="if" HPOS="692" VPOS="473" WIDTH="30" HEIGHT="75" STYLEREFS="font0"/><SP WIDTH="11" VPOS="473" HPOS="722"/><String ID="p799_w81" CONTENT="there" HPOS="733" VPOS="473" WIDTH="90" HEIGHT="75" STYLEREFS="font0"/><SP WIDTH="17" VPOS="473" HPOS="823"/><String ID="p799_w82" CONTENT="be" HPOS="840" VPOS="473" WIDTH="39" HEIGHT="75" STYLEREFS="font0"/><SP WIDTH="16" VPOS="473" HPOS="879"/><String ID="p799_w83" CONTENT="but" HPOS="895" VPOS="473" WIDTH="57" HEIGHT="75" STYLEREFS="font0"/><SP WIDTH="13" VPOS="473" HPOS="952"/><String ID="p799_w84" CONTENT="one" HPOS="965" VPOS="473" WIDTH="60" HEIGHT="75" STYLEREFS="font0"/><SP WIDTH="12" VPOS="473" HPOS="1025"/><String ID="p799_w85" CONTENT="cinder" HPOS="1037" VPOS="473" WIDTH="109" HEIGHT="75" STYLEREFS="font0"/><SP WIDTH="13" VPOS="473" HPOS="1146"/><String ID="p799_w86" CONTENT="as" HPOS="1159" VPOS="473" WIDTH="34" HEIGHT="75" STYLEREFS="font0"/></TextLine><TextLine WIDTH="1028" HEIGHT="75" ID="p799_t9" HPOS="163" VPOS="519"><String ID="p799_w87" CONTENT="big" HPOS="163" VPOS="519" WIDTH="54" HEIGHT="75" STYLEREFS="font0"/><SP WIDTH="17" VPOS="519" HPOS="217"/><String ID="p799_w88" CONTENT="as" HPOS="234" VPOS="519" WIDTH="34" HEIGHT="75" STYLEREFS="font0"/><SP WIDTH="16" VPOS="519" HPOS="268"/><String ID="p799_w89" CONTENT="an" HPOS="284" VPOS="519" WIDTH="39" HEIGHT="75" STYLEREFS="font0"/><SP WIDTH="16" VPOS="519" HPOS="323"/><String ID="p799_w90" CONTENT="egg," HPOS="339" VPOS="519" WIDTH="74" HEIGHT="75" STYLEREFS="font0"/><SP WIDTH="25" VPOS="519" HPOS="413"/><String ID="p799_w91" CONTENT="not" HPOS="438" VPOS="519" WIDTH="56" HEIGHT="75" STYLEREFS="font0"/><SP WIDTH="18" VPOS="519" HPOS="494"/><String ID="p799_w92" CONTENT="thoroughly" HPOS="512" VPOS="519" WIDTH="196" HEIGHT="75" STYLEREFS="font0"/><SP WIDTH="16" VPOS="519" HPOS="708"/><String ID="p799_w93" CONTENT="cured," HPOS="724" VPOS="519" WIDTH="110" HEIGHT="75" STYLEREFS="font0"/><SP WIDTH="24" VPOS="519" HPOS="834"/><String ID="p799_w94" CONTENT="the" HPOS="858" VPOS="519" WIDTH="55" HEIGHT="75" STYLEREFS="font0"/><SP WIDTH="17" VPOS="519" HPOS="913"/><String ID="p799_w95" CONTENT="fmoke" HPOS="930" VPOS="519" WIDTH="109" HEIGHT="75" STYLEREFS="font0"/><SP WIDTH="25" VPOS="519" HPOS="1039"/><String ID="p799_w96" CONTENT="of" HPOS="1064" VPOS="519" WIDTH="40" HEIGHT="75" STYLEREFS="font0"/><SP WIDTH="22" VPOS="519" HPOS="1104"/><String ID="p799_w97" CONTENT="this" HPOS="1126" VPOS="519" WIDTH="65" HEIGHT="75" STYLEREFS="font0"/></TextLine><TextLine WIDTH="1030" HEIGHT="75" ID="p799_t10" HPOS="163" VPOS="566"><String ID="p799_w98" CONTENT="one" HPOS="163" VPOS="566" WIDTH="61" HEIGHT="75" STYLEREFS="font0"/><SP WIDTH="16" VPOS="566" HPOS="224"/><String ID="p799_w99" CONTENT="is" HPOS="240" VPOS="566" WIDTH="27" HEIGHT="75" STYLEREFS="font0"/><SP WIDTH="17" VPOS="566" HPOS="267"/><String ID="p799_w100" CONTENT="capable" HPOS="284" VPOS="566" WIDTH="128" HEIGHT="75" STYLEREFS="font0"/><SP WIDTH="16" VPOS="566" HPOS="412"/><String ID="p799_w101" CONTENT="of" HPOS="428" VPOS="566" WIDTH="39" HEIGHT="75" STYLEREFS="font0"/><SP WIDTH="11" VPOS="566" HPOS="467"/><String ID="p799_w102" CONTENT="doing" HPOS="478" VPOS="566" WIDTH="98" HEIGHT="75" STYLEREFS="font0"/><SP WIDTH="15" VPOS="566" HPOS="576"/><String ID="p799_w103" CONTENT="damage," HPOS="591" VPOS="566" WIDTH="144" HEIGHT="75" STYLEREFS="font0"/><SP WIDTH="27" VPOS="566" HPOS="735"/><String ID="p799_w104" CONTENT="which" HPOS="762" VPOS="566" WIDTH="102" HEIGHT="75" STYLEREFS="font0"/><SP WIDTH="13" VPOS="566" HPOS="864"/><String ID="p799_w105" CONTENT="happens" HPOS="877" VPOS="566" WIDTH="140" HEIGHT="75" STYLEREFS="font0"/><SP WIDTH="13" VPOS="566" HPOS="1017"/><String ID="p799_w106" CONTENT="too" HPOS="1030" VPOS="566" WIDTH="57" HEIGHT="75" STYLEREFS="font0"/><SP WIDTH="15" VPOS="566" HPOS="1087"/><String ID="p799_w107" CONTENT="often" HPOS="1102" VPOS="566" WIDTH="91" HEIGHT="75" STYLEREFS="font0"/></TextLine><TextLine WIDTH="1030" HEIGHT="75" ID="p799_t11" HPOS="162" VPOS="612"><String ID="p799_w108" CONTENT="by" HPOS="162" VPOS="612" WIDTH="44" HEIGHT="75" STYLEREFS="font0"/><SP WIDTH="12" VPOS="612" HPOS="206"/><String ID="p799_w109" CONTENT="the" HPOS="218" VPOS="612" WIDTH="55" HEIGHT="75" STYLEREFS="font0"/><SP WIDTH="16" VPOS="612" HPOS="273"/><String ID="p799_w110" CONTENT="negligence" HPOS="289" VPOS="612" WIDTH="183" HEIGHT="75" STYLEREFS="font0"/><SP WIDTH="12" VPOS="612" HPOS="472"/><String ID="p799_w111" CONTENT="or" HPOS="484" VPOS="612" WIDTH="38" HEIGHT="75" STYLEREFS="font0"/><SP WIDTH="16" VPOS="612" HPOS="522"/><String ID="p799_w112" CONTENT="avarice" HPOS="538" VPOS="612" WIDTH="123" HEIGHT="75" STYLEREFS="font0"/><SP WIDTH="16" VPOS="612" HPOS="661"/><String ID="p799_w113" CONTENT="of" HPOS="677" VPOS="612" WIDTH="41" HEIGHT="75" STYLEREFS="font0"/><SP WIDTH="11" VPOS="612" HPOS="718"/><String ID="p799_w114" CONTENT="the" HPOS="729" VPOS="612" WIDTH="55" HEIGHT="75" STYLEREFS="font0"/><SP WIDTH="15" VPOS="612" HPOS="784"/><String ID="p799_w115" CONTENT="choak-maker" HPOS="799" VPOS="612" WIDTH="230" HEIGHT="75" STYLEREFS="font0"/><SP WIDTH="14" VPOS="612" HPOS="1029"/><String ID="p799_w116" CONTENT=":" HPOS="1043" VPOS="612" WIDTH="9" HEIGHT="75" STYLEREFS="font0"/><SP WIDTH="26" VPOS="612" HPOS="1052"/><String ID="p799_w117" CONTENT="There" HPOS="1078" VPOS="612" WIDTH="114" HEIGHT="75" STYLEREFS="font0"/></TextLine><TextLine WIDTH="1029" HEIGHT="75" ID="p799_t12" HPOS="162" VPOS="658"><String ID="p799_w118" CONTENT="is" HPOS="162" VPOS="658" WIDTH="28" HEIGHT="75" STYLEREFS="font0"/><SP WIDTH="24" VPOS="658" HPOS="190"/><String ID="p799_w119" CONTENT="another" HPOS="214" VPOS="658" WIDTH="138" HEIGHT="75" STYLEREFS="font0"/><SP WIDTH="28" VPOS="658" HPOS="352"/><String ID="p799_w120" CONTENT="fort," HPOS="380" VPOS="658" WIDTH="77" HEIGHT="75" STYLEREFS="font0"/><SP WIDTH="36" VPOS="658" HPOS="457"/><String ID="p799_w121" CONTENT="by." HPOS="493" VPOS="658" WIDTH="45" HEIGHT="75" STYLEREFS="font0"/><SP WIDTH="25" VPOS="658" HPOS="538"/><String ID="p799_w122" CONTENT="fome" HPOS="563" VPOS="658" WIDTH="86" HEIGHT="75" STYLEREFS="font0"/><SP WIDTH="28" VPOS="658" HPOS="649"/><String ID="p799_w123" CONTENT="wrongly" HPOS="677" VPOS="658" WIDTH="145" HEIGHT="75" STYLEREFS="font0"/><SP WIDTH="26" VPOS="658" HPOS="822"/><String ID="p799_w124" CONTENT="called" HPOS="848" VPOS="658" WIDTH="104" HEIGHT="75" STYLEREFS="font0"/><SP WIDTH="27" VPOS="658" HPOS="952"/><String ID="p799_w125" CONTENT="choak," HPOS="979" VPOS="658" WIDTH="117" HEIGHT="75" STYLEREFS="font0"/><SP WIDTH="32" VPOS="658" HPOS="1096"/><String ID="p799_w126" CONTENT="and" HPOS="1128" VPOS="658" WIDTH="63" HEIGHT="75" STYLEREFS="font0"/></TextLine><TextLine WIDTH="1028" HEIGHT="75" ID="p799_t13" HPOS="161" VPOS="703"><String ID="p799_w127" CONTENT="rightly" HPOS="161" VPOS="703" WIDTH="124" HEIGHT="75" STYLEREFS="font0"/><SP WIDTH="16" VPOS="703" HPOS="285"/><String ID="p799_w128" CONTENT="named" HPOS="301" VPOS="703" WIDTH="114" HEIGHT="75" STYLEREFS="font0"/><SP WIDTH="22" VPOS="703" HPOS="415"/><String ID="p799_w129" CONTENT="culm" HPOS="437" VPOS="703" WIDTH="85" HEIGHT="75" STYLEREFS="font0"/><SP WIDTH="27" VPOS="703" HPOS="522"/><String ID="p799_w130" CONTENT="or" HPOS="549" VPOS="703" WIDTH="38" HEIGHT="75" STYLEREFS="font0"/><SP WIDTH="23" VPOS="703" HPOS="587"/><String ID="p799_w131" CONTENT="Welch-coal," HPOS="610" VPOS="703" WIDTH="219" HEIGHT="75" STYLEREFS="font0"/><SP WIDTH="33" VPOS="703" HPOS="829"/><String ID="p799_w132" CONTENT="from" HPOS="862" VPOS="703" WIDTH="85" HEIGHT="75" STYLEREFS="font0"/><SP WIDTH="25" VPOS="703" HPOS="947"/><String ID="p799_w133" CONTENT="Swanzey" HPOS="972" VPOS="703" WIDTH="159" HEIGHT="75" STYLEREFS="font0"/><SP WIDTH="27" VPOS="703" HPOS="1131"/><String ID="p799_w134" CONTENT="in" HPOS="1158" VPOS="703" WIDTH="31" HEIGHT="75" STYLEREFS="font0"/></TextLine><TextLine WIDTH="1029" HEIGHT="75" ID="p799_t14" HPOS="162" VPOS="749"><String ID="p799_w135" CONTENT="Pembrokefhire," HPOS="162" VPOS="749" WIDTH="271" HEIGHT="75" STYLEREFS="font0"/><SP WIDTH="26" VPOS="749" HPOS="433"/><String ID="p799_w136" CONTENT="being" HPOS="459" VPOS="749" WIDTH="94" HEIGHT="75" STYLEREFS="font0"/><SP WIDTH="15" VPOS="749" HPOS="553"/><String ID="p799_w137" CONTENT="of" HPOS="568" VPOS="749" WIDTH="40" HEIGHT="75" STYLEREFS="font0"/><SP WIDTH="11" VPOS="749" HPOS="608"/><String ID="p799_w138" CONTENT="a" HPOS="619" VPOS="749" WIDTH="19" HEIGHT="75" STYLEREFS="font0"/><SP WIDTH="15" VPOS="749" HPOS="638"/><String ID="p799_w139" CONTENT="hard" HPOS="653" VPOS="749" WIDTH="79" HEIGHT="75" STYLEREFS="font0"/><SP WIDTH="17" VPOS="749" HPOS="732"/><String ID="p799_w140" CONTENT="ftony" HPOS="749" VPOS="749" WIDTH="89" HEIGHT="75" STYLEREFS="font0"/><SP WIDTH="15" VPOS="749" HPOS="838"/><String ID="p799_w141" CONTENT="fubftance," HPOS="853" VPOS="749" WIDTH="173" HEIGHT="75" STYLEREFS="font0"/><SP WIDTH="19" VPOS="749" HPOS="1026"/><String ID="p799_w142" CONTENT="in" HPOS="1045" VPOS="749" WIDTH="39" HEIGHT="75" STYLEREFS="font0"/><SP WIDTH="16" VPOS="749" HPOS="1084"/><String ID="p799_w143" CONTENT="fmall" HPOS="1100" VPOS="749" WIDTH="91" HEIGHT="75" STYLEREFS="font0"/></TextLine><TextLine WIDTH="1029" HEIGHT="75" ID="p799_t15" HPOS="162" VPOS="797"><String ID="p799_w144" CONTENT="bits," HPOS="162" VPOS="797" WIDTH="75" HEIGHT="75" STYLEREFS="font0"/><SP WIDTH="27" VPOS="797" HPOS="237"/><String ID="p799_w145" CONTENT="refembling" HPOS="264" VPOS="797" WIDTH="187" HEIGHT="75" STYLEREFS="font0"/><SP WIDTH="23" VPOS="797" HPOS="451"/><String ID="p799_w146" CONTENT="a" HPOS="474" VPOS="797" WIDTH="18" HEIGHT="75" STYLEREFS="font0"/><SP WIDTH="27" VPOS="797" HPOS="492"/><String ID="p799_w147" CONTENT="fhinning" HPOS="519" VPOS="797" WIDTH="142" HEIGHT="75" STYLEREFS="font0"/><SP WIDTH="27" VPOS="797" HPOS="661"/><String ID="p799_w148" CONTENT="coal," HPOS="688" VPOS="797" WIDTH="83" HEIGHT="75" STYLEREFS="font0"/><SP WIDTH="25" VPOS="797" HPOS="771"/><String ID="p799_w149" CONTENT="and" HPOS="796" VPOS="797" WIDTH="61" HEIGHT="75" STYLEREFS="font0"/><SP WIDTH="17" VPOS="797" HPOS="857"/><String ID="p799_w150" CONTENT="will" HPOS="874" VPOS="797" WIDTH="67" HEIGHT="75" STYLEREFS="font0"/><SP WIDTH="17" VPOS="797" HPOS="941"/><String ID="p799_w151" CONTENT="burn" HPOS="958" VPOS="797" WIDTH="80" HEIGHT="75" STYLEREFS="font0"/><SP WIDTH="16" VPOS="797" HPOS="1038"/><String ID="p799_w152" CONTENT="without" HPOS="1054" VPOS="797" WIDTH="137" HEIGHT="75" STYLEREFS="font0"/></TextLine><TextLine WIDTH="1029" HEIGHT="75" ID="p799_t16" HPOS="162" VPOS="843"><String ID="p799_w153" CONTENT="fmoke," HPOS="162" VPOS="843" WIDTH="119" HEIGHT="75" STYLEREFS="font0"/><SP WIDTH="26" VPOS="843" HPOS="281"/><String ID="p799_w154" CONTENT="and" HPOS="307" VPOS="843" WIDTH="63" HEIGHT="75" STYLEREFS="font0"/><SP WIDTH="15" VPOS="843" HPOS="370"/><String ID="p799_w155" CONTENT="by" HPOS="385" VPOS="843" WIDTH="42" HEIGHT="75" STYLEREFS="font0"/><SP WIDTH="16" VPOS="843" HPOS="427"/><String ID="p799_w156" CONTENT="its" HPOS="443" VPOS="843" WIDTH="40" HEIGHT="75" STYLEREFS="font0"/><SP WIDTH="24" VPOS="843" HPOS="483"/><String ID="p799_w157" CONTENT="fulphureous" HPOS="507" VPOS="843" WIDTH="205" HEIGHT="75" STYLEREFS="font0"/><SP WIDTH="17" VPOS="843" HPOS="712"/><String ID="p799_w158" CONTENT="effluvia" HPOS="729" VPOS="843" WIDTH="123" HEIGHT="75" STYLEREFS="font0"/><SP WIDTH="17" VPOS="843" HPOS="852"/><String ID="p799_w159" CONTENT="call" HPOS="869" VPOS="843" WIDTH="63" HEIGHT="75" STYLEREFS="font0"/><SP WIDTH="20" VPOS="843" HPOS="932"/><String ID="p799_w160" CONTENT="a" HPOS="952" VPOS="843" WIDTH="18" HEIGHT="75" STYLEREFS="font0"/><SP WIDTH="17" VPOS="843" HPOS="970"/><String ID="p799_w161" CONTENT="moft" HPOS="987" VPOS="843" WIDTH="79" HEIGHT="75" STYLEREFS="font0"/><SP WIDTH="16" VPOS="843" HPOS="1066"/><String ID="p799_w162" CONTENT="excel-" HPOS="1082" VPOS="843" WIDTH="109" HEIGHT="75" STYLEREFS="font0"/></TextLine><TextLine WIDTH="1028" HEIGHT="75" ID="p799_t17" HPOS="161" VPOS="889"><String ID="p799_w163" CONTENT="lent" HPOS="161" VPOS="889" WIDTH="66" HEIGHT="75" STYLEREFS="font0"/><SP WIDTH="18" VPOS="889" HPOS="227"/><String ID="p799_w164" CONTENT="whitenefs" HPOS="245" VPOS="889" WIDTH="167" HEIGHT="75" STYLEREFS="font0"/><SP WIDTH="18" VPOS="889" HPOS="412"/><String ID="p799_w165" CONTENT="on" HPOS="430" VPOS="889" WIDTH="40" HEIGHT="75" STYLEREFS="font0"/><SP WIDTH="18" VPOS="889" HPOS="470"/><String ID="p799_w166" CONTENT="all" HPOS="488" VPOS="889" WIDTH="41" HEIGHT="75" STYLEREFS="font0"/><SP WIDTH="17" VPOS="889" HPOS="529"/><String ID="p799_w167" CONTENT="the" HPOS="546" VPOS="889" WIDTH="55" HEIGHT="75" STYLEREFS="font0"/><SP WIDTH="12" VPOS="889" HPOS="601"/><String ID="p799_w168" CONTENT="outward" HPOS="613" VPOS="889" WIDTH="145" HEIGHT="75" STYLEREFS="font0"/><SP WIDTH="16" VPOS="889" HPOS="758"/><String ID="p799_w169" CONTENT="parts" HPOS="774" VPOS="889" WIDTH="90" HEIGHT="75" STYLEREFS="font0"/><SP WIDTH="17" VPOS="889" HPOS="864"/><String ID="p799_w170" CONTENT="of" HPOS="881" VPOS="889" WIDTH="39" HEIGHT="75" STYLEREFS="font0"/><SP WIDTH="12" VPOS="889" HPOS="920"/><String ID="p799_w171" CONTENT="the" HPOS="932" VPOS="889" WIDTH="55" HEIGHT="75" STYLEREFS="font0"/><SP WIDTH="17" VPOS="889" HPOS="987"/><String ID="p799_w172" CONTENT="grainy" HPOS="1004" VPOS="889" WIDTH="110" HEIGHT="75" STYLEREFS="font0"/><SP WIDTH="19" VPOS="889" HPOS="1114"/><String ID="p799_w173" CONTENT="bo-" HPOS="1133" VPOS="889" WIDTH="56" HEIGHT="75" STYLEREFS="font0"/></TextLine><TextLine WIDTH="1029" HEIGHT="75" ID="p799_t18" HPOS="161" VPOS="935"><String ID="p799_w174" CONTENT="dy:" HPOS="161" VPOS="935" WIDTH="63" HEIGHT="75" STYLEREFS="font0"/><SP WIDTH="33" VPOS="935" HPOS="224"/><String ID="p799_w175" CONTENT="In" HPOS="257" VPOS="935" WIDTH="38" HEIGHT="75" STYLEREFS="font0"/><SP WIDTH="28" VPOS="935" HPOS="295"/><String ID="p799_w176" CONTENT="Devonfflire" HPOS="323" VPOS="935" WIDTH="200" HEIGHT="75" STYLEREFS="font0"/><SP WIDTH="26" VPOS="935" HPOS="523"/><String ID="p799_w177" CONTENT="their" HPOS="549" VPOS="935" WIDTH="83" HEIGHT="75" STYLEREFS="font0"/><SP WIDTH="27" VPOS="935" HPOS="632"/><String ID="p799_w178" CONTENT="marble" HPOS="659" VPOS="935" WIDTH="122" HEIGHT="75" STYLEREFS="font0"/><SP WIDTH="27" VPOS="935" HPOS="781"/><String ID="p799_w179" CONTENT="or" HPOS="808" VPOS="935" WIDTH="37" HEIGHT="75" STYLEREFS="font0"/><SP WIDTH="27" VPOS="935" HPOS="845"/><String ID="p799_w180" CONTENT="grey" HPOS="872" VPOS="935" WIDTH="80" HEIGHT="75" STYLEREFS="font0"/><SP WIDTH="24" VPOS="935" HPOS="952"/><String ID="p799_w181" CONTENT="fxre-ftone" HPOS="976" VPOS="935" WIDTH="160" HEIGHT="75" STYLEREFS="font0"/><SP WIDTH="28" VPOS="935" HPOS="1136"/><String ID="p799_w182" CONTENT="is" HPOS="1164" VPOS="935" WIDTH="26" HEIGHT="75" STYLEREFS="font0"/></TextLine><TextLine WIDTH="1028" HEIGHT="75" ID="p799_t19" HPOS="161" VPOS="980"><String ID="p799_w183" CONTENT="burnt" HPOS="161" VPOS="980" WIDTH="94" HEIGHT="75" STYLEREFS="font0"/><SP WIDTH="15" VPOS="980" HPOS="255"/><String ID="p799_w184" CONTENT="into" HPOS="270" VPOS="980" WIDTH="69" HEIGHT="75" STYLEREFS="font0"/><SP WIDTH="16" VPOS="980" HPOS="339"/><String ID="p799_w185" CONTENT="lime" HPOS="355" VPOS="980" WIDTH="75" HEIGHT="75" STYLEREFS="font0"/><SP WIDTH="16" VPOS="980" HPOS="430"/><String ID="p799_w186" CONTENT="with" HPOS="446" VPOS="980" WIDTH="78" HEIGHT="75" STYLEREFS="font0"/><SP WIDTH="17" VPOS="980" HPOS="524"/><String ID="p799_w187" CONTENT="the" HPOS="541" VPOS="980" WIDTH="57" HEIGHT="75" STYLEREFS="font0"/><SP WIDTH="15" VPOS="980" HPOS="598"/><String ID="p799_w188" CONTENT="ftrong" HPOS="613" VPOS="980" WIDTH="107" HEIGHT="75" STYLEREFS="font0"/><SP WIDTH="16" VPOS="980" HPOS="720"/><String ID="p799_w189" CONTENT="fire" HPOS="736" VPOS="980" WIDTH="57" HEIGHT="75" STYLEREFS="font0"/><SP WIDTH="17" VPOS="980" HPOS="793"/><String ID="p799_w190" CONTENT="that" HPOS="810" VPOS="980" WIDTH="70" HEIGHT="75" STYLEREFS="font0"/><SP WIDTH="13" VPOS="980" HPOS="880"/><String ID="p799_w191" CONTENT="this" HPOS="893" VPOS="980" WIDTH="64" HEIGHT="75" STYLEREFS="font0"/><SP WIDTH="13" VPOS="980" HPOS="957"/><String ID="p799_w192" CONTENT="culm" HPOS="970" VPOS="980" WIDTH="84" HEIGHT="75" STYLEREFS="font0"/><SP WIDTH="13" VPOS="980" HPOS="1054"/><String ID="p799_w193" CONTENT="makes," HPOS="1067" VPOS="980" WIDTH="122" HEIGHT="75" STYLEREFS="font0"/></TextLine><TextLine WIDTH="1032" HEIGHT="75" ID="p799_t20" HPOS="159" VPOS="1027"><String ID="p799_w194" CONTENT="and" HPOS="159" VPOS="1027" WIDTH="62" HEIGHT="75" STYLEREFS="font0"/><SP WIDTH="17" VPOS="1027" HPOS="221"/><String ID="p799_w195" CONTENT="both" HPOS="238" VPOS="1027" WIDTH="79" HEIGHT="75" STYLEREFS="font0"/><SP WIDTH="18" VPOS="1027" HPOS="317"/><String ID="p799_w196" CONTENT="this" HPOS="335" VPOS="1027" WIDTH="64" HEIGHT="75" STYLEREFS="font0"/><SP WIDTH="16" VPOS="1027" HPOS="399"/><String ID="p799_w197" CONTENT="and" HPOS="415" VPOS="1027" WIDTH="63" HEIGHT="75" STYLEREFS="font0"/><SP WIDTH="16" VPOS="1027" HPOS="478"/><String ID="p799_w198" CONTENT="the" HPOS="494" VPOS="1027" WIDTH="55" HEIGHT="75" STYLEREFS="font0"/><SP WIDTH="17" VPOS="1027" HPOS="549"/><String ID="p799_w199" CONTENT="chalked" HPOS="566" VPOS="1027" WIDTH="138" HEIGHT="75" STYLEREFS="font0"/><SP WIDTH="17" VPOS="1027" HPOS="704"/><String ID="p799_w200" CONTENT="pit-coal" HPOS="721" VPOS="1027" WIDTH="135" HEIGHT="75" STYLEREFS="font0"/><SP WIDTH="16" VPOS="1027" HPOS="856"/><String ID="p799_w201" CONTENT="afford" HPOS="872" VPOS="1027" WIDTH="105" HEIGHT="75" STYLEREFS="font0"/><SP WIDTH="14" VPOS="1027" HPOS="977"/><String ID="p799_w202" CONTENT="a" HPOS="991" VPOS="1027" WIDTH="18" HEIGHT="75" STYLEREFS="font0"/><SP WIDTH="18" VPOS="1027" HPOS="1009"/><String ID="p799_w203" CONTENT="moderate" HPOS="1027" VPOS="1027" WIDTH="164" HEIGHT="75" STYLEREFS="font0"/></TextLine><TextLine WIDTH="1031" HEIGHT="75" ID="p799_t21" HPOS="159" VPOS="1073"><String ID="p799_w204" CONTENT="and" HPOS="159" VPOS="1073" WIDTH="62" HEIGHT="75" STYLEREFS="font0"/><SP WIDTH="12" VPOS="1073" HPOS="221"/><String ID="p799_w205" CONTENT="certain" HPOS="233" VPOS="1073" WIDTH="118" HEIGHT="75" STYLEREFS="font0"/><SP WIDTH="18" VPOS="1073" HPOS="351"/><String ID="p799_w206" CONTENT="fire" HPOS="369" VPOS="1073" WIDTH="55" HEIGHT="75" STYLEREFS="font0"/><SP WIDTH="17" VPOS="1073" HPOS="424"/><String ID="p799_w207" CONTENT="to" HPOS="441" VPOS="1073" WIDTH="35" HEIGHT="75" STYLEREFS="font0"/><SP WIDTH="18" VPOS="1073" HPOS="476"/><String ID="p799_w208" CONTENT="all" HPOS="494" VPOS="1073" WIDTH="41" HEIGHT="75" STYLEREFS="font0"/><SP WIDTH="17" VPOS="1073" HPOS="535"/><String ID="p799_w209" CONTENT="malt" HPOS="552" VPOS="1073" WIDTH="77" HEIGHT="75" STYLEREFS="font0"/><SP WIDTH="18" VPOS="1073" HPOS="629"/><String ID="p799_w210" CONTENT="that" HPOS="647" VPOS="1073" WIDTH="70" HEIGHT="75" STYLEREFS="font0"/><SP WIDTH="16" VPOS="1073" HPOS="717"/><String ID="p799_w211" CONTENT="is" HPOS="733" VPOS="1073" WIDTH="25" HEIGHT="75" STYLEREFS="font0"/><SP WIDTH="19" VPOS="1073" HPOS="758"/><String ID="p799_w212" CONTENT="dried" HPOS="777" VPOS="1073" WIDTH="88" HEIGHT="75" STYLEREFS="font0"/><SP WIDTH="18" VPOS="1073" HPOS="865"/><String ID="p799_w213" CONTENT="by" HPOS="883" VPOS="1073" WIDTH="44" HEIGHT="75" STYLEREFS="font0"/><SP WIDTH="22" VPOS="1073" HPOS="927"/><String ID="p799_w214" CONTENT="it." HPOS="949" VPOS="1073" WIDTH="40" HEIGHT="75" STYLEREFS="font0"/><SP WIDTH="51" VPOS="1073" HPOS="989"/><String ID="p799_w215" CONTENT="Straw" HPOS="1040" VPOS="1073" WIDTH="107" HEIGHT="75" STYLEREFS="font0"/><SP WIDTH="16" VPOS="1073" HPOS="1147"/><String ID="p799_w216" CONTENT="is" HPOS="1163" VPOS="1073" WIDTH="27" HEIGHT="75" STYLEREFS="font0"/></TextLine><TextLine WIDTH="1006" HEIGHT="75" ID="p799_t22" HPOS="160" VPOS="1120"><String ID="p799_w217" CONTENT="the" HPOS="160" VPOS="1120" WIDTH="56" HEIGHT="75" STYLEREFS="font0"/><SP WIDTH="16" VPOS="1120" HPOS="216"/><String ID="p799_w218" CONTENT="next" HPOS="232" VPOS="1120" WIDTH="79" HEIGHT="75" STYLEREFS="font0"/><SP WIDTH="16" VPOS="1120" HPOS="311"/><String ID="p799_w219" CONTENT="fweeteft" HPOS="327" VPOS="1120" WIDTH="140" HEIGHT="75" STYLEREFS="font0"/><SP WIDTH="17" VPOS="1120" HPOS="467"/><String ID="p799_w220" CONTENT="fuel;" HPOS="484" VPOS="1120" WIDTH="85" HEIGHT="75" STYLEREFS="font0"/><SP WIDTH="19" VPOS="1120" HPOS="569"/><String ID="p799_w221" CONTENT="but" HPOS="588" VPOS="1120" WIDTH="58" HEIGHT="75" STYLEREFS="font0"/><SP WIDTH="12" VPOS="1120" HPOS="646"/><String ID="p799_w222" CONTENT="wood" HPOS="658" VPOS="1120" WIDTH="94" HEIGHT="75" STYLEREFS="font0"/><SP WIDTH="9" VPOS="1120" HPOS="752"/><String ID="p799_w223" CONTENT="and" HPOS="761" VPOS="1120" WIDTH="65" HEIGHT="75" STYLEREFS="font0"/><SP WIDTH="14" VPOS="1120" HPOS="826"/><String ID="p799_w224" CONTENT="fern" HPOS="840" VPOS="1120" WIDTH="69" HEIGHT="75" STYLEREFS="font0"/><SP WIDTH="13" VPOS="1120" HPOS="909"/><String ID="p799_w225" CONTENT="are" HPOS="922" VPOS="1120" WIDTH="52" HEIGHT="75" STYLEREFS="font0"/><SP WIDTH="13" VPOS="1120" HPOS="974"/><String ID="p799_w226" CONTENT="the" HPOS="987" VPOS="1120" WIDTH="56" HEIGHT="75" STYLEREFS="font0"/><SP WIDTH="16" VPOS="1120" HPOS="1043"/><String ID="p799_w227" CONTENT="worft." HPOS="1059" VPOS="1120" WIDTH="107" HEIGHT="75" STYLEREFS="font0"/></TextLine><TextLine WIDTH="981" HEIGHT="75" ID="p799_t23" HPOS="211" VPOS="1165"><String ID="p799_w228" CONTENT="Some" HPOS="211" VPOS="1165" WIDTH="97" HEIGHT="75" STYLEREFS="font0"/><SP WIDTH="23" VPOS="1165" HPOS="308"/><String ID="p799_w229" CONTENT="put" HPOS="331" VPOS="1165" WIDTH="58" HEIGHT="75" STYLEREFS="font0"/><SP WIDTH="16" VPOS="1165" HPOS="389"/><String ID="p799_w230" CONTENT="a" HPOS="405" VPOS="1165" WIDTH="19" HEIGHT="75" STYLEREFS="font0"/><SP WIDTH="25" VPOS="1165" HPOS="424"/><String ID="p799_w231" CONTENT="peck" HPOS="449" VPOS="1165" WIDTH="78" HEIGHT="75" STYLEREFS="font0"/><SP WIDTH="24" VPOS="1165" HPOS="527"/><String ID="p799_w232" CONTENT="or" HPOS="551" VPOS="1165" WIDTH="38" HEIGHT="75" STYLEREFS="font0"/><SP WIDTH="22" VPOS="1165" HPOS="589"/><String ID="p799_w233" CONTENT="more" HPOS="611" VPOS="1165" WIDTH="88" HEIGHT="75" STYLEREFS="font0"/><SP WIDTH="22" VPOS="1165" HPOS="699"/><String ID="p799_w234" CONTENT="of" HPOS="721" VPOS="1165" WIDTH="38" HEIGHT="75" STYLEREFS="font0"/><SP WIDTH="23" VPOS="1165" HPOS="759"/><String ID="p799_w235" CONTENT="peafe," HPOS="782" VPOS="1165" WIDTH="102" HEIGHT="75" STYLEREFS="font0"/><SP WIDTH="29" VPOS="1165" HPOS="884"/><String ID="p799_w236" CONTENT="and" HPOS="913" VPOS="1165" WIDTH="61" HEIGHT="75" STYLEREFS="font0"/><SP WIDTH="24" VPOS="1165" HPOS="974"/><String ID="p799_w237" CONTENT="malt" HPOS="998" VPOS="1165" WIDTH="77" HEIGHT="75" STYLEREFS="font0"/><SP WIDTH="28" VPOS="1165" HPOS="1075"/><String ID="p799_w238" CONTENT="them" HPOS="1103" VPOS="1165" WIDTH="89" HEIGHT="75" STYLEREFS="font0"/></TextLine><TextLine WIDTH="1028" HEIGHT="75" ID="p799_t24" HPOS="160" VPOS="1212"><String ID="p799_w239" CONTENT="with" HPOS="160" VPOS="1212" WIDTH="78" HEIGHT="75" STYLEREFS="font0"/><SP WIDTH="28" VPOS="1212" HPOS="238"/><String ID="p799_w240" CONTENT="five" HPOS="266" VPOS="1212" WIDTH="61" HEIGHT="75" STYLEREFS="font0"/><SP WIDTH="28" VPOS="1212" HPOS="327"/><String ID="p799_w241" CONTENT="quarters" HPOS="355" VPOS="1212" WIDTH="145" HEIGHT="75" STYLEREFS="font0"/><SP WIDTH="24" VPOS="1212" HPOS="500"/><String ID="p799_w242" CONTENT="of" HPOS="524" VPOS="1212" WIDTH="41" HEIGHT="75" STYLEREFS="font0"/><SP WIDTH="25" VPOS="1212" HPOS="565"/><String ID="p799_w243" CONTENT="barley," HPOS="590" VPOS="1212" WIDTH="123" HEIGHT="75" STYLEREFS="font0"/><SP WIDTH="41" VPOS="1212" HPOS="713"/><String ID="p799_w244" CONTENT="to" HPOS="754" VPOS="1212" WIDTH="35" HEIGHT="75" STYLEREFS="font0"/><SP WIDTH="32" VPOS="1212" HPOS="789"/><String ID="p799_w245" CONTENT="mellow" HPOS="821" VPOS="1212" WIDTH="129" HEIGHT="75" STYLEREFS="font0"/><SP WIDTH="32" VPOS="1212" HPOS="950"/><String ID="p799_w246" CONTENT="the" HPOS="982" VPOS="1212" WIDTH="56" HEIGHT="75" STYLEREFS="font0"/><SP WIDTH="32" VPOS="1212" HPOS="1038"/><String ID="p799_w247" CONTENT="drink" HPOS="1070" VPOS="1212" WIDTH="94" HEIGHT="75" STYLEREFS="font0"/><SP WIDTH="15" VPOS="1212" HPOS="1164"/><String ID="p799_w248" CONTENT=":" HPOS="1179" VPOS="1212" WIDTH="9" HEIGHT="75" STYLEREFS="font0"/></TextLine><TextLine WIDTH="1030" HEIGHT="75" ID="p799_t25" HPOS="161" VPOS="1258"><String ID="p799_w249" CONTENT="Beans" HPOS="161" VPOS="1258" WIDTH="104" HEIGHT="75" STYLEREFS="font0"/><SP WIDTH="17" VPOS="1258" HPOS="265"/><String ID="p799_w250" CONTENT="are" HPOS="282" VPOS="1258" WIDTH="53" HEIGHT="75" STYLEREFS="font0"/><SP WIDTH="15" VPOS="1258" HPOS="335"/><String ID="p799_w251" CONTENT="ufed" HPOS="350" VPOS="1258" WIDTH="76" HEIGHT="75" STYLEREFS="font0"/><SP WIDTH="17" VPOS="1258" HPOS="426"/><String ID="p799_w252" CONTENT="for" HPOS="443" VPOS="1258" WIDTH="51" HEIGHT="75" STYLEREFS="font0"/><SP WIDTH="16" VPOS="1258" HPOS="494"/><String ID="p799_w253" CONTENT="the" HPOS="510" VPOS="1258" WIDTH="55" HEIGHT="75" STYLEREFS="font0"/><SP WIDTH="25" VPOS="1258" HPOS="565"/><String ID="p799_w254" CONTENT="fame" HPOS="590" VPOS="1258" WIDTH="83" HEIGHT="75" STYLEREFS="font0"/><SP WIDTH="27" VPOS="1258" HPOS="673"/><String ID="p799_w255" CONTENT="purpofe;" HPOS="700" VPOS="1258" WIDTH="154" HEIGHT="75" STYLEREFS="font0"/><SP WIDTH="33" VPOS="1258" HPOS="854"/><String ID="p799_w256" CONTENT="but" HPOS="887" VPOS="1258" WIDTH="58" HEIGHT="75" STYLEREFS="font0"/><SP WIDTH="23" VPOS="1258" HPOS="945"/><String ID="p799_w257" CONTENT="they" HPOS="968" VPOS="1258" WIDTH="78" HEIGHT="75" STYLEREFS="font0"/><SP WIDTH="22" VPOS="1258" HPOS="1046"/><String ID="p799_w258" CONTENT="do" HPOS="1068" VPOS="1258" WIDTH="43" HEIGHT="75" STYLEREFS="font0"/><SP WIDTH="23" VPOS="1258" HPOS="1111"/><String ID="p799_w259" CONTENT="not" HPOS="1134" VPOS="1258" WIDTH="57" HEIGHT="75" STYLEREFS="font0"/></TextLine><TextLine WIDTH="1032" HEIGHT="75" ID="p799_t26" HPOS="159" VPOS="1304"><String ID="p799_w260" CONTENT="come" HPOS="159" VPOS="1304" WIDTH="91" HEIGHT="75" STYLEREFS="font0"/><SP WIDTH="15" VPOS="1304" HPOS="250"/><String ID="p799_w261" CONTENT="fo" HPOS="265" VPOS="1304" WIDTH="35" HEIGHT="75" STYLEREFS="font0"/><SP WIDTH="15" VPOS="1304" HPOS="300"/><String ID="p799_w262" CONTENT="foon," HPOS="315" VPOS="1304" WIDTH="90" HEIGHT="75" STYLEREFS="font0"/><SP WIDTH="24" VPOS="1304" HPOS="405"/><String ID="p799_w263" CONTENT="nor" HPOS="429" VPOS="1304" WIDTH="59" HEIGHT="75" STYLEREFS="font0"/><SP WIDTH="16" VPOS="1304" HPOS="488"/><String ID="p799_w264" CONTENT="mix" HPOS="504" VPOS="1304" WIDTH="67" HEIGHT="75" STYLEREFS="font0"/><SP WIDTH="16" VPOS="1304" HPOS="571"/><String ID="p799_w265" CONTENT="fo" HPOS="587" VPOS="1304" WIDTH="34" HEIGHT="75" STYLEREFS="font0"/><SP WIDTH="12" VPOS="1304" HPOS="621"/><String ID="p799_w266" CONTENT="conveniently" HPOS="633" VPOS="1304" WIDTH="224" HEIGHT="75" STYLEREFS="font0"/><SP WIDTH="15" VPOS="1304" HPOS="857"/><String ID="p799_w267" CONTENT="with" HPOS="872" VPOS="1304" WIDTH="79" HEIGHT="75" STYLEREFS="font0"/><SP WIDTH="16" VPOS="1304" HPOS="951"/><String ID="p799_w268" CONTENT="the" HPOS="967" VPOS="1304" WIDTH="56" HEIGHT="75" STYLEREFS="font0"/><SP WIDTH="17" VPOS="1304" HPOS="1023"/><String ID="p799_w269" CONTENT="malt," HPOS="1040" VPOS="1304" WIDTH="92" HEIGHT="75" STYLEREFS="font0"/><SP WIDTH="25" VPOS="1304" HPOS="1132"/><String ID="p799_w270" CONTENT="as" HPOS="1157" VPOS="1304" WIDTH="34" HEIGHT="75" STYLEREFS="font0"/></TextLine><TextLine WIDTH="136" HEIGHT="75" ID="p799_t27" HPOS="159" VPOS="1351"><String ID="p799_w271" CONTENT="the" HPOS="159" VPOS="1351" WIDTH="53" HEIGHT="75" STYLEREFS="font0"/><SP WIDTH="13" VPOS="1351" HPOS="212"/><String ID="p799_w272" CONTENT="pea." HPOS="225" VPOS="1351" WIDTH="70" HEIGHT="75" STYLEREFS="font0"/></TextLine><TextLine WIDTH="982" HEIGHT="75" ID="p799_t28" HPOS="206" VPOS="1396"><String ID="p799_w273" CONTENT="Barley" HPOS="206" VPOS="1396" WIDTH="119" HEIGHT="75" STYLEREFS="font0"/><SP WIDTH="15" VPOS="1396" HPOS="325"/><String ID="p799_w274" CONTENT="is" HPOS="340" VPOS="1396" WIDTH="27" HEIGHT="75" STYLEREFS="font0"/><SP WIDTH="17" VPOS="1396" HPOS="367"/><String ID="p799_w275" CONTENT="not" HPOS="384" VPOS="1396" WIDTH="57" HEIGHT="75" STYLEREFS="font0"/><SP WIDTH="16" VPOS="1396" HPOS="441"/><String ID="p799_w276" CONTENT="fit" HPOS="457" VPOS="1396" WIDTH="36" HEIGHT="75" STYLEREFS="font0"/><SP WIDTH="20" VPOS="1396" HPOS="493"/><String ID="p799_w277" CONTENT="to" HPOS="513" VPOS="1396" WIDTH="37" HEIGHT="75" STYLEREFS="font0"/><SP WIDTH="15" VPOS="1396" HPOS="550"/><String ID="p799_w278" CONTENT="make" HPOS="565" VPOS="1396" WIDTH="92" HEIGHT="75" STYLEREFS="font0"/><SP WIDTH="16" VPOS="1396" HPOS="657"/><String ID="p799_w279" CONTENT="malt" HPOS="673" VPOS="1396" WIDTH="79" HEIGHT="75" STYLEREFS="font0"/><SP WIDTH="16" VPOS="1396" HPOS="752"/><String ID="p799_w280" CONTENT="of" HPOS="768" VPOS="1396" WIDTH="40" HEIGHT="75" STYLEREFS="font0"/><SP WIDTH="18" VPOS="1396" HPOS="808"/><String ID="p799_w281" CONTENT="till" HPOS="826" VPOS="1396" WIDTH="52" HEIGHT="75" STYLEREFS="font0"/><SP WIDTH="24" VPOS="1396" HPOS="878"/><String ID="p799_w282" CONTENT="it" HPOS="902" VPOS="1396" WIDTH="25" HEIGHT="75" STYLEREFS="font0"/><SP WIDTH="24" VPOS="1396" HPOS="927"/><String ID="p799_w283" CONTENT="is" HPOS="951" VPOS="1396" WIDTH="27" HEIGHT="75" STYLEREFS="font0"/><SP WIDTH="24" VPOS="1396" HPOS="978"/><String ID="p799_w284" CONTENT="fully" HPOS="1002" VPOS="1396" WIDTH="83" HEIGHT="75" STYLEREFS="font0"/><SP WIDTH="24" VPOS="1396" HPOS="1085"/><String ID="p799_w285" CONTENT="mel-" HPOS="1109" VPOS="1396" WIDTH="79" HEIGHT="75" STYLEREFS="font0"/></TextLine><TextLine WIDTH="1028" HEIGHT="75" ID="p799_t29" HPOS="160" VPOS="1441"><String ID="p799_w286" CONTENT="lowed" HPOS="160" VPOS="1441" WIDTH="105" HEIGHT="75" STYLEREFS="font0"/><SP WIDTH="22" VPOS="1441" HPOS="265"/><String ID="p799_w287" CONTENT="and" HPOS="287" VPOS="1441" WIDTH="62" HEIGHT="75" STYLEREFS="font0"/><SP WIDTH="20" VPOS="1441" HPOS="349"/><String ID="p799_w288" CONTENT="fweated" HPOS="369" VPOS="1441" WIDTH="139" HEIGHT="75" STYLEREFS="font0"/><SP WIDTH="24" VPOS="1441" HPOS="508"/><String ID="p799_w289" CONTENT="in" HPOS="532" VPOS="1441" WIDTH="34" HEIGHT="75" STYLEREFS="font0"/><SP WIDTH="27" VPOS="1441" HPOS="566"/><String ID="p799_w290" CONTENT="the" HPOS="593" VPOS="1441" WIDTH="56" HEIGHT="75" STYLEREFS="font0"/><SP WIDTH="26" VPOS="1441" HPOS="649"/><String ID="p799_w291" CONTENT="mow," HPOS="675" VPOS="1441" WIDTH="97" HEIGHT="75" STYLEREFS="font0"/><SP WIDTH="25" VPOS="1441" HPOS="772"/><String ID="p799_w292" CONTENT="and" HPOS="797" VPOS="1441" WIDTH="62" HEIGHT="75" STYLEREFS="font0"/><SP WIDTH="18" VPOS="1441" HPOS="859"/><String ID="p799_w293" CONTENT="the" HPOS="877" VPOS="1441" WIDTH="56" HEIGHT="75" STYLEREFS="font0"/><SP WIDTH="16" VPOS="1441" HPOS="933"/><String ID="p799_w294" CONTENT="feafon" HPOS="949" VPOS="1441" WIDTH="106" HEIGHT="75" STYLEREFS="font0"/><SP WIDTH="16" VPOS="1441" HPOS="1055"/><String ID="p799_w295" CONTENT="of" HPOS="1071" VPOS="1441" WIDTH="40" HEIGHT="75" STYLEREFS="font0"/><SP WIDTH="22" VPOS="1441" HPOS="1111"/><String ID="p799_w296" CONTENT="the" HPOS="1133" VPOS="1441" WIDTH="55" HEIGHT="75" STYLEREFS="font0"/></TextLine><TextLine WIDTH="1031" HEIGHT="75" ID="p799_t30" HPOS="159" VPOS="1487"><String ID="p799_w297" CONTENT="year" HPOS="159" VPOS="1487" WIDTH="76" HEIGHT="75" STYLEREFS="font0"/><SP WIDTH="16" VPOS="1487" HPOS="235"/><String ID="p799_w298" CONTENT="is" HPOS="251" VPOS="1487" WIDTH="27" HEIGHT="75" STYLEREFS="font0"/><SP WIDTH="17" VPOS="1487" HPOS="278"/><String ID="p799_w299" CONTENT="ready" HPOS="295" VPOS="1487" WIDTH="97" HEIGHT="75" STYLEREFS="font0"/><SP WIDTH="17" VPOS="1487" HPOS="392"/><String ID="p799_w300" CONTENT="for" HPOS="409" VPOS="1487" WIDTH="53" HEIGHT="75" STYLEREFS="font0"/><SP WIDTH="15" VPOS="1487" HPOS="462"/><String ID="p799_w301" CONTENT="it," HPOS="477" VPOS="1487" WIDTH="38" HEIGHT="75" STYLEREFS="font0"/><SP WIDTH="25" VPOS="1487" HPOS="515"/><String ID="p799_w302" CONTENT="without" HPOS="540" VPOS="1487" WIDTH="137" HEIGHT="75" STYLEREFS="font0"/><SP WIDTH="11" VPOS="1487" HPOS="677"/><String ID="p799_w303" CONTENT="both" HPOS="688" VPOS="1487" WIDTH="80" HEIGHT="75" STYLEREFS="font0"/><SP WIDTH="17" VPOS="1487" HPOS="768"/><String ID="p799_w304" CONTENT="which" HPOS="785" VPOS="1487" WIDTH="105" HEIGHT="75" STYLEREFS="font0"/><SP WIDTH="17" VPOS="1487" HPOS="890"/><String ID="p799_w305" CONTENT="there" HPOS="907" VPOS="1487" WIDTH="92" HEIGHT="75" STYLEREFS="font0"/><SP WIDTH="17" VPOS="1487" HPOS="999"/><String ID="p799_w306" CONTENT="can" HPOS="1016" VPOS="1487" WIDTH="58" HEIGHT="75" STYLEREFS="font0"/><SP WIDTH="17" VPOS="1487" HPOS="1074"/><String ID="p799_w307" CONTENT="be" HPOS="1091" VPOS="1487" WIDTH="39" HEIGHT="75" STYLEREFS="font0"/><SP WIDTH="18" VPOS="1487" HPOS="1130"/><String ID="p799_w308" CONTENT="no" HPOS="1148" VPOS="1487" WIDTH="42" HEIGHT="75" STYLEREFS="font0"/></TextLine><TextLine WIDTH="1030" HEIGHT="75" ID="p799_t31" HPOS="159" VPOS="1534"><String ID="p799_w309" CONTENT="affurance" HPOS="159" VPOS="1534" WIDTH="158" HEIGHT="75" STYLEREFS="font0"/><SP WIDTH="16" VPOS="1534" HPOS="317"/><String ID="p799_w310" CONTENT="of" HPOS="333" VPOS="1534" WIDTH="40" HEIGHT="75" STYLEREFS="font0"/><SP WIDTH="12" VPOS="1534" HPOS="373"/><String ID="p799_w311" CONTENT="good" HPOS="385" VPOS="1534" WIDTH="86" HEIGHT="75" STYLEREFS="font0"/><SP WIDTH="16" VPOS="1534" HPOS="471"/><String ID="p799_w312" CONTENT="malt." HPOS="487" VPOS="1534" WIDTH="91" HEIGHT="75" STYLEREFS="font0"/><SP WIDTH="33" VPOS="1534" HPOS="578"/><String ID="p799_w313" CONTENT="This" HPOS="611" VPOS="1534" WIDTH="84" HEIGHT="75" STYLEREFS="font0"/><SP WIDTH="24" VPOS="1534" HPOS="695"/><String ID="p799_w314" CONTENT="untimely" HPOS="719" VPOS="1534" WIDTH="155" HEIGHT="75" STYLEREFS="font0"/><SP WIDTH="23" VPOS="1534" HPOS="874"/><String ID="p799_w315" CONTENT="making" HPOS="897" VPOS="1534" WIDTH="129" HEIGHT="75" STYLEREFS="font0"/><SP WIDTH="26" VPOS="1534" HPOS="1026"/><String ID="p799_w316" CONTENT="of" HPOS="1052" VPOS="1534" WIDTH="39" HEIGHT="75" STYLEREFS="font0"/><SP WIDTH="19" VPOS="1534" HPOS="1091"/><String ID="p799_w317" CONTENT="malt" HPOS="1110" VPOS="1534" WIDTH="79" HEIGHT="75" STYLEREFS="font0"/></TextLine><TextLine WIDTH="1029" HEIGHT="75" ID="p799_t32" HPOS="158" VPOS="1580"><String ID="p799_w318" CONTENT="often" HPOS="158" VPOS="1580" WIDTH="89" HEIGHT="75" STYLEREFS="font0"/><SP WIDTH="17" VPOS="1580" HPOS="247"/><String ID="p799_w319" CONTENT="occafions" HPOS="264" VPOS="1580" WIDTH="157" HEIGHT="75" STYLEREFS="font0"/><SP WIDTH="17" VPOS="1580" HPOS="421"/><String ID="p799_w320" CONTENT="bad" HPOS="438" VPOS="1580" WIDTH="62" HEIGHT="75" STYLEREFS="font0"/><SP WIDTH="16" VPOS="1580" HPOS="500"/><String ID="p799_w321" CONTENT="ales" HPOS="516" VPOS="1580" WIDTH="65" HEIGHT="75" STYLEREFS="font0"/><SP WIDTH="17" VPOS="1580" HPOS="581"/><String ID="p799_w322" CONTENT="and" HPOS="598" VPOS="1580" WIDTH="61" HEIGHT="75" STYLEREFS="font0"/><SP WIDTH="17" VPOS="1580" HPOS="659"/><String ID="p799_w323" CONTENT="beers;" HPOS="676" VPOS="1580" WIDTH="112" HEIGHT="75" STYLEREFS="font0"/><SP WIDTH="27" VPOS="1580" HPOS="788"/><String ID="p799_w324" CONTENT="for" HPOS="815" VPOS="1580" WIDTH="51" HEIGHT="75" STYLEREFS="font0"/><SP WIDTH="13" VPOS="1580" HPOS="866"/><String ID="p799_w325" CONTENT="fuch" HPOS="879" VPOS="1580" WIDTH="77" HEIGHT="75" STYLEREFS="font0"/><SP WIDTH="19" VPOS="1580" HPOS="956"/><String ID="p799_w326" CONTENT="malt" HPOS="975" VPOS="1580" WIDTH="77" HEIGHT="75" STYLEREFS="font0"/><SP WIDTH="20" VPOS="1580" HPOS="1052"/><String ID="p799_w327" CONTENT="retain-" HPOS="1072" VPOS="1580" WIDTH="115" HEIGHT="75" STYLEREFS="font0"/></TextLine><TextLine WIDTH="1031" HEIGHT="75" ID="p799_t33" HPOS="157" VPOS="1627"><String ID="p799_w328" CONTENT="ing" HPOS="157" VPOS="1627" WIDTH="54" HEIGHT="75" STYLEREFS="font0"/><SP WIDTH="16" VPOS="1627" HPOS="211"/><String ID="p799_w329" CONTENT="fome" HPOS="227" VPOS="1627" WIDTH="85" HEIGHT="75" STYLEREFS="font0"/><SP WIDTH="15" VPOS="1627" HPOS="312"/><String ID="p799_w330" CONTENT="of" HPOS="327" VPOS="1627" WIDTH="36" HEIGHT="75" STYLEREFS="font0"/><SP WIDTH="15" VPOS="1627" HPOS="363"/><String ID="p799_w331" CONTENT="its" HPOS="378" VPOS="1627" WIDTH="43" HEIGHT="75" STYLEREFS="font0"/><SP WIDTH="22" VPOS="1627" HPOS="421"/><String ID="p799_w332" CONTENT="barley" HPOS="443" VPOS="1627" WIDTH="109" HEIGHT="75" STYLEREFS="font0"/><SP WIDTH="15" VPOS="1627" HPOS="552"/><String ID="p799_w333" CONTENT="nature*" HPOS="567" VPOS="1627" WIDTH="126" HEIGHT="75" STYLEREFS="font0"/><SP WIDTH="24" VPOS="1627" HPOS="693"/><String ID="p799_w334" CONTENT="or" HPOS="717" VPOS="1627" WIDTH="36" HEIGHT="75" STYLEREFS="font0"/><SP WIDTH="28" VPOS="1627" HPOS="753"/><String ID="p799_w335" CONTENT="that" HPOS="781" VPOS="1627" WIDTH="71" HEIGHT="75" STYLEREFS="font0"/><SP WIDTH="27" VPOS="1627" HPOS="852"/><String ID="p799_w336" CONTENT="the" HPOS="879" VPOS="1627" WIDTH="55" HEIGHT="75" STYLEREFS="font0"/><SP WIDTH="14" VPOS="1627" HPOS="934"/><String ID="p799_w337" CONTENT="feafon" HPOS="948" VPOS="1627" WIDTH="108" HEIGHT="75" STYLEREFS="font0"/><SP WIDTH="17" VPOS="1627" HPOS="1056"/><String ID="p799_w338" CONTENT="of" HPOS="1073" VPOS="1627" WIDTH="40" HEIGHT="75" STYLEREFS="font0"/><SP WIDTH="19" VPOS="1627" HPOS="1113"/><String ID="p799_w339" CONTENT="the" HPOS="1132" VPOS="1627" WIDTH="56" HEIGHT="75" STYLEREFS="font0"/></TextLine><TextLine WIDTH="1030" HEIGHT="75" ID="p799_t34" HPOS="158" VPOS="1672"><String ID="p799_w340" CONTENT="year" HPOS="158" VPOS="1672" WIDTH="75" HEIGHT="75" STYLEREFS="font0"/><SP WIDTH="16" VPOS="1672" HPOS="233"/><String ID="p799_w341" CONTENT="is" HPOS="249" VPOS="1672" WIDTH="27" HEIGHT="75" STYLEREFS="font0"/><SP WIDTH="16" VPOS="1672" HPOS="276"/><String ID="p799_w342" CONTENT="not" HPOS="292" VPOS="1672" WIDTH="57" HEIGHT="75" STYLEREFS="font0"/><SP WIDTH="16" VPOS="1672" HPOS="349"/><String ID="p799_w343" CONTENT="cold" HPOS="365" VPOS="1672" WIDTH="74" HEIGHT="75" STYLEREFS="font0"/><SP WIDTH="16" VPOS="1672" HPOS="439"/><String ID="p799_w344" CONTENT="enough" HPOS="455" VPOS="1672" WIDTH="125" HEIGHT="75" STYLEREFS="font0"/><SP WIDTH="17" VPOS="1672" HPOS="580"/><String ID="p799_w345" CONTENT="to" HPOS="597" VPOS="1672" WIDTH="35" HEIGHT="75" STYLEREFS="font0"/><SP WIDTH="17" VPOS="1672" HPOS="632"/><String ID="p799_w346" CONTENT="admit" HPOS="649" VPOS="1672" WIDTH="99" HEIGHT="75" STYLEREFS="font0"/><SP WIDTH="25" VPOS="1672" HPOS="748"/><String ID="p799_w347" CONTENT="of" HPOS="773" VPOS="1672" WIDTH="39" HEIGHT="75" STYLEREFS="font0"/><SP WIDTH="19" VPOS="1672" HPOS="812"/><String ID="p799_w348" CONTENT="its" HPOS="831" VPOS="1672" WIDTH="43" HEIGHT="75" STYLEREFS="font0"/><SP WIDTH="20" VPOS="1672" HPOS="874"/><String ID="p799_w349" CONTENT="natural" HPOS="894" VPOS="1672" WIDTH="122" HEIGHT="75" STYLEREFS="font0"/><SP WIDTH="26" VPOS="1672" HPOS="1016"/><String ID="p799_w350" CONTENT="working" HPOS="1042" VPOS="1672" WIDTH="146" HEIGHT="75" STYLEREFS="font0"/></TextLine><TextLine WIDTH="1026" HEIGHT="75" ID="p799_t35" HPOS="159" VPOS="1718"><String ID="p799_w351" CONTENT="on" HPOS="159" VPOS="1718" WIDTH="41" HEIGHT="75" STYLEREFS="font0"/><SP WIDTH="16" VPOS="1718" HPOS="200"/><String ID="p799_w352" CONTENT="the" HPOS="216" VPOS="1718" WIDTH="55" HEIGHT="75" STYLEREFS="font0"/><SP WIDTH="17" VPOS="1718" HPOS="271"/><String ID="p799_w353" CONTENT="floor," HPOS="288" VPOS="1718" WIDTH="93" HEIGHT="75" STYLEREFS="font0"/><SP WIDTH="25" VPOS="1718" HPOS="381"/><String ID="p799_w354" CONTENT="is" HPOS="406" VPOS="1718" WIDTH="26" HEIGHT="75" STYLEREFS="font0"/><SP WIDTH="24" VPOS="1718" HPOS="432"/><String ID="p799_w355" CONTENT="not" HPOS="456" VPOS="1718" WIDTH="57" HEIGHT="75" STYLEREFS="font0"/><SP WIDTH="27" VPOS="1718" HPOS="513"/><String ID="p799_w356" CONTENT="capable" HPOS="540" VPOS="1718" WIDTH="130" HEIGHT="75" STYLEREFS="font0"/><SP WIDTH="27" VPOS="1718" HPOS="670"/><String ID="p799_w357" CONTENT="of" HPOS="697" VPOS="1718" WIDTH="40" HEIGHT="75" STYLEREFS="font0"/><SP WIDTH="22" VPOS="1718" HPOS="737"/><String ID="p799_w358" CONTENT="producing" HPOS="759" VPOS="1718" WIDTH="175" HEIGHT="75" STYLEREFS="font0"/><SP WIDTH="27" VPOS="1718" HPOS="934"/><String ID="p799_w359" CONTENT="a" HPOS="961" VPOS="1718" WIDTH="18" HEIGHT="75" STYLEREFS="font0"/><SP WIDTH="24" VPOS="1718" HPOS="979"/><String ID="p799_w360" CONTENT="true" HPOS="1003" VPOS="1718" WIDTH="71" HEIGHT="75" STYLEREFS="font0"/><SP WIDTH="21" VPOS="1718" HPOS="1074"/><String ID="p799_w361" CONTENT="malt," HPOS="1095" VPOS="1718" WIDTH="90" HEIGHT="75" STYLEREFS="font0"/></TextLine><TextLine WIDTH="1033" HEIGHT="75" ID="p799_t36" HPOS="159" VPOS="1765"><String ID="p799_w362" CONTENT="but" HPOS="159" VPOS="1765" WIDTH="57" HEIGHT="75" STYLEREFS="font0"/><SP WIDTH="17" VPOS="1765" HPOS="216"/><String ID="p799_w363" CONTENT="will" HPOS="233" VPOS="1765" WIDTH="66" HEIGHT="75" STYLEREFS="font0"/><SP WIDTH="17" VPOS="1765" HPOS="299"/><String ID="p799_w364" CONTENT="caufe" HPOS="316" VPOS="1765" WIDTH="90" HEIGHT="75" STYLEREFS="font0"/><SP WIDTH="16" VPOS="1765" HPOS="406"/><String ID="p799_w365" CONTENT="its" HPOS="422" VPOS="1765" WIDTH="42" HEIGHT="75" STYLEREFS="font0"/><SP WIDTH="22" VPOS="1765" HPOS="464"/><String ID="p799_w366" CONTENT="drink" HPOS="486" VPOS="1765" WIDTH="95" HEIGHT="75" STYLEREFS="font0"/><SP WIDTH="26" VPOS="1765" HPOS="581"/><String ID="p799_w367" CONTENT="to" HPOS="607" VPOS="1765" WIDTH="36" HEIGHT="75" STYLEREFS="font0"/><SP WIDTH="28" VPOS="1765" HPOS="643"/><String ID="p799_w368" CONTENT="(link" HPOS="671" VPOS="1765" WIDTH="80" HEIGHT="75" STYLEREFS="font0"/><SP WIDTH="21" VPOS="1765" HPOS="751"/><String ID="p799_w369" CONTENT="in" HPOS="772" VPOS="1765" WIDTH="33" HEIGHT="75" STYLEREFS="font0"/><SP WIDTH="24" VPOS="1765" HPOS="805"/><String ID="p799_w370" CONTENT="the" HPOS="829" VPOS="1765" WIDTH="55" HEIGHT="75" STYLEREFS="font0"/><SP WIDTH="28" VPOS="1765" HPOS="884"/><String ID="p799_w371" CONTENT="calk" HPOS="912" VPOS="1765" WIDTH="69" HEIGHT="75" STYLEREFS="font0"/><SP WIDTH="26" VPOS="1765" HPOS="981"/><String ID="p799_w372" CONTENT="inftead" HPOS="1007" VPOS="1765" WIDTH="119" HEIGHT="75" STYLEREFS="font0"/><SP WIDTH="26" VPOS="1765" HPOS="1126"/><String ID="p799_w373" CONTENT="of" HPOS="1152" VPOS="1765" WIDTH="40" HEIGHT="75" STYLEREFS="font0"/></TextLine><TextLine WIDTH="1027" HEIGHT="75" ID="p799_t37" HPOS="159" VPOS="1810"><String ID="p799_w374" CONTENT="growing" HPOS="159" VPOS="1810" WIDTH="143" HEIGHT="75" STYLEREFS="font0"/><SP WIDTH="15" VPOS="1810" HPOS="302"/><String ID="p799_w375" CONTENT="fit" HPOS="317" VPOS="1810" WIDTH="37" HEIGHT="75" STYLEREFS="font0"/><SP WIDTH="17" VPOS="1810" HPOS="354"/><String ID="p799_w376" CONTENT="for" HPOS="371" VPOS="1810" WIDTH="51" HEIGHT="75" STYLEREFS="font0"/><SP WIDTH="15" VPOS="1810" HPOS="422"/><String ID="p799_w377" CONTENT="ufe," HPOS="437" VPOS="1810" WIDTH="66" HEIGHT="75" STYLEREFS="font0"/><SP WIDTH="20" VPOS="1810" HPOS="503"/><String ID="p799_w378" CONTENT="as" HPOS="523" VPOS="1810" WIDTH="34" HEIGHT="75" STYLEREFS="font0"/><SP WIDTH="16" VPOS="1810" HPOS="557"/><String ID="p799_w379" CONTENT="not" HPOS="573" VPOS="1810" WIDTH="57" HEIGHT="75" STYLEREFS="font0"/><SP WIDTH="16" VPOS="1810" HPOS="630"/><String ID="p799_w380" CONTENT="having" HPOS="646" VPOS="1810" WIDTH="116" HEIGHT="75" STYLEREFS="font0"/><SP WIDTH="15" VPOS="1810" HPOS="762"/><String ID="p799_w381" CONTENT="its" HPOS="777" VPOS="1810" WIDTH="41" HEIGHT="75" STYLEREFS="font0"/><SP WIDTH="18" VPOS="1810" HPOS="818"/><String ID="p799_w382" CONTENT="genuine" HPOS="836" VPOS="1810" WIDTH="132" HEIGHT="75" STYLEREFS="font0"/><SP WIDTH="13" VPOS="1810" HPOS="968"/><String ID="p799_w383" CONTENT="malt" HPOS="981" VPOS="1810" WIDTH="77" HEIGHT="75" STYLEREFS="font0"/><SP WIDTH="16" VPOS="1810" HPOS="1058"/><String ID="p799_w384" CONTENT="nature" HPOS="1074" VPOS="1810" WIDTH="112" HEIGHT="75" STYLEREFS="font0"/></TextLine><TextLine WIDTH="1029" HEIGHT="75" ID="p799_t38" HPOS="158" VPOS="1858"><String ID="p799_w385" CONTENT="to" HPOS="158" VPOS="1858" WIDTH="36" HEIGHT="75" STYLEREFS="font0"/><SP WIDTH="16" VPOS="1858" HPOS="194"/><String ID="p799_w386" CONTENT="cure" HPOS="210" VPOS="1858" WIDTH="74" HEIGHT="75" STYLEREFS="font0"/><SP WIDTH="18" VPOS="1858" HPOS="284"/><String ID="p799_w387" CONTENT="and" HPOS="302" VPOS="1858" WIDTH="61" HEIGHT="75" STYLEREFS="font0"/><SP WIDTH="17" VPOS="1858" HPOS="363"/><String ID="p799_w388" CONTENT="preferve" HPOS="380" VPOS="1858" WIDTH="142" HEIGHT="75" STYLEREFS="font0"/><SP WIDTH="17" VPOS="1858" HPOS="522"/><String ID="p799_w389" CONTENT="it," HPOS="539" VPOS="1858" WIDTH="38" HEIGHT="75" STYLEREFS="font0"/><SP WIDTH="32" VPOS="1858" HPOS="577"/><String ID="p799_w390" CONTENT="which" HPOS="609" VPOS="1858" WIDTH="105" HEIGHT="75" STYLEREFS="font0"/><SP WIDTH="16" VPOS="1858" HPOS="714"/><String ID="p799_w391" CONTENT="all" HPOS="730" VPOS="1858" WIDTH="43" HEIGHT="75" STYLEREFS="font0"/><SP WIDTH="16" VPOS="1858" HPOS="773"/><String ID="p799_w392" CONTENT="good" HPOS="789" VPOS="1858" WIDTH="87" HEIGHT="75" STYLEREFS="font0"/><SP WIDTH="19" VPOS="1858" HPOS="876"/><String ID="p799_w393" CONTENT="malts" HPOS="895" VPOS="1858" WIDTH="94" HEIGHT="75" STYLEREFS="font0"/><SP WIDTH="17" VPOS="1858" HPOS="989"/><String ID="p799_w394" CONTENT="contribute" HPOS="1006" VPOS="1858" WIDTH="181" HEIGHT="75" STYLEREFS="font0"/></TextLine><TextLine WIDTH="407" HEIGHT="75" ID="p799_t39" HPOS="160" VPOS="1905"><String ID="p799_w395" CONTENT="to" HPOS="160" VPOS="1905" WIDTH="35" HEIGHT="75" STYLEREFS="font0"/><SP WIDTH="23" VPOS="1905" HPOS="195"/><String ID="p799_w396" CONTENT="as" HPOS="218" VPOS="1905" WIDTH="33" HEIGHT="75" STYLEREFS="font0"/><SP WIDTH="26" VPOS="1905" HPOS="251"/><String ID="p799_w397" CONTENT="well" HPOS="277" VPOS="1905" WIDTH="71" HEIGHT="75" STYLEREFS="font0"/><SP WIDTH="21" VPOS="1905" HPOS="348"/><String ID="p799_w398" CONTENT="as" HPOS="369" VPOS="1905" WIDTH="34" HEIGHT="75" STYLEREFS="font0"/><SP WIDTH="16" VPOS="1905" HPOS="403"/><String ID="p799_w399" CONTENT="the" HPOS="419" VPOS="1905" WIDTH="56" HEIGHT="75" STYLEREFS="font0"/><SP WIDTH="15" VPOS="1905" HPOS="475"/><String ID="p799_w400" CONTENT="hop." HPOS="490" VPOS="1905" WIDTH="77" HEIGHT="75" STYLEREFS="font0"/></TextLine><TextLine WIDTH="982" HEIGHT="75" ID="p799_t40" HPOS="205" VPOS="1950"><String ID="p799_w401" CONTENT="Mellilet," HPOS="205" VPOS="1950" WIDTH="154" HEIGHT="75" STYLEREFS="font0"/><SP WIDTH="25" VPOS="1950" HPOS="359"/><String ID="p799_w402" CONTENT="a" HPOS="384" VPOS="1950" WIDTH="19" HEIGHT="75" STYLEREFS="font0"/><SP WIDTH="23" VPOS="1950" HPOS="403"/><String ID="p799_w403" CONTENT="moft" HPOS="426" VPOS="1950" WIDTH="79" HEIGHT="75" STYLEREFS="font0"/><SP WIDTH="16" VPOS="1950" HPOS="505"/><String ID="p799_w404" CONTENT="ftinking" HPOS="521" VPOS="1950" WIDTH="133" HEIGHT="75" STYLEREFS="font0"/><SP WIDTH="16" VPOS="1950" HPOS="654"/><String ID="p799_w405" CONTENT="weed" HPOS="670" VPOS="1950" WIDTH="90" HEIGHT="75" STYLEREFS="font0"/><SP WIDTH="16" VPOS="1950" HPOS="760"/><String ID="p799_w406" CONTENT="that" HPOS="776" VPOS="1950" WIDTH="69" HEIGHT="75" STYLEREFS="font0"/><SP WIDTH="17" VPOS="1950" HPOS="845"/><String ID="p799_w407" CONTENT="grows" HPOS="862" VPOS="1950" WIDTH="106" HEIGHT="75" STYLEREFS="font0"/><SP WIDTH="15" VPOS="1950" HPOS="968"/><String ID="p799_w408" CONTENT="among" HPOS="983" VPOS="1950" WIDTH="115" HEIGHT="75" STYLEREFS="font0"/><SP WIDTH="15" VPOS="1950" HPOS="1098"/><String ID="p799_w409" CONTENT="bar-" HPOS="1113" VPOS="1950" WIDTH="74" HEIGHT="75" STYLEREFS="font0"/></TextLine><TextLine WIDTH="1031" HEIGHT="75" ID="p799_t41" HPOS="157" VPOS="1998"><String ID="p799_w410" CONTENT="ley," HPOS="157" VPOS="1998" WIDTH="64" HEIGHT="75" STYLEREFS="font0"/><SP WIDTH="25" VPOS="1998" HPOS="221"/><String ID="p799_w411" CONTENT="if" HPOS="246" VPOS="1998" WIDTH="31" HEIGHT="75" STYLEREFS="font0"/><SP WIDTH="22" VPOS="1998" HPOS="277"/><String ID="p799_w412" CONTENT="not" HPOS="299" VPOS="1998" WIDTH="57" HEIGHT="75" STYLEREFS="font0"/><SP WIDTH="23" VPOS="1998" HPOS="356"/><String ID="p799_w413" CONTENT="thoroughly" HPOS="379" VPOS="1998" WIDTH="196" HEIGHT="75" STYLEREFS="font0"/><SP WIDTH="16" VPOS="1998" HPOS="575"/><String ID="p799_w414" CONTENT="cleaned" HPOS="591" VPOS="1998" WIDTH="131" HEIGHT="75" STYLEREFS="font0"/><SP WIDTH="15" VPOS="1998" HPOS="722"/><String ID="p799_w415" CONTENT="from" HPOS="737" VPOS="1998" WIDTH="84" HEIGHT="75" STYLEREFS="font0"/><SP WIDTH="25" VPOS="1998" HPOS="821"/><String ID="p799_w416" CONTENT="it" HPOS="846" VPOS="1998" WIDTH="26" HEIGHT="75" STYLEREFS="font0"/><SP WIDTH="28" VPOS="1998" HPOS="872"/><String ID="p799_w417" CONTENT="before" HPOS="900" VPOS="1998" WIDTH="111" HEIGHT="75" STYLEREFS="font0"/><SP WIDTH="27" VPOS="1998" HPOS="1011"/><String ID="p799_w418" CONTENT="malting," HPOS="1038" VPOS="1998" WIDTH="150" HEIGHT="75" STYLEREFS="font0"/></TextLine><TextLine WIDTH="1028" HEIGHT="75" ID="p799_t42" HPOS="156" VPOS="2042"><String ID="p799_w419" CONTENT="makes" HPOS="156" VPOS="2042" WIDTH="108" HEIGHT="75" STYLEREFS="font0"/><SP WIDTH="17" VPOS="2042" HPOS="264"/><String ID="p799_w420" CONTENT="the" HPOS="281" VPOS="2042" WIDTH="55" HEIGHT="75" STYLEREFS="font0"/><SP WIDTH="16" VPOS="2042" HPOS="336"/><String ID="p799_w421" CONTENT="drink" HPOS="352" VPOS="2042" WIDTH="95" HEIGHT="75" STYLEREFS="font0"/><SP WIDTH="14" VPOS="2042" HPOS="447"/><String ID="p799_w422" CONTENT="fo" HPOS="461" VPOS="2042" WIDTH="34" HEIGHT="75" STYLEREFS="font0"/><SP WIDTH="18" VPOS="2042" HPOS="495"/><String ID="p799_w423" CONTENT="heady," HPOS="513" VPOS="2042" WIDTH="115" HEIGHT="75" STYLEREFS="font0"/><SP WIDTH="26" VPOS="2042" HPOS="628"/><String ID="p799_w424" CONTENT="that" HPOS="654" VPOS="2042" WIDTH="71" HEIGHT="75" STYLEREFS="font0"/><SP WIDTH="14" VPOS="2042" HPOS="725"/><String ID="p799_w425" CONTENT="it" HPOS="739" VPOS="2042" WIDTH="26" HEIGHT="75" STYLEREFS="font0"/><SP WIDTH="12" VPOS="2042" HPOS="765"/><String ID="p799_w426" CONTENT="is" HPOS="777" VPOS="2042" WIDTH="26" HEIGHT="75" STYLEREFS="font0"/><SP WIDTH="18" VPOS="2042" HPOS="803"/><String ID="p799_w427" CONTENT="apt" HPOS="821" VPOS="2042" WIDTH="52" HEIGHT="75" STYLEREFS="font0"/><SP WIDTH="14" VPOS="2042" HPOS="873"/><String ID="p799_w428" CONTENT="to" HPOS="887" VPOS="2042" WIDTH="35" HEIGHT="75" STYLEREFS="font0"/><SP WIDTH="17" VPOS="2042" HPOS="922"/><String ID="p799_w429" CONTENT="intoxicate" HPOS="939" VPOS="2042" WIDTH="175" HEIGHT="75" STYLEREFS="font0"/><SP WIDTH="14" VPOS="2042" HPOS="1114"/><String ID="p799_w430" CONTENT="the" HPOS="1128" VPOS="2042" WIDTH="56" HEIGHT="75" STYLEREFS="font0"/></TextLine><TextLine WIDTH="1033" HEIGHT="75" ID="p799_t43" HPOS="156" VPOS="2087"><String ID="p799_w431" CONTENT="unwary" HPOS="156" VPOS="2087" WIDTH="130" HEIGHT="75" STYLEREFS="font0"/><SP WIDTH="15" VPOS="2087" HPOS="286"/><String ID="p799_w432" CONTENT="by" HPOS="301" VPOS="2087" WIDTH="44" HEIGHT="75" STYLEREFS="font0"/><SP WIDTH="16" VPOS="2087" HPOS="345"/><String ID="p799_w433" CONTENT="drinking" HPOS="361" VPOS="2087" WIDTH="149" HEIGHT="75" STYLEREFS="font0"/><SP WIDTH="12" VPOS="2087" HPOS="510"/><String ID="p799_w434" CONTENT="a" HPOS="522" VPOS="2087" WIDTH="18" HEIGHT="75" STYLEREFS="font0"/><SP WIDTH="16" VPOS="2087" HPOS="540"/><String ID="p799_w435" CONTENT="fmall" HPOS="556" VPOS="2087" WIDTH="88" HEIGHT="75" STYLEREFS="font0"/><SP WIDTH="17" VPOS="2087" HPOS="644"/><String ID="p799_w436" CONTENT="quantity" HPOS="661" VPOS="2087" WIDTH="148" HEIGHT="75" STYLEREFS="font0"/><SP WIDTH="14" VPOS="2087" HPOS="809"/><String ID="p799_w437" CONTENT=":" HPOS="823" VPOS="2087" WIDTH="9" HEIGHT="75" STYLEREFS="font0"/><SP WIDTH="27" VPOS="2087" HPOS="832"/><String ID="p799_w438" CONTENT="Befides," HPOS="859" VPOS="2087" WIDTH="143" HEIGHT="75" STYLEREFS="font0"/><SP WIDTH="17" VPOS="2087" HPOS="1002"/><String ID="p799_w439" CONTENT="it" HPOS="1019" VPOS="2087" WIDTH="24" HEIGHT="75" STYLEREFS="font0"/><SP WIDTH="18" VPOS="2087" HPOS="1043"/><String ID="p799_w440" CONTENT="gives" HPOS="1061" VPOS="2087" WIDTH="87" HEIGHT="75" STYLEREFS="font0"/><SP WIDTH="17" VPOS="2087" HPOS="1148"/><String ID="p799_w441" CONTENT="a" HPOS="1165" VPOS="2087" WIDTH="24" HEIGHT="75" STYLEREFS="font0"/></TextLine><TextLine WIDTH="545" HEIGHT="75" ID="p799_t44" HPOS="157" VPOS="2133"><String ID="p799_w442" CONTENT="naufeous" HPOS="157" VPOS="2133" WIDTH="151" HEIGHT="75" STYLEREFS="font0"/><SP WIDTH="16" VPOS="2133" HPOS="308"/><String ID="p799_w443" CONTENT="flavour" HPOS="324" VPOS="2133" WIDTH="121" HEIGHT="75" STYLEREFS="font0"/><SP WIDTH="16" VPOS="2133" HPOS="445"/><String ID="p799_w444" CONTENT="to" HPOS="461" VPOS="2133" WIDTH="36" HEIGHT="75" STYLEREFS="font0"/><SP WIDTH="15" VPOS="2133" HPOS="497"/><String ID="p799_w445" CONTENT="the" HPOS="512" VPOS="2133" WIDTH="55" HEIGHT="75" STYLEREFS="font0"/><SP WIDTH="15" VPOS="2133" HPOS="567"/><String ID="p799_w446" CONTENT="liquor." HPOS="582" VPOS="2133" WIDTH="120" HEIGHT="75" STYLEREFS="font0"/></TextLine><TextLine WIDTH="634" HEIGHT="75" ID="p799_t45" HPOS="350" VPOS="2238"><String ID="p799_w447" CONTENT="To" HPOS="350" VPOS="2238" WIDTH="53" HEIGHT="75" STYLEREFS="font0"/><SP WIDTH="18" VPOS="2238" HPOS="403"/><String ID="p799_w448" CONTENT="know" HPOS="421" VPOS="2238" WIDTH="103" HEIGHT="75" STYLEREFS="font0"/><SP WIDTH="14" VPOS="2238" HPOS="524"/><String ID="p799_w449" CONTENT="good" HPOS="538" VPOS="2238" WIDTH="96" HEIGHT="75" STYLEREFS="font0"/><SP WIDTH="18" VPOS="2238" HPOS="634"/><String ID="p799_w450" CONTENT="from" HPOS="652" VPOS="2238" WIDTH="99" HEIGHT="75" STYLEREFS="font0"/><SP WIDTH="18" VPOS="2238" HPOS="751"/><String ID="p799_w451" CONTENT="bad" HPOS="769" VPOS="2238" WIDTH="69" HEIGHT="75" STYLEREFS="font0"/><SP WIDTH="14" VPOS="2238" HPOS="838"/><String ID="p799_w452" CONTENT="Malts." HPOS="852" VPOS="2238" WIDTH="132" HEIGHT="75" STYLEREFS="font0"/></TextLine><TextLine WIDTH="983" HEIGHT="75" ID="p799_t46" HPOS="202" VPOS="2321"><String ID="p799_w453" CONTENT="F1" HPOS="202" VPOS="2321" WIDTH="41" HEIGHT="75" STYLEREFS="font0"/><SP WIDTH="10" VPOS="2321" HPOS="243"/><String ID="p799_w454" CONTENT="rst," HPOS="253" VPOS="2321" WIDTH="82" HEIGHT="75" STYLEREFS="font0"/><SP WIDTH="14" VPOS="2321" HPOS="335"/><String ID="p799_w455" CONTENT="break" HPOS="349" VPOS="2321" WIDTH="95" HEIGHT="75" STYLEREFS="font0"/><SP WIDTH="13" VPOS="2321" HPOS="444"/><String ID="p799_w456" CONTENT="the" HPOS="457" VPOS="2321" WIDTH="54" HEIGHT="75" STYLEREFS="font0"/><SP WIDTH="12" VPOS="2321" HPOS="511"/><String ID="p799_w457" CONTENT="mak-corn" HPOS="523" VPOS="2321" WIDTH="171" HEIGHT="75" STYLEREFS="font0"/><SP WIDTH="12" VPOS="2321" HPOS="694"/><String ID="p799_w458" CONTENT="acrofs" HPOS="706" VPOS="2321" WIDTH="102" HEIGHT="75" STYLEREFS="font0"/><SP WIDTH="12" VPOS="2321" HPOS="808"/><String ID="p799_w459" CONTENT="between" HPOS="820" VPOS="2321" WIDTH="143" HEIGHT="75" STYLEREFS="font0"/><SP WIDTH="9" VPOS="2321" HPOS="963"/><String ID="p799_w460" CONTENT="the" HPOS="972" VPOS="2321" WIDTH="56" HEIGHT="75" STYLEREFS="font0"/><SP WIDTH="11" VPOS="2321" HPOS="1028"/><String ID="p799_w461" CONTENT="teeth," HPOS="1039" VPOS="2321" WIDTH="100" HEIGHT="75" STYLEREFS="font0"/><SP WIDTH="14" VPOS="2321" HPOS="1139"/><String ID="p799_w462" CONTENT="in" HPOS="1153" VPOS="2321" WIDTH="32" HEIGHT="75" STYLEREFS="font0"/></TextLine><TextLine WIDTH="1027" HEIGHT="75" ID="p799_t47" HPOS="155" VPOS="2366"><String ID="p799_w463" CONTENT="the" HPOS="155" VPOS="2366" WIDTH="56" HEIGHT="75" STYLEREFS="font0"/><SP WIDTH="17" VPOS="2366" HPOS="211"/><String ID="p799_w464" CONTENT="middle," HPOS="228" VPOS="2366" WIDTH="131" HEIGHT="75" STYLEREFS="font0"/><SP WIDTH="25" VPOS="2366" HPOS="359"/><String ID="p799_w465" CONTENT="or" HPOS="384" VPOS="2366" WIDTH="37" HEIGHT="75" STYLEREFS="font0"/><SP WIDTH="16" VPOS="2366" HPOS="421"/><String ID="p799_w466" CONTENT="at" HPOS="437" VPOS="2366" WIDTH="33" HEIGHT="75" STYLEREFS="font0"/><SP WIDTH="16" VPOS="2366" HPOS="470"/><String ID="p799_w467" CONTENT="both" HPOS="486" VPOS="2366" WIDTH="79" HEIGHT="75" STYLEREFS="font0"/><SP WIDTH="17" VPOS="2366" HPOS="565"/><String ID="p799_w468" CONTENT="ends," HPOS="582" VPOS="2366" WIDTH="90" HEIGHT="75" STYLEREFS="font0"/><SP WIDTH="26" VPOS="2366" HPOS="672"/><String ID="p799_w469" CONTENT="and" HPOS="698" VPOS="2366" WIDTH="61" HEIGHT="75" STYLEREFS="font0"/><SP WIDTH="12" VPOS="2366" HPOS="759"/><String ID="p799_w470" CONTENT="if" HPOS="771" VPOS="2366" WIDTH="29" HEIGHT="75" STYLEREFS="font0"/><SP WIDTH="8" VPOS="2366" HPOS="800"/><String ID="p799_w471" CONTENT="it" HPOS="808" VPOS="2366" WIDTH="25" HEIGHT="75" STYLEREFS="font0"/><SP WIDTH="12" VPOS="2366" HPOS="833"/><String ID="p799_w472" CONTENT="tafteth" HPOS="845" VPOS="2366" WIDTH="114" HEIGHT="75" STYLEREFS="font0"/><SP WIDTH="18" VPOS="2366" HPOS="959"/><String ID="p799_w473" CONTENT="mellow" HPOS="977" VPOS="2366" WIDTH="127" HEIGHT="75" STYLEREFS="font0"/><SP WIDTH="17" VPOS="2366" HPOS="1104"/><String ID="p799_w474" CONTENT="and" HPOS="1121" VPOS="2366" WIDTH="61" HEIGHT="75" STYLEREFS="font0"/></TextLine><TextLine WIDTH="1033" HEIGHT="75" ID="p799_t48" HPOS="155" VPOS="2412"><String ID="p799_w475" CONTENT="fweet," HPOS="155" VPOS="2412" WIDTH="109" HEIGHT="75" STYLEREFS="font0"/><SP WIDTH="25" VPOS="2412" HPOS="264"/><String ID="p799_w476" CONTENT="has" HPOS="289" VPOS="2412" WIDTH="56" HEIGHT="75" STYLEREFS="font0"/><SP WIDTH="19" VPOS="2412" HPOS="345"/><String ID="p799_w477" CONTENT="a" HPOS="364" VPOS="2412" WIDTH="17" HEIGHT="75" STYLEREFS="font0"/><SP WIDTH="16" VPOS="2412" HPOS="381"/><String ID="p799_w478" CONTENT="round" HPOS="397" VPOS="2412" WIDTH="102" HEIGHT="75" STYLEREFS="font0"/><SP WIDTH="13" VPOS="2412" HPOS="499"/><String ID="p799_w479" CONTENT="body," HPOS="512" VPOS="2412" WIDTH="97" HEIGHT="75" STYLEREFS="font0"/><SP WIDTH="25" VPOS="2412" HPOS="609"/><String ID="p799_w480" CONTENT="breaks" HPOS="634" VPOS="2412" WIDTH="114" HEIGHT="75" STYLEREFS="font0"/><SP WIDTH="17" VPOS="2412" HPOS="748"/><String ID="p799_w481" CONTENT="foft," HPOS="765" VPOS="2412" WIDTH="76" HEIGHT="75" STYLEREFS="font0"/><SP WIDTH="24" VPOS="2412" HPOS="841"/><String ID="p799_w482" CONTENT="is" HPOS="865" VPOS="2412" WIDTH="28" HEIGHT="75" STYLEREFS="font0"/><SP WIDTH="21" VPOS="2412" HPOS="893"/><String ID="p799_w483" CONTENT="full" HPOS="914" VPOS="2412" WIDTH="58" HEIGHT="75" STYLEREFS="font0"/><SP WIDTH="17" VPOS="2412" HPOS="972"/><String ID="p799_w484" CONTENT="of" HPOS="989" VPOS="2412" WIDTH="40" HEIGHT="75" STYLEREFS="font0"/><SP WIDTH="15" VPOS="2412" HPOS="1029"/><String ID="p799_w485" CONTENT="flour" HPOS="1044" VPOS="2412" WIDTH="80" HEIGHT="75" STYLEREFS="font0"/><SP WIDTH="18" VPOS="2412" HPOS="1124"/><String ID="p799_w486" CONTENT="all" HPOS="1142" VPOS="2412" WIDTH="46" HEIGHT="75" STYLEREFS="font0"/></TextLine><TextLine WIDTH="1034" HEIGHT="75" ID="p799_t49" HPOS="154" VPOS="2458"><String ID="p799_w487" CONTENT="its" HPOS="154" VPOS="2458" WIDTH="43" HEIGHT="75" STYLEREFS="font0"/><SP WIDTH="16" VPOS="2458" HPOS="197"/><String ID="p799_w488" CONTENT="length," HPOS="213" VPOS="2458" WIDTH="123" HEIGHT="75" STYLEREFS="font0"/><SP WIDTH="25" VPOS="2458" HPOS="336"/><String ID="p799_w489" CONTENT="fmells" HPOS="361" VPOS="2458" WIDTH="105" HEIGHT="75" STYLEREFS="font0"/><SP WIDTH="22" VPOS="2458" HPOS="466"/><String ID="p799_w490" CONTENT="well," HPOS="488" VPOS="2458" WIDTH="86" HEIGHT="75" STYLEREFS="font0"/><SP WIDTH="24" VPOS="2458" HPOS="574"/><String ID="p799_w491" CONTENT="and" HPOS="598" VPOS="2458" WIDTH="63" HEIGHT="75" STYLEREFS="font0"/><SP WIDTH="27" VPOS="2458" HPOS="661"/><String ID="p799_w492" CONTENT="has" HPOS="688" VPOS="2458" WIDTH="57" HEIGHT="75" STYLEREFS="font0"/><SP WIDTH="25" VPOS="2458" HPOS="745"/><String ID="p799_w493" CONTENT="a" HPOS="770" VPOS="2458" WIDTH="19" HEIGHT="75" STYLEREFS="font0"/><SP WIDTH="27" VPOS="2458" HPOS="789"/><String ID="p799_w494" CONTENT="thin" HPOS="816" VPOS="2458" WIDTH="70" HEIGHT="75" STYLEREFS="font0"/><SP WIDTH="28" VPOS="2458" HPOS="886"/><String ID="p799_w495" CONTENT="Ikin," HPOS="914" VPOS="2458" WIDTH="79" HEIGHT="75" STYLEREFS="font0"/><SP WIDTH="26" VPOS="2458" HPOS="993"/><String ID="p799_w496" CONTENT="then" HPOS="1019" VPOS="2458" WIDTH="78" HEIGHT="75" STYLEREFS="font0"/><SP WIDTH="16" VPOS="2458" HPOS="1097"/><String ID="p799_w497" CONTENT="it" HPOS="1113" VPOS="2458" WIDTH="26" HEIGHT="75" STYLEREFS="font0"/><SP WIDTH="17" VPOS="2458" HPOS="1139"/><String ID="p799_w498" CONTENT="is-" HPOS="1156" VPOS="2458" WIDTH="32" HEIGHT="75" STYLEREFS="font0"/></TextLine><TextLine WIDTH="1027" HEIGHT="75" ID="p799_t50" HPOS="156" VPOS="2505"><String ID="p799_w499" CONTENT="good" HPOS="156" VPOS="2505" WIDTH="83" HEIGHT="75" STYLEREFS="font0"/><SP WIDTH="64" VPOS="2505" HPOS="239"/><String ID="p799_w500" CONTENT="Secondly," HPOS="303" VPOS="2505" WIDTH="174" HEIGHT="75" STYLEREFS="font0"/><SP WIDTH="25" VPOS="2505" HPOS="477"/><String ID="p799_w501" CONTENT="take" HPOS="502" VPOS="2505" WIDTH="74" HEIGHT="75" STYLEREFS="font0"/><SP WIDTH="25" VPOS="2505" HPOS="576"/><String ID="p799_w502" CONTENT="a" HPOS="601" VPOS="2505" WIDTH="18" HEIGHT="75" STYLEREFS="font0"/><SP WIDTH="16" VPOS="2505" HPOS="619"/><String ID="p799_w503" CONTENT="glafs" HPOS="635" VPOS="2505" WIDTH="80" HEIGHT="75" STYLEREFS="font0"/><SP WIDTH="26" VPOS="2505" HPOS="715"/><String ID="p799_w504" CONTENT="near" HPOS="741" VPOS="2505" WIDTH="74" HEIGHT="75" STYLEREFS="font0"/><SP WIDTH="27" VPOS="2505" HPOS="815"/><String ID="p799_w505" CONTENT="full" HPOS="842" VPOS="2505" WIDTH="59" HEIGHT="75" STYLEREFS="font0"/><SP WIDTH="25" VPOS="2505" HPOS="901"/><String ID="p799_w506" CONTENT="of" HPOS="926" VPOS="2505" WIDTH="39" HEIGHT="75" STYLEREFS="font0"/><SP WIDTH="20" VPOS="2505" HPOS="965"/><String ID="p799_w507" CONTENT="water," HPOS="985" VPOS="2505" WIDTH="110" HEIGHT="75" STYLEREFS="font0"/><SP WIDTH="25" VPOS="2505" HPOS="1095"/><String ID="p799_w508" CONTENT="and" HPOS="1120" VPOS="2505" WIDTH="63" HEIGHT="75" STYLEREFS="font0"/></TextLine><TextLine WIDTH="1028" HEIGHT="75" ID="p799_t51" HPOS="155" VPOS="2551"><String ID="p799_w509" CONTENT="put" HPOS="155" VPOS="2551" WIDTH="57" HEIGHT="75" STYLEREFS="font0"/><SP WIDTH="28" VPOS="2551" HPOS="212"/><String ID="p799_w510" CONTENT="in" HPOS="240" VPOS="2551" WIDTH="32" HEIGHT="75" STYLEREFS="font0"/><SP WIDTH="16" VPOS="2551" HPOS="272"/><String ID="p799_w511" CONTENT="fome" HPOS="288" VPOS="2551" WIDTH="86" HEIGHT="75" STYLEREFS="font0"/><SP WIDTH="16" VPOS="2551" HPOS="374"/><String ID="p799_w512" CONTENT="malt" HPOS="390" VPOS="2551" WIDTH="77" HEIGHT="75" STYLEREFS="font0"/><SP WIDTH="15" VPOS="2551" HPOS="467"/><String ID="p799_w513" CONTENT=";" HPOS="482" VPOS="2551" WIDTH="10" HEIGHT="75" STYLEREFS="font0"/><SP WIDTH="27" VPOS="2551" HPOS="492"/><String ID="p799_w514" CONTENT="if" HPOS="519" VPOS="2551" WIDTH="29" HEIGHT="75" STYLEREFS="font0"/><SP WIDTH="19" VPOS="2551" HPOS="548"/><String ID="p799_w515" CONTENT="it" HPOS="567" VPOS="2551" WIDTH="27" HEIGHT="75" STYLEREFS="font0"/><SP WIDTH="16" VPOS="2551" HPOS="594"/><String ID="p799_w516" CONTENT="fwims," HPOS="610" VPOS="2551" WIDTH="114" HEIGHT="75" STYLEREFS="font0"/><SP WIDTH="26" VPOS="2551" HPOS="724"/><String ID="p799_w517" CONTENT="it" HPOS="750" VPOS="2551" WIDTH="24" HEIGHT="75" STYLEREFS="font0"/><SP WIDTH="28" VPOS="2551" HPOS="774"/><String ID="p799_w518" CONTENT="is" HPOS="802" VPOS="2551" WIDTH="26" HEIGHT="75" STYLEREFS="font0"/><SP WIDTH="29" VPOS="2551" HPOS="828"/><String ID="p799_w519" CONTENT="right;" HPOS="857" VPOS="2551" WIDTH="106" HEIGHT="75" STYLEREFS="font0"/><SP WIDTH="29" VPOS="2551" HPOS="963"/><String ID="p799_w520" CONTENT="but" HPOS="992" VPOS="2551" WIDTH="56" HEIGHT="75" STYLEREFS="font0"/><SP WIDTH="25" VPOS="2551" HPOS="1048"/><String ID="p799_w521" CONTENT="if" HPOS="1073" VPOS="2551" WIDTH="30" HEIGHT="75" STYLEREFS="font0"/><SP WIDTH="18" VPOS="2551" HPOS="1103"/><String ID="p799_w522" CONTENT="any" HPOS="1121" VPOS="2551" WIDTH="62" HEIGHT="75" STYLEREFS="font0"/></TextLine><TextLine WIDTH="1027" HEIGHT="75" ID="p799_t52" HPOS="154" VPOS="2597"><String ID="p799_w523" CONTENT="finks" HPOS="154" VPOS="2597" WIDTH="82" HEIGHT="75" STYLEREFS="font0"/><SP WIDTH="17" VPOS="2597" HPOS="236"/><String ID="p799_w524" CONTENT="to" HPOS="253" VPOS="2597" WIDTH="35" HEIGHT="75" STYLEREFS="font0"/><SP WIDTH="18" VPOS="2597" HPOS="288"/><String ID="p799_w525" CONTENT="the" HPOS="306" VPOS="2597" WIDTH="54" HEIGHT="75" STYLEREFS="font0"/><SP WIDTH="16" VPOS="2597" HPOS="360"/><String ID="p799_w526" CONTENT="bottom," HPOS="376" VPOS="2597" WIDTH="137" HEIGHT="75" STYLEREFS="font0"/><SP WIDTH="25" VPOS="2597" HPOS="513"/><String ID="p799_w527" CONTENT="then" HPOS="538" VPOS="2597" WIDTH="75" HEIGHT="75" STYLEREFS="font0"/><SP WIDTH="17" VPOS="2597" HPOS="613"/><String ID="p799_w528" CONTENT="it" HPOS="630" VPOS="2597" WIDTH="24" HEIGHT="75" STYLEREFS="font0"/><SP WIDTH="18" VPOS="2597" HPOS="654"/><String ID="p799_w529" CONTENT="is" HPOS="672" VPOS="2597" WIDTH="26" HEIGHT="75" STYLEREFS="font0"/><SP WIDTH="23" VPOS="2597" HPOS="698"/><String ID="p799_w530" CONTENT="not" HPOS="721" VPOS="2597" WIDTH="57" HEIGHT="75" STYLEREFS="font0"/><SP WIDTH="16" VPOS="2597" HPOS="778"/><String ID="p799_w531" CONTENT="true" HPOS="794" VPOS="2597" WIDTH="71" HEIGHT="75" STYLEREFS="font0"/><SP WIDTH="16" VPOS="2597" HPOS="865"/><String ID="p799_w532" CONTENT="malt," HPOS="881" VPOS="2597" WIDTH="91" HEIGHT="75" STYLEREFS="font0"/><SP WIDTH="25" VPOS="2597" HPOS="972"/><String ID="p799_w533" CONTENT="but" HPOS="997" VPOS="2597" WIDTH="58" HEIGHT="75" STYLEREFS="font0"/><SP WIDTH="17" VPOS="2597" HPOS="1055"/><String ID="p799_w534" CONTENT="fteely," HPOS="1072" VPOS="2597" WIDTH="109" HEIGHT="75" STYLEREFS="font0"/></TextLine><TextLine WIDTH="1026" HEIGHT="75" ID="p799_t53" HPOS="155" VPOS="2643"><String ID="p799_w535" CONTENT="and" HPOS="155" VPOS="2643" WIDTH="60" HEIGHT="75" STYLEREFS="font0"/><SP WIDTH="14" VPOS="2643" HPOS="215"/><String ID="p799_w536" CONTENT="retains" HPOS="229" VPOS="2643" WIDTH="116" HEIGHT="75" STYLEREFS="font0"/><SP WIDTH="16" VPOS="2643" HPOS="345"/><String ID="p799_w537" CONTENT="fomewhat" HPOS="361" VPOS="2643" WIDTH="171" HEIGHT="75" STYLEREFS="font0"/><SP WIDTH="12" VPOS="2643" HPOS="532"/><String ID="p799_w538" CONTENT="of" HPOS="544" VPOS="2643" WIDTH="39" HEIGHT="75" STYLEREFS="font0"/><SP WIDTH="11" VPOS="2643" HPOS="583"/><String ID="p799_w539" CONTENT="its" HPOS="594" VPOS="2643" WIDTH="40" HEIGHT="75" STYLEREFS="font0"/><SP WIDTH="14" VPOS="2643" HPOS="634"/><String ID="p799_w540" CONTENT="barley" HPOS="648" VPOS="2643" WIDTH="109" HEIGHT="75" STYLEREFS="font0"/><SP WIDTH="11" VPOS="2643" HPOS="757"/><String ID="p799_w541" CONTENT="nature;" HPOS="768" VPOS="2643" WIDTH="129" HEIGHT="75" STYLEREFS="font0"/><SP WIDTH="27" VPOS="2643" HPOS="897"/><String ID="p799_w542" CONTENT="this," HPOS="924" VPOS="2643" WIDTH="77" HEIGHT="75" STYLEREFS="font0"/><SP WIDTH="18" VPOS="2643" HPOS="1001"/><String ID="p799_w543" CONTENT="however," HPOS="1019" VPOS="2643" WIDTH="162" HEIGHT="75" STYLEREFS="font0"/></TextLine><TextLine WIDTH="1027" HEIGHT="75" ID="p799_t54" HPOS="154" VPOS="2690"><String ID="p799_w544" CONTENT="is" HPOS="154" VPOS="2690" WIDTH="26" HEIGHT="75" STYLEREFS="font0"/><SP WIDTH="27" VPOS="2690" HPOS="180"/><String ID="p799_w545" CONTENT="not" HPOS="207" VPOS="2690" WIDTH="55" HEIGHT="75" STYLEREFS="font0"/><SP WIDTH="17" VPOS="2690" HPOS="262"/><String ID="p799_w546" CONTENT="an" HPOS="279" VPOS="2690" WIDTH="38" HEIGHT="75" STYLEREFS="font0"/><SP WIDTH="17" VPOS="2690" HPOS="317"/><String ID="p799_w547" CONTENT="infallible" HPOS="334" VPOS="2690" WIDTH="154" HEIGHT="75" STYLEREFS="font0"/><SP WIDTH="28" VPOS="2690" HPOS="488"/><String ID="p799_w548" CONTENT="rule," HPOS="516" VPOS="2690" WIDTH="81" HEIGHT="75" STYLEREFS="font0"/><SP WIDTH="24" VPOS="2690" HPOS="597"/><String ID="p799_w549" CONTENT="becaufe," HPOS="621" VPOS="2690" WIDTH="143" HEIGHT="75" STYLEREFS="font0"/><SP WIDTH="26" VPOS="2690" HPOS="764"/><String ID="p799_w550" CONTENT="if" HPOS="790" VPOS="2690" WIDTH="28" HEIGHT="75" STYLEREFS="font0"/><SP WIDTH="25" VPOS="2690" HPOS="818"/><String ID="p799_w551" CONTENT="a" HPOS="843" VPOS="2690" WIDTH="18" HEIGHT="75" STYLEREFS="font0"/><SP WIDTH="22" VPOS="2690" HPOS="861"/><String ID="p799_w552" CONTENT="corn" HPOS="883" VPOS="2690" WIDTH="76" HEIGHT="75" STYLEREFS="font0"/><SP WIDTH="26" VPOS="2690" HPOS="959"/><String ID="p799_w553" CONTENT="of" HPOS="985" VPOS="2690" WIDTH="41" HEIGHT="75" STYLEREFS="font0"/><SP WIDTH="22" VPOS="2690" HPOS="1026"/><String ID="p799_w554" CONTENT="malt" HPOS="1048" VPOS="2690" WIDTH="77" HEIGHT="75" STYLEREFS="font0"/><SP WIDTH="30" VPOS="2690" HPOS="1125"/><String ID="p799_w555" CONTENT="is" HPOS="1155" VPOS="2690" WIDTH="26" HEIGHT="75" STYLEREFS="font0"/></TextLine><TextLine WIDTH="1028" HEIGHT="75" ID="p799_t55" HPOS="154" VPOS="2735"><String ID="p799_w556" CONTENT="cracked," HPOS="154" VPOS="2735" WIDTH="146" HEIGHT="75" STYLEREFS="font0"/><SP WIDTH="25" VPOS="2735" HPOS="300"/><String ID="p799_w557" CONTENT="fplit," HPOS="325" VPOS="2735" WIDTH="85" HEIGHT="75" STYLEREFS="font0"/><SP WIDTH="25" VPOS="2735" HPOS="410"/><String ID="p799_w558" CONTENT="or" HPOS="435" VPOS="2735" WIDTH="37" HEIGHT="75" STYLEREFS="font0"/><SP WIDTH="17" VPOS="2735" HPOS="472"/><String ID="p799_w559" CONTENT="broke," HPOS="489" VPOS="2735" WIDTH="113" HEIGHT="75" STYLEREFS="font0"/><SP WIDTH="24" VPOS="2735" HPOS="602"/><String ID="p799_w560" CONTENT="it" HPOS="626" VPOS="2735" WIDTH="28" HEIGHT="75" STYLEREFS="font0"/><SP WIDTH="14" VPOS="2735" HPOS="654"/><String ID="p799_w561" CONTENT="will" HPOS="668" VPOS="2735" WIDTH="65" HEIGHT="75" STYLEREFS="font0"/><SP WIDTH="17" VPOS="2735" HPOS="733"/><String ID="p799_w562" CONTENT="then" HPOS="750" VPOS="2735" WIDTH="77" HEIGHT="75" STYLEREFS="font0"/><SP WIDTH="17" VPOS="2735" HPOS="827"/><String ID="p799_w563" CONTENT="take" HPOS="844" VPOS="2735" WIDTH="72" HEIGHT="75" STYLEREFS="font0"/><SP WIDTH="17" VPOS="2735" HPOS="916"/><String ID="p799_w564" CONTENT="the" HPOS="933" VPOS="2735" WIDTH="54" HEIGHT="75" STYLEREFS="font0"/><SP WIDTH="17" VPOS="2735" HPOS="987"/><String ID="p799_w565" CONTENT="water" HPOS="1004" VPOS="2735" WIDTH="99" HEIGHT="75" STYLEREFS="font0"/><SP WIDTH="17" VPOS="2735" HPOS="1103"/><String ID="p799_w566" CONTENT="and" HPOS="1120" VPOS="2735" WIDTH="62" HEIGHT="75" STYLEREFS="font0"/></TextLine><TextLine WIDTH="1034" HEIGHT="75" ID="p799_t56" HPOS="153" VPOS="2783"><String ID="p799_w567" CONTENT="fink" HPOS="153" VPOS="2783" WIDTH="64" HEIGHT="75" STYLEREFS="font0"/><SP WIDTH="16" VPOS="2783" HPOS="217"/><String ID="p799_w568" CONTENT=";" HPOS="233" VPOS="2783" WIDTH="9" HEIGHT="75" STYLEREFS="font0"/><SP WIDTH="28" VPOS="2783" HPOS="242"/><String ID="p799_w569" CONTENT="but" HPOS="270" VPOS="2783" WIDTH="57" HEIGHT="75" STYLEREFS="font0"/><SP WIDTH="16" VPOS="2783" HPOS="327"/><String ID="p799_w570" CONTENT="an" HPOS="343" VPOS="2783" WIDTH="38" HEIGHT="75" STYLEREFS="font0"/><SP WIDTH="17" VPOS="2783" HPOS="381"/><String ID="p799_w571" CONTENT="allowance" HPOS="398" VPOS="2783" WIDTH="170" HEIGHT="75" STYLEREFS="font0"/><SP WIDTH="16" VPOS="2783" HPOS="568"/><String ID="p799_w572" CONTENT="may" HPOS="584" VPOS="2783" WIDTH="72" HEIGHT="75" STYLEREFS="font0"/><SP WIDTH="16" VPOS="2783" HPOS="656"/><String ID="p799_w573" CONTENT="be" HPOS="672" VPOS="2783" WIDTH="39" HEIGHT="75" STYLEREFS="font0"/><SP WIDTH="16" VPOS="2783" HPOS="711"/><String ID="p799_w574" CONTENT="given" HPOS="727" VPOS="2783" WIDTH="92" HEIGHT="75" STYLEREFS="font0"/><SP WIDTH="17" VPOS="2783" HPOS="819"/><String ID="p799_w575" CONTENT="for" HPOS="836" VPOS="2783" WIDTH="50" HEIGHT="75" STYLEREFS="font0"/><SP WIDTH="24" VPOS="2783" HPOS="886"/><String ID="p799_w576" CONTENT="futh" HPOS="910" VPOS="2783" WIDTH="76" HEIGHT="75" STYLEREFS="font0"/><SP WIDTH="22" VPOS="2783" HPOS="986"/><String ID="p799_w577" CONTENT="incidents,," HPOS="1008" VPOS="2783" WIDTH="179" HEIGHT="75" STYLEREFS="font0"/></TextLine><TextLine WIDTH="1027" HEIGHT="75" ID="p799_t57" HPOS="152" VPOS="2829"><String ID="p799_w578" CONTENT="and" HPOS="152" VPOS="2829" WIDTH="62" HEIGHT="75" STYLEREFS="font0"/><SP WIDTH="17" VPOS="2829" HPOS="214"/><String ID="p799_w579" CONTENT="ftill" HPOS="231" VPOS="2829" WIDTH="60" HEIGHT="75" STYLEREFS="font0"/><SP WIDTH="19" VPOS="2829" HPOS="291"/><String ID="p799_w580" CONTENT="room" HPOS="310" VPOS="2829" WIDTH="88" HEIGHT="75" STYLEREFS="font0"/><SP WIDTH="17" VPOS="2829" HPOS="398"/><String ID="p799_w581" CONTENT="enough" HPOS="415" VPOS="2829" WIDTH="125" HEIGHT="75" STYLEREFS="font0"/><SP WIDTH="28" VPOS="2829" HPOS="540"/><String ID="p799_w582" CONTENT="to" HPOS="568" VPOS="2829" WIDTH="35" HEIGHT="75" STYLEREFS="font0"/><SP WIDTH="28" VPOS="2829" HPOS="603"/><String ID="p799_w583" CONTENT="make" HPOS="631" VPOS="2829" WIDTH="91" HEIGHT="75" STYLEREFS="font0"/><SP WIDTH="29" VPOS="2829" HPOS="722"/><String ID="p799_w584" CONTENT="a" HPOS="751" VPOS="2829" WIDTH="18" HEIGHT="75" STYLEREFS="font0"/><SP WIDTH="23" VPOS="2829" HPOS="769"/><String ID="p799_w585" CONTENT="judgment." HPOS="792" VPOS="2829" WIDTH="180" HEIGHT="75" STYLEREFS="font0"/><SP WIDTH="50" VPOS="2829" HPOS="972"/><String ID="p799_w586" CONTENT="Thirdly," HPOS="1022" VPOS="2829" WIDTH="157" HEIGHT="75" STYLEREFS="font0"/></TextLine><TextLine WIDTH="1027" HEIGHT="75" ID="p799_t58" HPOS="153" VPOS="2876"><String ID="p799_w587" CONTENT="malt" HPOS="153" VPOS="2876" WIDTH="77" HEIGHT="75" STYLEREFS="font0"/><SP WIDTH="14" VPOS="2876" HPOS="230"/><String ID="p799_w588" CONTENT="that" HPOS="244" VPOS="2876" WIDTH="73" HEIGHT="75" STYLEREFS="font0"/><SP WIDTH="16" VPOS="2876" HPOS="317"/><String ID="p799_w589" CONTENT="is" HPOS="333" VPOS="2876" WIDTH="26" HEIGHT="75" STYLEREFS="font0"/><SP WIDTH="17" VPOS="2876" HPOS="359"/><String ID="p799_w590" CONTENT="truly" HPOS="376" VPOS="2876" WIDTH="87" HEIGHT="75" STYLEREFS="font0"/><SP WIDTH="17" VPOS="2876" HPOS="463"/><String ID="p799_w591" CONTENT="made" HPOS="480" VPOS="2876" WIDTH="91" HEIGHT="75" STYLEREFS="font0"/><SP WIDTH="24" VPOS="2876" HPOS="571"/><String ID="p799_w592" CONTENT="will" HPOS="595" VPOS="2876" WIDTH="64" HEIGHT="75" STYLEREFS="font0"/><SP WIDTH="19" VPOS="2876" HPOS="659"/><String ID="p799_w593" CONTENT="not" HPOS="678" VPOS="2876" WIDTH="57" HEIGHT="75" STYLEREFS="font0"/><SP WIDTH="21" VPOS="2876" HPOS="735"/><String ID="p799_w594" CONTENT="be" HPOS="756" VPOS="2876" WIDTH="39" HEIGHT="75" STYLEREFS="font0"/><SP WIDTH="16" VPOS="2876" HPOS="795"/><String ID="p799_w595" CONTENT="hard" HPOS="811" VPOS="2876" WIDTH="80" HEIGHT="75" STYLEREFS="font0"/><SP WIDTH="17" VPOS="2876" HPOS="891"/><String ID="p799_w596" CONTENT="and" HPOS="908" VPOS="2876" WIDTH="64" HEIGHT="75" STYLEREFS="font0"/><SP WIDTH="15" VPOS="2876" HPOS="972"/><String ID="p799_w597" CONTENT="fteely," HPOS="987" VPOS="2876" WIDTH="110" HEIGHT="75" STYLEREFS="font0"/><SP WIDTH="25" VPOS="2876" HPOS="1097"/><String ID="p799_w598" CONTENT="but" HPOS="1122" VPOS="2876" WIDTH="58" HEIGHT="75" STYLEREFS="font0"/></TextLine><TextLine WIDTH="1033" HEIGHT="75" ID="p799_t59" HPOS="153" VPOS="2923"><String ID="p799_w599" CONTENT="of" HPOS="153" VPOS="2923" WIDTH="40" HEIGHT="75" STYLEREFS="font0"/><SP WIDTH="25" VPOS="2923" HPOS="193"/><String ID="p799_w600" CONTENT="fo" HPOS="218" VPOS="2923" WIDTH="34" HEIGHT="75" STYLEREFS="font0"/><SP WIDTH="28" VPOS="2923" HPOS="252"/><String ID="p799_w601" CONTENT="mellow" HPOS="280" VPOS="2923" WIDTH="127" HEIGHT="75" STYLEREFS="font0"/><SP WIDTH="28" VPOS="2923" HPOS="407"/><String ID="p799_w602" CONTENT="a" HPOS="435" VPOS="2923" WIDTH="18" HEIGHT="75" STYLEREFS="font0"/><SP WIDTH="28" VPOS="2923" HPOS="453"/><String ID="p799_w603" CONTENT="nature," HPOS="481" VPOS="2923" WIDTH="122" HEIGHT="75" STYLEREFS="font0"/><SP WIDTH="26" VPOS="2923" HPOS="603"/><String ID="p799_w604" CONTENT="that," HPOS="629" VPOS="2923" WIDTH="83" HEIGHT="75" STYLEREFS="font0"/><SP WIDTH="25" VPOS="2923" HPOS="712"/><String ID="p799_w605" CONTENT="if" HPOS="737" VPOS="2923" WIDTH="30" HEIGHT="75" STYLEREFS="font0"/><SP WIDTH="23" VPOS="2923" HPOS="767"/><String ID="p799_w606" CONTENT="forced" HPOS="790" VPOS="2923" WIDTH="109" HEIGHT="75" STYLEREFS="font0"/><SP WIDTH="27" VPOS="2923" HPOS="899"/><String ID="p799_w607" CONTENT="againft" HPOS="926" VPOS="2923" WIDTH="119" HEIGHT="75" STYLEREFS="font0"/><SP WIDTH="27" VPOS="2923" HPOS="1045"/><String ID="p799_w608" CONTENT="a" HPOS="1072" VPOS="2923" WIDTH="21" HEIGHT="75" STYLEREFS="font0"/><SP WIDTH="27" VPOS="2923" HPOS="1093"/><String ID="p799_w609" CONTENT="dry." HPOS="1120" VPOS="2923" WIDTH="66" HEIGHT="75" STYLEREFS="font0"/></TextLine><TextLine WIDTH="1029" HEIGHT="75" ID="p799_t60" HPOS="151" VPOS="2968"><String ID="p799_w610" CONTENT="board," HPOS="151" VPOS="2968" WIDTH="112" HEIGHT="75" STYLEREFS="font0"/><SP WIDTH="25" VPOS="2968" HPOS="263"/><String ID="p799_w611" CONTENT="it" HPOS="288" VPOS="2968" WIDTH="26" HEIGHT="75" STYLEREFS="font0"/><SP WIDTH="28" VPOS="2968" HPOS="314"/><String ID="p799_w612" CONTENT="will" HPOS="342" VPOS="2968" WIDTH="65" HEIGHT="75" STYLEREFS="font0"/><SP WIDTH="25" VPOS="2968" HPOS="407"/><String ID="p799_w613" CONTENT="mark," HPOS="432" VPOS="2968" WIDTH="101" HEIGHT="75" STYLEREFS="font0"/><SP WIDTH="26" VPOS="2968" HPOS="533"/><String ID="p799_w614" CONTENT="and" HPOS="559" VPOS="2968" WIDTH="63" HEIGHT="75" STYLEREFS="font0"/><SP WIDTH="15" VPOS="2968" HPOS="622"/><String ID="p799_w615" CONTENT="caft" HPOS="637" VPOS="2968" WIDTH="62" HEIGHT="75" STYLEREFS="font0"/><SP WIDTH="17" VPOS="2968" HPOS="699"/><String ID="p799_w616" CONTENT="a" HPOS="716" VPOS="2968" WIDTH="18" HEIGHT="75" STYLEREFS="font0"/><SP WIDTH="18" VPOS="2968" HPOS="734"/><String ID="p799_w617" CONTENT="white" HPOS="752" VPOS="2968" WIDTH="93" HEIGHT="75" STYLEREFS="font0"/><SP WIDTH="17" VPOS="2968" HPOS="845"/><String ID="p799_w618" CONTENT="colour" HPOS="862" VPOS="2968" WIDTH="110" HEIGHT="75" STYLEREFS="font0"/><SP WIDTH="17" VPOS="2968" HPOS="972"/><String ID="p799_w619" CONTENT="almoft" HPOS="989" VPOS="2968" WIDTH="110" HEIGHT="75" STYLEREFS="font0"/><SP WIDTH="15" VPOS="2968" HPOS="1099"/><String ID="p799_w620" CONTENT="like" HPOS="1114" VPOS="2968" WIDTH="66" HEIGHT="75" STYLEREFS="font0"/></TextLine><TextLine WIDTH="1028" HEIGHT="75" ID="p799_t61" HPOS="151" VPOS="3018"><String ID="p799_w621" CONTENT="chalk." HPOS="151" VPOS="3018" WIDTH="106" HEIGHT="75" STYLEREFS="font0"/><SP WIDTH="49" VPOS="3018" HPOS="257"/><String ID="p799_w622" CONTENT="Fourthly," HPOS="306" VPOS="3018" WIDTH="170" HEIGHT="75" STYLEREFS="font0"/><SP WIDTH="25" VPOS="3018" HPOS="476"/><String ID="p799_w623" CONTENT="malt" HPOS="501" VPOS="3018" WIDTH="78" HEIGHT="75" STYLEREFS="font0"/><SP WIDTH="17" VPOS="3018" HPOS="579"/><String ID="p799_w624" CONTENT="that" HPOS="596" VPOS="3018" WIDTH="70" HEIGHT="75" STYLEREFS="font0"/><SP WIDTH="24" VPOS="3018" HPOS="666"/><String ID="p799_w625" CONTENT="is" HPOS="690" VPOS="3018" WIDTH="26" HEIGHT="75" STYLEREFS="font0"/><SP WIDTH="23" VPOS="3018" HPOS="716"/><String ID="p799_w626" CONTENT="not" HPOS="739" VPOS="3018" WIDTH="57" HEIGHT="75" STYLEREFS="font0"/><SP WIDTH="16" VPOS="3018" HPOS="796"/><String ID="p799_w627" CONTENT="rightjy" HPOS="812" VPOS="3018" WIDTH="120" HEIGHT="75" STYLEREFS="font0"/><SP WIDTH="16" VPOS="3018" HPOS="932"/><String ID="p799_w628" CONTENT="made" HPOS="948" VPOS="3018" WIDTH="92" HEIGHT="75" STYLEREFS="font0"/><SP WIDTH="17" VPOS="3018" HPOS="1040"/><String ID="p799_w629" CONTENT="will" HPOS="1057" VPOS="3018" WIDTH="65" HEIGHT="75" STYLEREFS="font0"/><SP WIDTH="17" VPOS="3018" HPOS="1122"/><String ID="p799_w630" CONTENT="be" HPOS="1139" VPOS="3018" WIDTH="40" HEIGHT="75" STYLEREFS="font0"/></TextLine><TextLine WIDTH="1034" HEIGHT="75" ID="p799_t62" HPOS="1246" VPOS="385"><String ID="p799_w631" CONTENT="Of" HPOS="1246" VPOS="385" WIDTH="59" HEIGHT="75" STYLEREFS="font0"/><SP WIDTH="32" VPOS="385" HPOS="1305"/><String ID="p799_w632" CONTENT="the" HPOS="1337" VPOS="385" WIDTH="61" HEIGHT="75" STYLEREFS="font0"/><SP WIDTH="25" VPOS="385" HPOS="1398"/><String ID="p799_w633" CONTENT="Nature" HPOS="1423" VPOS="385" WIDTH="152" HEIGHT="75" STYLEREFS="font0"/><SP WIDTH="29" VPOS="385" HPOS="1575"/><String ID="p799_w634" CONTENT="and" HPOS="1604" VPOS="385" WIDTH="74" HEIGHT="75" STYLEREFS="font0"/><SP WIDTH="33" VPOS="385" HPOS="1678"/><String ID="p799_w635" CONTENT="life" HPOS="1711" VPOS="385" WIDTH="72" HEIGHT="75" STYLEREFS="font0"/><SP WIDTH="31" VPOS="385" HPOS="1783"/><String ID="p799_w636" CONTENT="of" HPOS="1814" VPOS="385" WIDTH="49" HEIGHT="75" STYLEREFS="font0"/><SP WIDTH="21" VPOS="385" HPOS="1863"/><String ID="p799_w637" CONTENT="Pale," HPOS="1884" VPOS="385" WIDTH="106" HEIGHT="75" STYLEREFS="font0"/><SP WIDTH="38" VPOS="385" HPOS="1990"/><String ID="p799_w638" CONTENT="Amber," HPOS="2028" VPOS="385" WIDTH="149" HEIGHT="75" STYLEREFS="font0"/><SP WIDTH="29" VPOS="385" HPOS="2177"/><String ID="p799_w639" CONTENT="and" HPOS="2206" VPOS="385" WIDTH="74" HEIGHT="75" STYLEREFS="font0"/></TextLine><TextLine WIDTH="290" HEIGHT="75" ID="p799_t63" HPOS="1617" VPOS="436"><String ID="p799_w640" CONTENT="Brown" HPOS="1617" VPOS="436" WIDTH="139" HEIGHT="75" STYLEREFS="font0"/><SP WIDTH="17" VPOS="436" HPOS="1756"/><String ID="p799_w641" CONTENT="Malts." HPOS="1773" VPOS="436" WIDTH="134" HEIGHT="75" STYLEREFS="font0"/></TextLine><TextLine WIDTH="995" HEIGHT="75" ID="p799_t64" HPOS="1281" VPOS="512"><String ID="p799_w642" CONTENT="-The" HPOS="1281" VPOS="512" WIDTH="93" HEIGHT="75" STYLEREFS="font0"/><SP WIDTH="20" VPOS="512" HPOS="1374"/><String ID="p799_w643" CONTENT="pale" HPOS="1394" VPOS="512" WIDTH="71" HEIGHT="75" STYLEREFS="font0"/><SP WIDTH="17" VPOS="512" HPOS="1465"/><String ID="p799_w644" CONTENT="malt" HPOS="1482" VPOS="512" WIDTH="78" HEIGHT="75" STYLEREFS="font0"/><SP WIDTH="17" VPOS="512" HPOS="1560"/><String ID="p799_w645" CONTENT="is" HPOS="1577" VPOS="512" WIDTH="25" HEIGHT="75" STYLEREFS="font0"/><SP WIDTH="14" VPOS="512" HPOS="1602"/><String ID="p799_w646" CONTENT="the" HPOS="1616" VPOS="512" WIDTH="55" HEIGHT="75" STYLEREFS="font0"/><SP WIDTH="17" VPOS="512" HPOS="1671"/><String ID="p799_w647" CONTENT="floweft" HPOS="1688" VPOS="512" WIDTH="119" HEIGHT="75" STYLEREFS="font0"/><SP WIDTH="17" VPOS="512" HPOS="1807"/><String ID="p799_w648" CONTENT="and" HPOS="1824" VPOS="512" WIDTH="62" HEIGHT="75" STYLEREFS="font0"/><SP WIDTH="15" VPOS="512" HPOS="1886"/><String ID="p799_w649" CONTENT="flackeft" HPOS="1901" VPOS="512" WIDTH="129" HEIGHT="75" STYLEREFS="font0"/><SP WIDTH="17" VPOS="512" HPOS="2030"/><String ID="p799_w650" CONTENT="dried" HPOS="2047" VPOS="512" WIDTH="91" HEIGHT="75" STYLEREFS="font0"/><SP WIDTH="12" VPOS="512" HPOS="2138"/><String ID="p799_w651" CONTENT="of" HPOS="2150" VPOS="512" WIDTH="41" HEIGHT="75" STYLEREFS="font0"/><SP WIDTH="11" VPOS="512" HPOS="2191"/><String ID="p799_w652" CONTENT="any," HPOS="2202" VPOS="512" WIDTH="74" HEIGHT="75" STYLEREFS="font0"/></TextLine><TextLine WIDTH="1034" HEIGHT="75" ID="p799_t65" HPOS="1242" VPOS="558"><String ID="p799_w653" CONTENT="and" HPOS="1242" VPOS="558" WIDTH="63" HEIGHT="75" STYLEREFS="font0"/><SP WIDTH="17" VPOS="558" HPOS="1305"/><String ID="p799_w654" CONTENT="where" HPOS="1322" VPOS="558" WIDTH="107" HEIGHT="75" STYLEREFS="font0"/><SP WIDTH="15" VPOS="558" HPOS="1429"/><String ID="p799_w655" CONTENT="it" HPOS="1444" VPOS="558" WIDTH="26" HEIGHT="75" STYLEREFS="font0"/><SP WIDTH="28" VPOS="558" HPOS="1470"/><String ID="p799_w656" CONTENT="has" HPOS="1498" VPOS="558" WIDTH="57" HEIGHT="75" STYLEREFS="font0"/><SP WIDTH="16" VPOS="558" HPOS="1555"/><String ID="p799_w657" CONTENT="had" HPOS="1571" VPOS="558" WIDTH="64" HEIGHT="75" STYLEREFS="font0"/><SP WIDTH="17" VPOS="558" HPOS="1635"/><String ID="p799_w658" CONTENT="a" HPOS="1652" VPOS="558" WIDTH="17" HEIGHT="75" STYLEREFS="font0"/><SP WIDTH="22" VPOS="558" HPOS="1669"/><String ID="p799_w659" CONTENT="leifure" HPOS="1691" VPOS="558" WIDTH="114" HEIGHT="75" STYLEREFS="font0"/><SP WIDTH="16" VPOS="558" HPOS="1805"/><String ID="p799_w660" CONTENT="fire," HPOS="1821" VPOS="558" WIDTH="71" HEIGHT="75" STYLEREFS="font0"/><SP WIDTH="26" VPOS="558" HPOS="1892"/><String ID="p799_w661" CONTENT="a" HPOS="1918" VPOS="558" WIDTH="18" HEIGHT="75" STYLEREFS="font0"/><SP WIDTH="16" VPOS="558" HPOS="1936"/><String ID="p799_w662" CONTENT="fufficient" HPOS="1952" VPOS="558" WIDTH="155" HEIGHT="75" STYLEREFS="font0"/><SP WIDTH="28" VPOS="558" HPOS="2107"/><String ID="p799_w663" CONTENT="time" HPOS="2135" VPOS="558" WIDTH="77" HEIGHT="75" STYLEREFS="font0"/><SP WIDTH="17" VPOS="558" HPOS="2212"/><String ID="p799_w664" CONTENT="al-" HPOS="2229" VPOS="558" WIDTH="47" HEIGHT="75" STYLEREFS="font0"/></TextLine><TextLine WIDTH="1036" HEIGHT="75" ID="p799_t66" HPOS="1240" VPOS="604"><String ID="p799_w665" CONTENT="lowed" HPOS="1240" VPOS="604" WIDTH="105" HEIGHT="75" STYLEREFS="font0"/><SP WIDTH="16" VPOS="604" HPOS="1345"/><String ID="p799_w666" CONTENT="it" HPOS="1361" VPOS="604" WIDTH="27" HEIGHT="75" STYLEREFS="font0"/><SP WIDTH="16" VPOS="604" HPOS="1388"/><String ID="p799_w667" CONTENT="on" HPOS="1404" VPOS="604" WIDTH="43" HEIGHT="75" STYLEREFS="font0"/><SP WIDTH="26" VPOS="604" HPOS="1447"/><String ID="p799_w668" CONTENT="the" HPOS="1473" VPOS="604" WIDTH="57" HEIGHT="75" STYLEREFS="font0"/><SP WIDTH="28" VPOS="604" HPOS="1530"/><String ID="p799_w669" CONTENT="kiln," HPOS="1558" VPOS="604" WIDTH="81" HEIGHT="75" STYLEREFS="font0"/><SP WIDTH="26" VPOS="604" HPOS="1639"/><String ID="p799_w670" CONTENT="and" HPOS="1665" VPOS="604" WIDTH="62" HEIGHT="75" STYLEREFS="font0"/><SP WIDTH="26" VPOS="604" HPOS="1727"/><String ID="p799_w671" CONTENT="a" HPOS="1753" VPOS="604" WIDTH="18" HEIGHT="75" STYLEREFS="font0"/><SP WIDTH="22" VPOS="604" HPOS="1771"/><String ID="p799_w672" CONTENT="due" HPOS="1793" VPOS="604" WIDTH="63" HEIGHT="75" STYLEREFS="font0"/><SP WIDTH="24" VPOS="604" HPOS="1856"/><String ID="p799_w673" CONTENT="care" HPOS="1880" VPOS="604" WIDTH="72" HEIGHT="75" STYLEREFS="font0"/><SP WIDTH="24" VPOS="604" HPOS="1952"/><String ID="p799_w674" CONTENT="taken" HPOS="1976" VPOS="604" WIDTH="96" HEIGHT="75" STYLEREFS="font0"/><SP WIDTH="23" VPOS="604" HPOS="2072"/><String ID="p799_w675" CONTENT="of" HPOS="2095" VPOS="604" WIDTH="41" HEIGHT="75" STYLEREFS="font0"/><SP WIDTH="19" VPOS="604" HPOS="2136"/><String ID="p799_w676" CONTENT="it," HPOS="2155" VPOS="604" WIDTH="39" HEIGHT="75" STYLEREFS="font0"/><SP WIDTH="25" VPOS="604" HPOS="2194"/><String ID="p799_w677" CONTENT="the" HPOS="2219" VPOS="604" WIDTH="57" HEIGHT="75" STYLEREFS="font0"/></TextLine><TextLine WIDTH="1036" HEIGHT="75" ID="p799_t67" HPOS="1240" VPOS="650"><String ID="p799_w678" CONTENT="flour" HPOS="1240" VPOS="650" WIDTH="82" HEIGHT="75" STYLEREFS="font0"/><SP WIDTH="25" VPOS="650" HPOS="1322"/><String ID="p799_w679" CONTENT="of" HPOS="1347" VPOS="650" WIDTH="40" HEIGHT="75" STYLEREFS="font0"/><SP WIDTH="22" VPOS="650" HPOS="1387"/><String ID="p799_w680" CONTENT="the" HPOS="1409" VPOS="650" WIDTH="56" HEIGHT="75" STYLEREFS="font0"/><SP WIDTH="22" VPOS="650" HPOS="1465"/><String ID="p799_w681" CONTENT="grain" HPOS="1487" VPOS="650" WIDTH="89" HEIGHT="75" STYLEREFS="font0"/><SP WIDTH="25" VPOS="650" HPOS="1576"/><String ID="p799_w682" CONTENT="will" HPOS="1601" VPOS="650" WIDTH="64" HEIGHT="75" STYLEREFS="font0"/><SP WIDTH="18" VPOS="650" HPOS="1665"/><String ID="p799_w683" CONTENT="remain" HPOS="1683" VPOS="650" WIDTH="120" HEIGHT="75" STYLEREFS="font0"/><SP WIDTH="15" VPOS="650" HPOS="1803"/><String ID="p799_w684" CONTENT="in" HPOS="1818" VPOS="650" WIDTH="33" HEIGHT="75" STYLEREFS="font0"/><SP WIDTH="17" VPOS="650" HPOS="1851"/><String ID="p799_w685" CONTENT="its" HPOS="1868" VPOS="650" WIDTH="42" HEIGHT="75" STYLEREFS="font0"/><SP WIDTH="28" VPOS="650" HPOS="1910"/><String ID="p799_w686" CONTENT="full" HPOS="1938" VPOS="650" WIDTH="60" HEIGHT="75" STYLEREFS="font0"/><SP WIDTH="29" VPOS="650" HPOS="1998"/><String ID="p799_w687" CONTENT="quantity," HPOS="2027" VPOS="650" WIDTH="160" HEIGHT="75" STYLEREFS="font0"/><SP WIDTH="26" VPOS="650" HPOS="2187"/><String ID="p799_w688" CONTENT="and" HPOS="2213" VPOS="650" WIDTH="63" HEIGHT="75" STYLEREFS="font0"/></TextLine><TextLine WIDTH="1034" HEIGHT="75" ID="p799_t68" HPOS="1239" VPOS="696"><String ID="p799_w689" CONTENT="thereby" HPOS="1239" VPOS="696" WIDTH="136" HEIGHT="75" STYLEREFS="font0"/><SP WIDTH="16" VPOS="696" HPOS="1375"/><String ID="p799_w690" CONTENT="produce" HPOS="1391" VPOS="696" WIDTH="140" HEIGHT="75" STYLEREFS="font0"/><SP WIDTH="20" VPOS="696" HPOS="1531"/><String ID="p799_w691" CONTENT="a" HPOS="1551" VPOS="696" WIDTH="19" HEIGHT="75" STYLEREFS="font0"/><SP WIDTH="15" VPOS="696" HPOS="1570"/><String ID="p799_w692" CONTENT="greater" HPOS="1585" VPOS="696" WIDTH="126" HEIGHT="75" STYLEREFS="font0"/><SP WIDTH="16" VPOS="696" HPOS="1711"/><String ID="p799_w693" CONTENT="length" HPOS="1727" VPOS="696" WIDTH="109" HEIGHT="75" STYLEREFS="font0"/><SP WIDTH="14" VPOS="696" HPOS="1836"/><String ID="p799_w694" CONTENT="of" HPOS="1850" VPOS="696" WIDTH="39" HEIGHT="75" STYLEREFS="font0"/><SP WIDTH="13" VPOS="696" HPOS="1889"/><String ID="p799_w695" CONTENT="wort" HPOS="1902" VPOS="696" WIDTH="82" HEIGHT="75" STYLEREFS="font0"/><SP WIDTH="16" VPOS="696" HPOS="1984"/><String ID="p799_w696" CONTENT="than" HPOS="2000" VPOS="696" WIDTH="76" HEIGHT="75" STYLEREFS="font0"/><SP WIDTH="17" VPOS="696" HPOS="2076"/><String ID="p799_w697" CONTENT="the" HPOS="2093" VPOS="696" WIDTH="56" HEIGHT="75" STYLEREFS="font0"/><SP WIDTH="13" VPOS="696" HPOS="2149"/><String ID="p799_w698" CONTENT="brown" HPOS="2162" VPOS="696" WIDTH="111" HEIGHT="75" STYLEREFS="font0"/></TextLine><TextLine WIDTH="1035" HEIGHT="75" ID="p799_t69" HPOS="1240" VPOS="742"><String ID="p799_w699" CONTENT="high-dried" HPOS="1240" VPOS="742" WIDTH="188" HEIGHT="75" STYLEREFS="font0"/><SP WIDTH="15" VPOS="742" HPOS="1428"/><String ID="p799_w700" CONTENT="malt." HPOS="1443" VPOS="742" WIDTH="91" HEIGHT="75" STYLEREFS="font0"/><SP WIDTH="37" VPOS="742" HPOS="1534"/><String ID="p799_w701" CONTENT="It" HPOS="1571" VPOS="742" WIDTH="33" HEIGHT="75" STYLEREFS="font0"/><SP WIDTH="13" VPOS="742" HPOS="1604"/><String ID="p799_w702" CONTENT="may" HPOS="1617" VPOS="742" WIDTH="72" HEIGHT="75" STYLEREFS="font0"/><SP WIDTH="12" VPOS="742" HPOS="1689"/><String ID="p799_w703" CONTENT="be" HPOS="1701" VPOS="742" WIDTH="40" HEIGHT="75" STYLEREFS="font0"/><SP WIDTH="13" VPOS="742" HPOS="1741"/><String ID="p799_w704" CONTENT="brewed" HPOS="1754" VPOS="742" WIDTH="129" HEIGHT="75" STYLEREFS="font0"/><SP WIDTH="16" VPOS="742" HPOS="1883"/><String ID="p799_w705" CONTENT="either" HPOS="1899" VPOS="742" WIDTH="104" HEIGHT="75" STYLEREFS="font0"/><SP WIDTH="17" VPOS="742" HPOS="2003"/><String ID="p799_w706" CONTENT="with" HPOS="2020" VPOS="742" WIDTH="78" HEIGHT="75" STYLEREFS="font0"/><SP WIDTH="16" VPOS="742" HPOS="2098"/><String ID="p799_w707" CONTENT="fpring" HPOS="2114" VPOS="742" WIDTH="106" HEIGHT="75" STYLEREFS="font0"/><SP WIDTH="16" VPOS="742" HPOS="2220"/><String ID="p799_w708" CONTENT="or" HPOS="2236" VPOS="742" WIDTH="39" HEIGHT="75" STYLEREFS="font0"/></TextLine><TextLine WIDTH="364" HEIGHT="75" ID="p799_t70" HPOS="1240" VPOS="790"><String ID="p799_w709" CONTENT="common" HPOS="1240" VPOS="790" WIDTH="145" HEIGHT="75" STYLEREFS="font0"/><SP WIDTH="17" VPOS="790" HPOS="1385"/><String ID="p799_w710" CONTENT="well" HPOS="1402" VPOS="790" WIDTH="73" HEIGHT="75" STYLEREFS="font0"/><SP WIDTH="17" VPOS="790" HPOS="1475"/><String ID="p799_w711" CONTENT="water." HPOS="1492" VPOS="790" WIDTH="112" HEIGHT="75" STYLEREFS="font0"/></TextLine><TextLine WIDTH="987" HEIGHT="75" ID="p799_t71" HPOS="1287" VPOS="836"><String ID="p799_w712" CONTENT="The" HPOS="1287" VPOS="836" WIDTH="77" HEIGHT="75" STYLEREFS="font0"/><SP WIDTH="25" VPOS="836" HPOS="1364"/><String ID="p799_w713" CONTENT="amber-coloured" HPOS="1389" VPOS="836" WIDTH="278" HEIGHT="75" STYLEREFS="font0"/><SP WIDTH="26" VPOS="836" HPOS="1667"/><String ID="p799_w714" CONTENT="malt" HPOS="1693" VPOS="836" WIDTH="78" HEIGHT="75" STYLEREFS="font0"/><SP WIDTH="16" VPOS="836" HPOS="1771"/><String ID="p799_w715" CONTENT="is" HPOS="1787" VPOS="836" WIDTH="26" HEIGHT="75" STYLEREFS="font0"/><SP WIDTH="27" VPOS="836" HPOS="1813"/><String ID="p799_w716" CONTENT="that" HPOS="1840" VPOS="836" WIDTH="70" HEIGHT="75" STYLEREFS="font0"/><SP WIDTH="18" VPOS="836" HPOS="1910"/><String ID="p799_w717" CONTENT="which" HPOS="1928" VPOS="836" WIDTH="104" HEIGHT="75" STYLEREFS="font0"/><SP WIDTH="20" VPOS="836" HPOS="2032"/><String ID="p799_w718" CONTENT="is" HPOS="2052" VPOS="836" WIDTH="27" HEIGHT="75" STYLEREFS="font0"/><SP WIDTH="17" VPOS="836" HPOS="2079"/><String ID="p799_w719" CONTENT="dried" HPOS="2096" VPOS="836" WIDTH="92" HEIGHT="75" STYLEREFS="font0"/><SP WIDTH="17" VPOS="836" HPOS="2188"/><String ID="p799_w720" CONTENT="in" HPOS="2205" VPOS="836" WIDTH="32" HEIGHT="75" STYLEREFS="font0"/><SP WIDTH="18" VPOS="836" HPOS="2237"/><String ID="p799_w721" CONTENT="a" HPOS="2255" VPOS="836" WIDTH="19" HEIGHT="75" STYLEREFS="font0"/></TextLine><TextLine WIDTH="1035" HEIGHT="75" ID="p799_t72" HPOS="1239" VPOS="882"><String ID="p799_w722" CONTENT="medium" HPOS="1239" VPOS="882" WIDTH="140" HEIGHT="75" STYLEREFS="font0"/><SP WIDTH="17" VPOS="882" HPOS="1379"/><String ID="p799_w723" CONTENT="degree," HPOS="1396" VPOS="882" WIDTH="127" HEIGHT="75" STYLEREFS="font0"/><SP WIDTH="26" VPOS="882" HPOS="1523"/><String ID="p799_w724" CONTENT="between" HPOS="1549" VPOS="882" WIDTH="143" HEIGHT="75" STYLEREFS="font0"/><SP WIDTH="17" VPOS="882" HPOS="1692"/><String ID="p799_w725" CONTENT="the" HPOS="1709" VPOS="882" WIDTH="55" HEIGHT="75" STYLEREFS="font0"/><SP WIDTH="17" VPOS="882" HPOS="1764"/><String ID="p799_w726" CONTENT="pale" HPOS="1781" VPOS="882" WIDTH="71" HEIGHT="75" STYLEREFS="font0"/><SP WIDTH="17" VPOS="882" HPOS="1852"/><String ID="p799_w727" CONTENT="and" HPOS="1869" VPOS="882" WIDTH="62" HEIGHT="75" STYLEREFS="font0"/><SP WIDTH="16" VPOS="882" HPOS="1931"/><String ID="p799_w728" CONTENT="the" HPOS="1947" VPOS="882" WIDTH="55" HEIGHT="75" STYLEREFS="font0"/><SP WIDTH="18" VPOS="882" HPOS="2002"/><String ID="p799_w729" CONTENT="brown," HPOS="2020" VPOS="882" WIDTH="122" HEIGHT="75" STYLEREFS="font0"/><SP WIDTH="26" VPOS="882" HPOS="2142"/><String ID="p799_w730" CONTENT="arid" HPOS="2168" VPOS="882" WIDTH="62" HEIGHT="75" STYLEREFS="font0"/><SP WIDTH="16" VPOS="882" HPOS="2230"/><String ID="p799_w731" CONTENT="is" HPOS="2246" VPOS="882" WIDTH="28" HEIGHT="75" STYLEREFS="font0"/></TextLine><TextLine WIDTH="1037" HEIGHT="75" ID="p799_t73" HPOS="1239" VPOS="927"><String ID="p799_w732" CONTENT="very" HPOS="1239" VPOS="927" WIDTH="77" HEIGHT="75" STYLEREFS="font0"/><SP WIDTH="16" VPOS="927" HPOS="1316"/><String ID="p799_w733" CONTENT="much" HPOS="1332" VPOS="927" WIDTH="97" HEIGHT="75" STYLEREFS="font0"/><SP WIDTH="17" VPOS="927" HPOS="1429"/><String ID="p799_w734" CONTENT="in" HPOS="1446" VPOS="927" WIDTH="32" HEIGHT="75" STYLEREFS="font0"/><SP WIDTH="20" VPOS="927" HPOS="1478"/><String ID="p799_w735" CONTENT="ufe," HPOS="1498" VPOS="927" WIDTH="66" HEIGHT="75" STYLEREFS="font0"/><SP WIDTH="25" VPOS="927" HPOS="1564"/><String ID="p799_w736" CONTENT="as" HPOS="1589" VPOS="927" WIDTH="34" HEIGHT="75" STYLEREFS="font0"/><SP WIDTH="17" VPOS="927" HPOS="1623"/><String ID="p799_w737" CONTENT="being" HPOS="1640" VPOS="927" WIDTH="95" HEIGHT="75" STYLEREFS="font0"/><SP WIDTH="16" VPOS="927" HPOS="1735"/><String ID="p799_w738" CONTENT="free" HPOS="1751" VPOS="927" WIDTH="67" HEIGHT="75" STYLEREFS="font0"/><SP WIDTH="17" VPOS="927" HPOS="1818"/><String ID="p799_w739" CONTENT="of" HPOS="1835" VPOS="927" WIDTH="41" HEIGHT="75" STYLEREFS="font0"/><SP WIDTH="22" VPOS="927" HPOS="1876"/><String ID="p799_w740" CONTENT="either" HPOS="1898" VPOS="927" WIDTH="104" HEIGHT="75" STYLEREFS="font0"/><SP WIDTH="15" VPOS="927" HPOS="2002"/><String ID="p799_w741" CONTENT="extreme." HPOS="2017" VPOS="927" WIDTH="158" HEIGHT="75" STYLEREFS="font0"/><SP WIDTH="50" VPOS="927" HPOS="2175"/><String ID="p799_w742" CONTENT="Its" HPOS="2225" VPOS="927" WIDTH="51" HEIGHT="75" STYLEREFS="font0"/></TextLine><TextLine WIDTH="1034" HEIGHT="75" ID="p799_t74" HPOS="1239" VPOS="974"><String ID="p799_w743" CONTENT="colour" HPOS="1239" VPOS="974" WIDTH="112" HEIGHT="75" STYLEREFS="font0"/><SP WIDTH="26" VPOS="974" HPOS="1351"/><String ID="p799_w744" CONTENT="is" HPOS="1377" VPOS="974" WIDTH="27" HEIGHT="75" STYLEREFS="font0"/><SP WIDTH="25" VPOS="974" HPOS="1404"/><String ID="p799_w745" CONTENT="pleafant," HPOS="1429" VPOS="974" WIDTH="151" HEIGHT="75" STYLEREFS="font0"/><SP WIDTH="33" VPOS="974" HPOS="1580"/><String ID="p799_w746" CONTENT="its" HPOS="1613" VPOS="974" WIDTH="43" HEIGHT="75" STYLEREFS="font0"/><SP WIDTH="25" VPOS="974" HPOS="1656"/><String ID="p799_w747" CONTENT="tafte" HPOS="1681" VPOS="974" WIDTH="77" HEIGHT="75" STYLEREFS="font0"/><SP WIDTH="28" VPOS="974" HPOS="1758"/><String ID="p799_w748" CONTENT="agreeable," HPOS="1786" VPOS="974" WIDTH="178" HEIGHT="75" STYLEREFS="font0"/><SP WIDTH="37" VPOS="974" HPOS="1964"/><String ID="p799_w749" CONTENT="and" HPOS="2001" VPOS="974" WIDTH="63" HEIGHT="75" STYLEREFS="font0"/><SP WIDTH="27" VPOS="974" HPOS="2064"/><String ID="p799_w750" CONTENT="its" HPOS="2091" VPOS="974" WIDTH="41" HEIGHT="75" STYLEREFS="font0"/><SP WIDTH="29" VPOS="974" HPOS="2132"/><String ID="p799_w751" CONTENT="nature" HPOS="2161" VPOS="974" WIDTH="112" HEIGHT="75" STYLEREFS="font0"/></TextLine><TextLine WIDTH="1033" HEIGHT="75" ID="p799_t75" HPOS="1240" VPOS="1019"><String ID="p799_w752" CONTENT="wholefome," HPOS="1240" VPOS="1019" WIDTH="203" HEIGHT="75" STYLEREFS="font0"/><SP WIDTH="26" VPOS="1019" HPOS="1443"/><String ID="p799_w753" CONTENT="which" HPOS="1469" VPOS="1019" WIDTH="106" HEIGHT="75" STYLEREFS="font0"/><SP WIDTH="15" VPOS="1019" HPOS="1575"/><String ID="p799_w754" CONTENT="makes" HPOS="1590" VPOS="1019" WIDTH="110" HEIGHT="75" STYLEREFS="font0"/><SP WIDTH="16" VPOS="1019" HPOS="1700"/><String ID="p799_w755" CONTENT="it" HPOS="1716" VPOS="1019" WIDTH="26" HEIGHT="75" STYLEREFS="font0"/><SP WIDTH="16" VPOS="1019" HPOS="1742"/><String ID="p799_w756" CONTENT="be" HPOS="1758" VPOS="1019" WIDTH="39" HEIGHT="75" STYLEREFS="font0"/><SP WIDTH="18" VPOS="1019" HPOS="1797"/><String ID="p799_w757" CONTENT="preferred" HPOS="1815" VPOS="1019" WIDTH="163" HEIGHT="75" STYLEREFS="font0"/><SP WIDTH="16" VPOS="1019" HPOS="1978"/><String ID="p799_w758" CONTENT="by" HPOS="1994" VPOS="1019" WIDTH="44" HEIGHT="75" STYLEREFS="font0"/><SP WIDTH="17" VPOS="1019" HPOS="2038"/><String ID="p799_w759" CONTENT="many" HPOS="2055" VPOS="1019" WIDTH="95" HEIGHT="75" STYLEREFS="font0"/><SP WIDTH="16" VPOS="1019" HPOS="2150"/><String ID="p799_w760" CONTENT="as" HPOS="2166" VPOS="1019" WIDTH="34" HEIGHT="75" STYLEREFS="font0"/><SP WIDTH="16" VPOS="1019" HPOS="2200"/><String ID="p799_w761" CONTENT="the" HPOS="2216" VPOS="1019" WIDTH="57" HEIGHT="75" STYLEREFS="font0"/></TextLine><TextLine WIDTH="1033" HEIGHT="75" ID="p799_t76" HPOS="1240" VPOS="1067"><String ID="p799_w762" CONTENT="beft" HPOS="1240" VPOS="1067" WIDTH="64" HEIGHT="75" STYLEREFS="font0"/><SP WIDTH="12" VPOS="1067" HPOS="1304"/><String ID="p799_w763" CONTENT="of" HPOS="1316" VPOS="1067" WIDTH="40" HEIGHT="75" STYLEREFS="font0"/><SP WIDTH="12" VPOS="1067" HPOS="1356"/><String ID="p799_w764" CONTENT="malts" HPOS="1368" VPOS="1067" WIDTH="93" HEIGHT="75" STYLEREFS="font0"/><SP WIDTH="12" VPOS="1067" HPOS="1461"/><String ID="p799_w765" CONTENT=";" HPOS="1473" VPOS="1067" WIDTH="11" HEIGHT="75" STYLEREFS="font0"/><SP WIDTH="27" VPOS="1067" HPOS="1484"/><String ID="p799_w766" CONTENT="this" HPOS="1511" VPOS="1067" WIDTH="63" HEIGHT="75" STYLEREFS="font0"/><SP WIDTH="17" VPOS="1067" HPOS="1574"/><String ID="p799_w767" CONTENT="by" HPOS="1591" VPOS="1067" WIDTH="44" HEIGHT="75" STYLEREFS="font0"/><SP WIDTH="12" VPOS="1067" HPOS="1635"/><String ID="p799_w768" CONTENT="fome" HPOS="1647" VPOS="1067" WIDTH="84" HEIGHT="75" STYLEREFS="font0"/><SP WIDTH="18" VPOS="1067" HPOS="1731"/><String ID="p799_w769" CONTENT="is" HPOS="1749" VPOS="1067" WIDTH="26" HEIGHT="75" STYLEREFS="font0"/><SP WIDTH="13" VPOS="1067" HPOS="1775"/><String ID="p799_w770" CONTENT="brewed" HPOS="1788" VPOS="1067" WIDTH="128" HEIGHT="75" STYLEREFS="font0"/><SP WIDTH="15" VPOS="1067" HPOS="1916"/><String ID="p799_w771" CONTENT="either" HPOS="1931" VPOS="1067" WIDTH="101" HEIGHT="75" STYLEREFS="font0"/><SP WIDTH="14" VPOS="1067" HPOS="2032"/><String ID="p799_w772" CONTENT="with" HPOS="2046" VPOS="1067" WIDTH="78" HEIGHT="75" STYLEREFS="font0"/><SP WIDTH="15" VPOS="1067" HPOS="2124"/><String ID="p799_w773" CONTENT="hard" HPOS="2139" VPOS="1067" WIDTH="84" HEIGHT="75" STYLEREFS="font0"/><SP WIDTH="11" VPOS="1067" HPOS="2223"/><String ID="p799_w774" CONTENT="or" HPOS="2234" VPOS="1067" WIDTH="39" HEIGHT="75" STYLEREFS="font0"/></TextLine><TextLine WIDTH="616" HEIGHT="75" ID="p799_t77" HPOS="1239" VPOS="1113"><String ID="p799_w775" CONTENT="foft" HPOS="1239" VPOS="1113" WIDTH="65" HEIGHT="75" STYLEREFS="font0"/><SP WIDTH="16" VPOS="1113" HPOS="1304"/><String ID="p799_w776" CONTENT="waters," HPOS="1320" VPOS="1113" WIDTH="126" HEIGHT="75" STYLEREFS="font0"/><SP WIDTH="25" VPOS="1113" HPOS="1446"/><String ID="p799_w777" CONTENT="or" HPOS="1471" VPOS="1113" WIDTH="38" HEIGHT="75" STYLEREFS="font0"/><SP WIDTH="16" VPOS="1113" HPOS="1509"/><String ID="p799_w778" CONTENT="a" HPOS="1525" VPOS="1113" WIDTH="18" HEIGHT="75" STYLEREFS="font0"/><SP WIDTH="15" VPOS="1113" HPOS="1543"/><String ID="p799_w779" CONTENT="mixture" HPOS="1558" VPOS="1113" WIDTH="142" HEIGHT="75" STYLEREFS="font0"/><SP WIDTH="12" VPOS="1113" HPOS="1700"/><String ID="p799_w780" CONTENT="of" HPOS="1712" VPOS="1113" WIDTH="40" HEIGHT="75" STYLEREFS="font0"/><SP WIDTH="11" VPOS="1113" HPOS="1752"/><String ID="p799_w781" CONTENT="both." HPOS="1763" VPOS="1113" WIDTH="92" HEIGHT="75" STYLEREFS="font0"/></TextLine><TextLine WIDTH="985" HEIGHT="75" ID="p799_t78" HPOS="1285" VPOS="1160"><String ID="p799_w782" CONTENT="The" HPOS="1285" VPOS="1160" WIDTH="76" HEIGHT="75" STYLEREFS="font0"/><SP WIDTH="14" VPOS="1160" HPOS="1361"/><String ID="p799_w783" CONTENT="brown" HPOS="1375" VPOS="1160" WIDTH="114" HEIGHT="75" STYLEREFS="font0"/><SP WIDTH="13" VPOS="1160" HPOS="1489"/><String ID="p799_w784" CONTENT="malt" HPOS="1502" VPOS="1160" WIDTH="78" HEIGHT="75" STYLEREFS="font0"/><SP WIDTH="11" VPOS="1160" HPOS="1580"/><String ID="p799_w785" CONTENT="is" HPOS="1591" VPOS="1160" WIDTH="28" HEIGHT="75" STYLEREFS="font0"/><SP WIDTH="13" VPOS="1160" HPOS="1619"/><String ID="p799_w786" CONTENT="the" HPOS="1632" VPOS="1160" WIDTH="55" HEIGHT="75" STYLEREFS="font0"/><SP WIDTH="12" VPOS="1160" HPOS="1687"/><String ID="p799_w787" CONTENT="fooneft" HPOS="1699" VPOS="1160" WIDTH="120" HEIGHT="75" STYLEREFS="font0"/><SP WIDTH="13" VPOS="1160" HPOS="1819"/><String ID="p799_w788" CONTENT="and" HPOS="1832" VPOS="1160" WIDTH="61" HEIGHT="75" STYLEREFS="font0"/><SP WIDTH="12" VPOS="1160" HPOS="1893"/><String ID="p799_w789" CONTENT="higheft" HPOS="1905" VPOS="1160" WIDTH="123" HEIGHT="75" STYLEREFS="font0"/><SP WIDTH="11" VPOS="1160" HPOS="2028"/><String ID="p799_w790" CONTENT="dried" HPOS="2039" VPOS="1160" WIDTH="91" HEIGHT="75" STYLEREFS="font0"/><SP WIDTH="13" VPOS="1160" HPOS="2130"/><String ID="p799_w791" CONTENT="of" HPOS="2143" VPOS="1160" WIDTH="41" HEIGHT="75" STYLEREFS="font0"/><SP WIDTH="11" VPOS="1160" HPOS="2184"/><String ID="p799_w792" CONTENT="any," HPOS="2195" VPOS="1160" WIDTH="75" HEIGHT="75" STYLEREFS="font0"/></TextLine><TextLine WIDTH="1036" HEIGHT="75" ID="p799_t79" HPOS="1241" VPOS="1205"><String ID="p799_w793" CONTENT="even" HPOS="1241" VPOS="1205" WIDTH="77" HEIGHT="75" STYLEREFS="font0"/><SP WIDTH="18" VPOS="1205" HPOS="1318"/><String ID="p799_w794" CONTENT="till" HPOS="1336" VPOS="1205" WIDTH="49" HEIGHT="75" STYLEREFS="font0"/><SP WIDTH="16" VPOS="1205" HPOS="1385"/><String ID="p799_w795" CONTENT="it" HPOS="1401" VPOS="1205" WIDTH="25" HEIGHT="75" STYLEREFS="font0"/><SP WIDTH="17" VPOS="1205" HPOS="1426"/><String ID="p799_w796" CONTENT="is" HPOS="1443" VPOS="1205" WIDTH="27" HEIGHT="75" STYLEREFS="font0"/><SP WIDTH="28" VPOS="1205" HPOS="1470"/><String ID="p799_w797" CONTENT="fo" HPOS="1498" VPOS="1205" WIDTH="34" HEIGHT="75" STYLEREFS="font0"/><SP WIDTH="15" VPOS="1205" HPOS="1532"/><String ID="p799_w798" CONTENT="hard," HPOS="1547" VPOS="1205" WIDTH="92" HEIGHT="75" STYLEREFS="font0"/><SP WIDTH="27" VPOS="1205" HPOS="1639"/><String ID="p799_w799" CONTENT="that" HPOS="1666" VPOS="1205" WIDTH="72" HEIGHT="75" STYLEREFS="font0"/><SP WIDTH="16" VPOS="1205" HPOS="1738"/><String ID="p799_w800" CONTENT="it" HPOS="1754" VPOS="1205" WIDTH="26" HEIGHT="75" STYLEREFS="font0"/><SP WIDTH="15" VPOS="1205" HPOS="1780"/><String ID="p799_w801" CONTENT="is" HPOS="1795" VPOS="1205" WIDTH="27" HEIGHT="75" STYLEREFS="font0"/><SP WIDTH="17" VPOS="1205" HPOS="1822"/><String ID="p799_w802" CONTENT="difficult" HPOS="1839" VPOS="1205" WIDTH="136" HEIGHT="75" STYLEREFS="font0"/><SP WIDTH="23" VPOS="1205" HPOS="1975"/><String ID="p799_w803" CONTENT="to" HPOS="1998" VPOS="1205" WIDTH="36" HEIGHT="75" STYLEREFS="font0"/><SP WIDTH="18" VPOS="1205" HPOS="2034"/><String ID="p799_w804" CONTENT="bite" HPOS="2052" VPOS="1205" WIDTH="66" HEIGHT="75" STYLEREFS="font0"/><SP WIDTH="15" VPOS="1205" HPOS="2118"/><String ID="p799_w805" CONTENT="fome" HPOS="2133" VPOS="1205" WIDTH="85" HEIGHT="75" STYLEREFS="font0"/><SP WIDTH="18" VPOS="1205" HPOS="2218"/><String ID="p799_w806" CONTENT="of" HPOS="2236" VPOS="1205" WIDTH="41" HEIGHT="75" STYLEREFS="font0"/></TextLine><TextLine WIDTH="1031" HEIGHT="75" ID="p799_t80" HPOS="1240" VPOS="1252"><String ID="p799_w807" CONTENT="its" HPOS="1240" VPOS="1252" WIDTH="41" HEIGHT="75" STYLEREFS="font0"/><SP WIDTH="18" VPOS="1252" HPOS="1281"/><String ID="p799_w808" CONTENT="corns" HPOS="1299" VPOS="1252" WIDTH="92" HEIGHT="75" STYLEREFS="font0"/><SP WIDTH="17" VPOS="1252" HPOS="1391"/><String ID="p799_w809" CONTENT="afunder." HPOS="1408" VPOS="1252" WIDTH="145" HEIGHT="75" STYLEREFS="font0"/><SP WIDTH="33" VPOS="1252" HPOS="1553"/><String ID="p799_w810" CONTENT="This" HPOS="1586" VPOS="1252" WIDTH="86" HEIGHT="75" STYLEREFS="font0"/><SP WIDTH="17" VPOS="1252" HPOS="1672"/><String ID="p799_w811" CONTENT="malt," HPOS="1689" VPOS="1252" WIDTH="90" HEIGHT="75" STYLEREFS="font0"/><SP WIDTH="19" VPOS="1252" HPOS="1779"/><String ID="p799_w812" CONTENT="by" HPOS="1798" VPOS="1252" WIDTH="41" HEIGHT="75" STYLEREFS="font0"/><SP WIDTH="13" VPOS="1252" HPOS="1839"/><String ID="p799_w813" CONTENT="fome," HPOS="1852" VPOS="1252" WIDTH="98" HEIGHT="75" STYLEREFS="font0"/><SP WIDTH="17" VPOS="1252" HPOS="1950"/><String ID="p799_w814" CONTENT="is" HPOS="1967" VPOS="1252" WIDTH="26" HEIGHT="75" STYLEREFS="font0"/><SP WIDTH="18" VPOS="1252" HPOS="1993"/><String ID="p799_w815" CONTENT="thought" HPOS="2011" VPOS="1252" WIDTH="139" HEIGHT="75" STYLEREFS="font0"/><SP WIDTH="17" VPOS="1252" HPOS="2150"/><String ID="p799_w816" CONTENT="to" HPOS="2167" VPOS="1252" WIDTH="37" HEIGHT="75" STYLEREFS="font0"/><SP WIDTH="10" VPOS="1252" HPOS="2204"/><String ID="p799_w817" CONTENT="oc-" HPOS="2214" VPOS="1252" WIDTH="57" HEIGHT="75" STYLEREFS="font0"/></TextLine><TextLine WIDTH="1028" HEIGHT="75" ID="p799_t81" HPOS="1239" VPOS="1299"><String ID="p799_w818" CONTENT="cafion" HPOS="1239" VPOS="1299" WIDTH="102" HEIGHT="75" STYLEREFS="font0"/><SP WIDTH="17" VPOS="1299" HPOS="1341"/><String ID="p799_w819" CONTENT="the" HPOS="1358" VPOS="1299" WIDTH="54" HEIGHT="75" STYLEREFS="font0"/><SP WIDTH="13" VPOS="1299" HPOS="1412"/><String ID="p799_w820" CONTENT="gravel" HPOS="1425" VPOS="1299" WIDTH="106" HEIGHT="75" STYLEREFS="font0"/><SP WIDTH="18" VPOS="1299" HPOS="1531"/><String ID="p799_w821" CONTENT="or" HPOS="1549" VPOS="1299" WIDTH="37" HEIGHT="75" STYLEREFS="font0"/><SP WIDTH="16" VPOS="1299" HPOS="1586"/><String ID="p799_w822" CONTENT="ftone," HPOS="1602" VPOS="1299" WIDTH="100" HEIGHT="75" STYLEREFS="font0"/><SP WIDTH="25" VPOS="1299" HPOS="1702"/><String ID="p799_w823" CONTENT="and" HPOS="1727" VPOS="1299" WIDTH="61" HEIGHT="75" STYLEREFS="font0"/><SP WIDTH="17" VPOS="1299" HPOS="1788"/><String ID="p799_w824" CONTENT="is" HPOS="1805" VPOS="1299" WIDTH="26" HEIGHT="75" STYLEREFS="font0"/><SP WIDTH="18" VPOS="1299" HPOS="1831"/><String ID="p799_w825" CONTENT="by" HPOS="1849" VPOS="1299" WIDTH="42" HEIGHT="75" STYLEREFS="font0"/><SP WIDTH="13" VPOS="1299" HPOS="1891"/><String ID="p799_w826" CONTENT="its" HPOS="1904" VPOS="1299" WIDTH="42" HEIGHT="75" STYLEREFS="font0"/><SP WIDTH="19" VPOS="1299" HPOS="1946"/><String ID="p799_w827" CONTENT="fteely" HPOS="1965" VPOS="1299" WIDTH="96" HEIGHT="75" STYLEREFS="font0"/><SP WIDTH="17" VPOS="1299" HPOS="2061"/><String ID="p799_w828" CONTENT="nature" HPOS="2078" VPOS="1299" WIDTH="112" HEIGHT="75" STYLEREFS="font0"/><SP WIDTH="16" VPOS="1299" HPOS="2190"/><String ID="p799_w829" CONTENT="Ids" HPOS="2206" VPOS="1299" WIDTH="61" HEIGHT="75" STYLEREFS="font0"/></TextLine><TextLine WIDTH="1034" HEIGHT="75" ID="p799_t82" HPOS="1238" VPOS="1345"><String ID="p799_w830" CONTENT="nourilhing" HPOS="1238" VPOS="1345" WIDTH="181" HEIGHT="75" STYLEREFS="font0"/><SP WIDTH="26" VPOS="1345" HPOS="1419"/><String ID="p799_w831" CONTENT="than" HPOS="1445" VPOS="1345" WIDTH="77" HEIGHT="75" STYLEREFS="font0"/><SP WIDTH="28" VPOS="1345" HPOS="1522"/><String ID="p799_w832" CONTENT="the" HPOS="1550" VPOS="1345" WIDTH="56" HEIGHT="75" STYLEREFS="font0"/><SP WIDTH="28" VPOS="1345" HPOS="1606"/><String ID="p799_w833" CONTENT="pale" HPOS="1634" VPOS="1345" WIDTH="70" HEIGHT="75" STYLEREFS="font0"/><SP WIDTH="28" VPOS="1345" HPOS="1704"/><String ID="p799_w834" CONTENT="or" HPOS="1732" VPOS="1345" WIDTH="35" HEIGHT="75" STYLEREFS="font0"/><SP WIDTH="31" VPOS="1345" HPOS="1767"/><String ID="p799_w835" CONTENT="amber" HPOS="1798" VPOS="1345" WIDTH="107" HEIGHT="75" STYLEREFS="font0"/><SP WIDTH="18" VPOS="1345" HPOS="1905"/><String ID="p799_w836" CONTENT="malts," HPOS="1923" VPOS="1345" WIDTH="107" HEIGHT="75" STYLEREFS="font0"/><SP WIDTH="37" VPOS="1345" HPOS="2030"/><String ID="p799_w837" CONTENT="being" HPOS="2067" VPOS="1345" WIDTH="95" HEIGHT="75" STYLEREFS="font0"/><SP WIDTH="31" VPOS="1345" HPOS="2162"/><String ID="p799_w838" CONTENT="very" HPOS="2193" VPOS="1345" WIDTH="79" HEIGHT="75" STYLEREFS="font0"/></TextLine><TextLine WIDTH="1033" HEIGHT="75" ID="p799_t83" HPOS="1237" VPOS="1391"><String ID="p799_w839" CONTENT="much" HPOS="1237" VPOS="1391" WIDTH="95" HEIGHT="75" STYLEREFS="font0"/><SP WIDTH="28" VPOS="1391" HPOS="1332"/><String ID="p799_w840" CONTENT="impregnated" HPOS="1360" VPOS="1391" WIDTH="218" HEIGHT="75" STYLEREFS="font0"/><SP WIDTH="27" VPOS="1391" HPOS="1578"/><String ID="p799_w841" CONTENT="with" HPOS="1605" VPOS="1391" WIDTH="80" HEIGHT="75" STYLEREFS="font0"/><SP WIDTH="24" VPOS="1391" HPOS="1685"/><String ID="p799_w842" CONTENT="the" HPOS="1709" VPOS="1391" WIDTH="56" HEIGHT="75" STYLEREFS="font0"/><SP WIDTH="17" VPOS="1391" HPOS="1765"/><String ID="p799_w843" CONTENT="fiery" HPOS="1782" VPOS="1391" WIDTH="78" HEIGHT="75" STYLEREFS="font0"/><SP WIDTH="23" VPOS="1391" HPOS="1860"/><String ID="p799_w844" CONTENT="particles" HPOS="1883" VPOS="1391" WIDTH="147" HEIGHT="75" STYLEREFS="font0"/><SP WIDTH="17" VPOS="1391" HPOS="2030"/><String ID="p799_w845" CONTENT="of" HPOS="2047" VPOS="1391" WIDTH="41" HEIGHT="75" STYLEREFS="font0"/><SP WIDTH="17" VPOS="1391" HPOS="2088"/><String ID="p799_w846" CONTENT="the" HPOS="2105" VPOS="1391" WIDTH="53" HEIGHT="75" STYLEREFS="font0"/><SP WIDTH="29" VPOS="1391" HPOS="2158"/><String ID="p799_w847" CONTENT="kiln," HPOS="2187" VPOS="1391" WIDTH="83" HEIGHT="75" STYLEREFS="font0"/></TextLine><TextLine WIDTH="1033" HEIGHT="75" ID="p799_t84" HPOS="1238" VPOS="1437"><String ID="p799_w848" CONTENT="and" HPOS="1238" VPOS="1437" WIDTH="62" HEIGHT="75" STYLEREFS="font0"/><SP WIDTH="27" VPOS="1437" HPOS="1300"/><String ID="p799_w849" CONTENT="therefore" HPOS="1327" VPOS="1437" WIDTH="162" HEIGHT="75" STYLEREFS="font0"/><SP WIDTH="26" VPOS="1437" HPOS="1489"/><String ID="p799_w850" CONTENT="its" HPOS="1515" VPOS="1437" WIDTH="42" HEIGHT="75" STYLEREFS="font0"/><SP WIDTH="17" VPOS="1437" HPOS="1557"/><String ID="p799_w851" CONTENT="drink" HPOS="1574" VPOS="1437" WIDTH="94" HEIGHT="75" STYLEREFS="font0"/><SP WIDTH="24" VPOS="1437" HPOS="1668"/><String ID="p799_w852" CONTENT="fooner" HPOS="1692" VPOS="1437" WIDTH="111" HEIGHT="75" STYLEREFS="font0"/><SP WIDTH="28" VPOS="1437" HPOS="1803"/><String ID="p799_w853" CONTENT="becomes" HPOS="1831" VPOS="1437" WIDTH="145" HEIGHT="75" STYLEREFS="font0"/><SP WIDTH="25" VPOS="1437" HPOS="1976"/><String ID="p799_w854" CONTENT="ftiarp" HPOS="2001" VPOS="1437" WIDTH="90" HEIGHT="75" STYLEREFS="font0"/><SP WIDTH="17" VPOS="1437" HPOS="2091"/><String ID="p799_w855" CONTENT="and" HPOS="2108" VPOS="1437" WIDTH="61" HEIGHT="75" STYLEREFS="font0"/><SP WIDTH="30" VPOS="1437" HPOS="2169"/><String ID="p799_w856" CONTENT="acid" HPOS="2199" VPOS="1437" WIDTH="72" HEIGHT="75" STYLEREFS="font0"/></TextLine><TextLine WIDTH="1030" HEIGHT="75" ID="p799_t85" HPOS="1238" VPOS="1482"><String ID="p799_w857" CONTENT="than" HPOS="1238" VPOS="1482" WIDTH="76" HEIGHT="75" STYLEREFS="font0"/><SP WIDTH="16" VPOS="1482" HPOS="1314"/><String ID="p799_w858" CONTENT="that" HPOS="1330" VPOS="1482" WIDTH="71" HEIGHT="75" STYLEREFS="font0"/><SP WIDTH="18" VPOS="1482" HPOS="1401"/><String ID="p799_w859" CONTENT="made" HPOS="1419" VPOS="1482" WIDTH="93" HEIGHT="75" STYLEREFS="font0"/><SP WIDTH="13" VPOS="1482" HPOS="1512"/><String ID="p799_w860" CONTENT="from" HPOS="1525" VPOS="1482" WIDTH="82" HEIGHT="75" STYLEREFS="font0"/><SP WIDTH="18" VPOS="1482" HPOS="1607"/><String ID="p799_w861" CONTENT="the" HPOS="1625" VPOS="1482" WIDTH="55" HEIGHT="75" STYLEREFS="font0"/><SP WIDTH="17" VPOS="1482" HPOS="1680"/><String ID="p799_w862" CONTENT="pale" HPOS="1697" VPOS="1482" WIDTH="70" HEIGHT="75" STYLEREFS="font0"/><SP WIDTH="16" VPOS="1482" HPOS="1767"/><String ID="p799_w863" CONTENT="or" HPOS="1783" VPOS="1482" WIDTH="37" HEIGHT="75" STYLEREFS="font0"/><SP WIDTH="17" VPOS="1482" HPOS="1820"/><String ID="p799_w864" CONTENT="amber" HPOS="1837" VPOS="1482" WIDTH="109" HEIGHT="75" STYLEREFS="font0"/><SP WIDTH="15" VPOS="1482" HPOS="1946"/><String ID="p799_w865" CONTENT="forts," HPOS="1961" VPOS="1482" WIDTH="93" HEIGHT="75" STYLEREFS="font0"/><SP WIDTH="25" VPOS="1482" HPOS="2054"/><String ID="p799_w866" CONTENT="if" HPOS="2079" VPOS="1482" WIDTH="29" HEIGHT="75" STYLEREFS="font0"/><SP WIDTH="11" VPOS="1482" HPOS="2108"/><String ID="p799_w867" CONTENT="they" HPOS="2119" VPOS="1482" WIDTH="78" HEIGHT="75" STYLEREFS="font0"/><SP WIDTH="16" VPOS="1482" HPOS="2197"/><String ID="p799_w868" CONTENT="are" HPOS="2213" VPOS="1482" WIDTH="55" HEIGHT="75" STYLEREFS="font0"/></TextLine><TextLine WIDTH="1030" HEIGHT="75" ID="p799_t86" HPOS="1238" VPOS="1529"><String ID="p799_w869" CONTENT="all" HPOS="1238" VPOS="1529" WIDTH="41" HEIGHT="75" STYLEREFS="font0"/><SP WIDTH="27" VPOS="1529" HPOS="1279"/><String ID="p799_w870" CONTENT="fairly" HPOS="1306" VPOS="1529" WIDTH="96" HEIGHT="75" STYLEREFS="font0"/><SP WIDTH="16" VPOS="1529" HPOS="1402"/><String ID="p799_w871" CONTENT="brewed:" HPOS="1418" VPOS="1529" WIDTH="151" HEIGHT="75" STYLEREFS="font0"/><SP WIDTH="26" VPOS="1529" HPOS="1569"/><String ID="p799_w872" CONTENT="For" HPOS="1595" VPOS="1529" WIDTH="67" HEIGHT="75" STYLEREFS="font0"/><SP WIDTH="17" VPOS="1529" HPOS="1662"/><String ID="p799_w873" CONTENT="this" HPOS="1679" VPOS="1529" WIDTH="63" HEIGHT="75" STYLEREFS="font0"/><SP WIDTH="26" VPOS="1529" HPOS="1742"/><String ID="p799_w874" CONTENT="reafon" HPOS="1768" VPOS="1529" WIDTH="110" HEIGHT="75" STYLEREFS="font0"/><SP WIDTH="22" VPOS="1529" HPOS="1878"/><String ID="p799_w875" CONTENT="the" HPOS="1900" VPOS="1529" WIDTH="55" HEIGHT="75" STYLEREFS="font0"/><SP WIDTH="18" VPOS="1529" HPOS="1955"/><String ID="p799_w876" CONTENT="London" HPOS="1973" VPOS="1529" WIDTH="139" HEIGHT="75" STYLEREFS="font0"/><SP WIDTH="17" VPOS="1529" HPOS="2112"/><String ID="p799_w877" CONTENT="brewers" HPOS="2129" VPOS="1529" WIDTH="139" HEIGHT="75" STYLEREFS="font0"/></TextLine><TextLine WIDTH="1031" HEIGHT="75" ID="p799_t87" HPOS="1237" VPOS="1576"><String ID="p799_w878" CONTENT="moftly" HPOS="1237" VPOS="1576" WIDTH="113" HEIGHT="75" STYLEREFS="font0"/><SP WIDTH="16" VPOS="1576" HPOS="1350"/><String ID="p799_w879" CONTENT="ufe" HPOS="1366" VPOS="1576" WIDTH="53" HEIGHT="75" STYLEREFS="font0"/><SP WIDTH="25" VPOS="1576" HPOS="1419"/><String ID="p799_w880" CONTENT="the" HPOS="1444" VPOS="1576" WIDTH="55" HEIGHT="75" STYLEREFS="font0"/><SP WIDTH="27" VPOS="1576" HPOS="1499"/><String ID="p799_w881" CONTENT="Thames" HPOS="1526" VPOS="1576" WIDTH="146" HEIGHT="75" STYLEREFS="font0"/><SP WIDTH="24" VPOS="1576" HPOS="1672"/><String ID="p799_w882" CONTENT="or," HPOS="1696" VPOS="1576" WIDTH="46" HEIGHT="75" STYLEREFS="font0"/><SP WIDTH="9" VPOS="1576" HPOS="1742"/><String ID="p799_w883" CONTENT="New" HPOS="1751" VPOS="1576" WIDTH="86" HEIGHT="75" STYLEREFS="font0"/><SP WIDTH="27" VPOS="1576" HPOS="1837"/><String ID="p799_w884" CONTENT="River" HPOS="1864" VPOS="1576" WIDTH="102" HEIGHT="75" STYLEREFS="font0"/><SP WIDTH="20" VPOS="1576" HPOS="1966"/><String ID="p799_w885" CONTENT="waters" HPOS="1986" VPOS="1576" WIDTH="115" HEIGHT="75" STYLEREFS="font0"/><SP WIDTH="22" VPOS="1576" HPOS="2101"/><String ID="p799_w886" CONTENT="to" HPOS="2123" VPOS="1576" WIDTH="37" HEIGHT="75" STYLEREFS="font0"/><SP WIDTH="20" VPOS="1576" HPOS="2160"/><String ID="p799_w887" CONTENT="brew" HPOS="2180" VPOS="1576" WIDTH="88" HEIGHT="75" STYLEREFS="font0"/></TextLine><TextLine WIDTH="1032" HEIGHT="75" ID="p799_t88" HPOS="1237" VPOS="1621"><String ID="p799_w888" CONTENT="this" HPOS="1237" VPOS="1621" WIDTH="63" HEIGHT="75" STYLEREFS="font0"/><SP WIDTH="24" VPOS="1621" HPOS="1300"/><String ID="p799_w889" CONTENT="malt" HPOS="1324" VPOS="1621" WIDTH="78" HEIGHT="75" STYLEREFS="font0"/><SP WIDTH="16" VPOS="1621" HPOS="1402"/><String ID="p799_w890" CONTENT="with," HPOS="1418" VPOS="1621" WIDTH="91" HEIGHT="75" STYLEREFS="font0"/><SP WIDTH="25" VPOS="1621" HPOS="1509"/><String ID="p799_w891" CONTENT="for" HPOS="1534" VPOS="1621" WIDTH="52" HEIGHT="75" STYLEREFS="font0"/><SP WIDTH="15" VPOS="1621" HPOS="1586"/><String ID="p799_w892" CONTENT="the" HPOS="1601" VPOS="1621" WIDTH="56" HEIGHT="75" STYLEREFS="font0"/><SP WIDTH="16" VPOS="1621" HPOS="1657"/><String ID="p799_w893" CONTENT="fake" HPOS="1673" VPOS="1621" WIDTH="73" HEIGHT="75" STYLEREFS="font0"/><SP WIDTH="16" VPOS="1621" HPOS="1746"/><String ID="p799_w894" CONTENT="of" HPOS="1762" VPOS="1621" WIDTH="40" HEIGHT="75" STYLEREFS="font0"/><SP WIDTH="19" VPOS="1621" HPOS="1802"/><String ID="p799_w895" CONTENT="its" HPOS="1821" VPOS="1621" WIDTH="42" HEIGHT="75" STYLEREFS="font0"/><SP WIDTH="17" VPOS="1621" HPOS="1863"/><String ID="p799_w896" CONTENT="loft" HPOS="1880" VPOS="1621" WIDTH="64" HEIGHT="75" STYLEREFS="font0"/><SP WIDTH="23" VPOS="1621" HPOS="1944"/><String ID="p799_w897" CONTENT="nature," HPOS="1967" VPOS="1621" WIDTH="125" HEIGHT="75" STYLEREFS="font0"/><SP WIDTH="25" VPOS="1621" HPOS="2092"/><String ID="p799_w898" CONTENT="whereby" HPOS="2117" VPOS="1621" WIDTH="152" HEIGHT="75" STYLEREFS="font0"/></TextLine><TextLine WIDTH="1039" HEIGHT="75" ID="p799_t89" HPOS="1235" VPOS="1667"><String ID="p799_w899" CONTENT="it" HPOS="1235" VPOS="1667" WIDTH="26" HEIGHT="75" STYLEREFS="font0"/><SP WIDTH="17" VPOS="1667" HPOS="1261"/><String ID="p799_w900" CONTENT="agrees" HPOS="1278" VPOS="1667" WIDTH="110" HEIGHT="75" STYLEREFS="font0"/><SP WIDTH="16" VPOS="1667" HPOS="1388"/><String ID="p799_w901" CONTENT="with" HPOS="1404" VPOS="1667" WIDTH="78" HEIGHT="75" STYLEREFS="font0"/><SP WIDTH="17" VPOS="1667" HPOS="1482"/><String ID="p799_w902" CONTENT="the" HPOS="1499" VPOS="1667" WIDTH="55" HEIGHT="75" STYLEREFS="font0"/><SP WIDTH="16" VPOS="1667" HPOS="1554"/><String ID="p799_w903" CONTENT="harfli" HPOS="1570" VPOS="1667" WIDTH="92" HEIGHT="75" STYLEREFS="font0"/><SP WIDTH="17" VPOS="1667" HPOS="1662"/><String ID="p799_w904" CONTENT="qualities" HPOS="1679" VPOS="1667" WIDTH="148" HEIGHT="75" STYLEREFS="font0"/><SP WIDTH="26" VPOS="1667" HPOS="1827"/><String ID="p799_w905" CONTENT="of" HPOS="1853" VPOS="1667" WIDTH="40" HEIGHT="75" STYLEREFS="font0"/><SP WIDTH="11" VPOS="1667" HPOS="1893"/><String ID="p799_w906" CONTENT="it" HPOS="1904" VPOS="1667" WIDTH="25" HEIGHT="75" STYLEREFS="font0"/><SP WIDTH="17" VPOS="1667" HPOS="1929"/><String ID="p799_w907" CONTENT="better" HPOS="1946" VPOS="1667" WIDTH="104" HEIGHT="75" STYLEREFS="font0"/><SP WIDTH="17" VPOS="1667" HPOS="2050"/><String ID="p799_w908" CONTENT="than" HPOS="2067" VPOS="1667" WIDTH="75" HEIGHT="75" STYLEREFS="font0"/><SP WIDTH="19" VPOS="1667" HPOS="2142"/><String ID="p799_w909" CONTENT="any" HPOS="2161" VPOS="1667" WIDTH="60" HEIGHT="75" STYLEREFS="font0"/><SP WIDTH="12" VPOS="1667" HPOS="2221"/><String ID="p799_w910" CONTENT="of" HPOS="2233" VPOS="1667" WIDTH="41" HEIGHT="75" STYLEREFS="font0"/></TextLine><TextLine WIDTH="1030" HEIGHT="75" ID="p799_t90" HPOS="1235" VPOS="1714"><String ID="p799_w911" CONTENT="the" HPOS="1235" VPOS="1714" WIDTH="54" HEIGHT="75" STYLEREFS="font0"/><SP WIDTH="29" VPOS="1714" HPOS="1289"/><String ID="p799_w912" CONTENT="well" HPOS="1318" VPOS="1714" WIDTH="72" HEIGHT="75" STYLEREFS="font0"/><SP WIDTH="24" VPOS="1714" HPOS="1390"/><String ID="p799_w913" CONTENT="or" HPOS="1414" VPOS="1714" WIDTH="38" HEIGHT="75" STYLEREFS="font0"/><SP WIDTH="16" VPOS="1714" HPOS="1452"/><String ID="p799_w914" CONTENT="other" HPOS="1468" VPOS="1714" WIDTH="93" HEIGHT="75" STYLEREFS="font0"/><SP WIDTH="16" VPOS="1714" HPOS="1561"/><String ID="p799_w915" CONTENT="hard" HPOS="1577" VPOS="1714" WIDTH="80" HEIGHT="75" STYLEREFS="font0"/><SP WIDTH="28" VPOS="1714" HPOS="1657"/><String ID="p799_w916" CONTENT="forts," HPOS="1685" VPOS="1714" WIDTH="95" HEIGHT="75" STYLEREFS="font0"/><SP WIDTH="25" VPOS="1714" HPOS="1780"/><String ID="p799_w917" CONTENT="and" HPOS="1805" VPOS="1714" WIDTH="63" HEIGHT="75" STYLEREFS="font0"/><SP WIDTH="25" VPOS="1714" HPOS="1868"/><String ID="p799_w918" CONTENT="makes" HPOS="1893" VPOS="1714" WIDTH="108" HEIGHT="75" STYLEREFS="font0"/><SP WIDTH="25" VPOS="1714" HPOS="2001"/><String ID="p799_w919" CONTENT="a" HPOS="2026" VPOS="1714" WIDTH="18" HEIGHT="75" STYLEREFS="font0"/><SP WIDTH="15" VPOS="1714" HPOS="2044"/><String ID="p799_w920" CONTENT="lufcious" HPOS="2059" VPOS="1714" WIDTH="137" HEIGHT="75" STYLEREFS="font0"/><SP WIDTH="21" VPOS="1714" HPOS="2196"/><String ID="p799_w921" CONTENT="ale" HPOS="2217" VPOS="1714" WIDTH="48" HEIGHT="75" STYLEREFS="font0"/></TextLine><TextLine WIDTH="1033" HEIGHT="75" ID="p799_t91" HPOS="1234" VPOS="1760"><String ID="p799_w922" CONTENT="for" HPOS="1234" VPOS="1760" WIDTH="51" HEIGHT="75" STYLEREFS="font0"/><SP WIDTH="13" VPOS="1760" HPOS="1285"/><String ID="p799_w923" CONTENT="a" HPOS="1298" VPOS="1760" WIDTH="17" HEIGHT="75" STYLEREFS="font0"/><SP WIDTH="12" VPOS="1760" HPOS="1315"/><String ID="p799_w924" CONTENT="little" HPOS="1327" VPOS="1760" WIDTH="84" HEIGHT="75" STYLEREFS="font0"/><SP WIDTH="14" VPOS="1760" HPOS="1411"/><String ID="p799_w925" CONTENT="while," HPOS="1425" VPOS="1760" WIDTH="106" HEIGHT="75" STYLEREFS="font0"/><SP WIDTH="18" VPOS="1760" HPOS="1531"/><String ID="p799_w926" CONTENT="and" HPOS="1549" VPOS="1760" WIDTH="63" HEIGHT="75" STYLEREFS="font0"/><SP WIDTH="16" VPOS="1760" HPOS="1612"/><String ID="p799_w927" CONTENT="abut-beer," HPOS="1628" VPOS="1760" WIDTH="192" HEIGHT="75" STYLEREFS="font0"/><SP WIDTH="17" VPOS="1760" HPOS="1820"/><String ID="p799_w928" CONTENT="or" HPOS="1837" VPOS="1760" WIDTH="37" HEIGHT="75" STYLEREFS="font0"/><SP WIDTH="12" VPOS="1760" HPOS="1874"/><String ID="p799_w929" CONTENT="porter," HPOS="1886" VPOS="1760" WIDTH="122" HEIGHT="75" STYLEREFS="font0"/><SP WIDTH="17" VPOS="1760" HPOS="2008"/><String ID="p799_w930" CONTENT="that" HPOS="2025" VPOS="1760" WIDTH="71" HEIGHT="75" STYLEREFS="font0"/><SP WIDTH="11" VPOS="1760" HPOS="2096"/><String ID="p799_w931" CONTENT="will" HPOS="2107" VPOS="1760" WIDTH="64" HEIGHT="75" STYLEREFS="font0"/><SP WIDTH="14" VPOS="1760" HPOS="2171"/><String ID="p799_w932" CONTENT="keep" HPOS="2185" VPOS="1760" WIDTH="82" HEIGHT="75" STYLEREFS="font0"/></TextLine><TextLine WIDTH="1029" HEIGHT="75" ID="p799_t92" HPOS="1234" VPOS="1806"><String ID="p799_w933" CONTENT="very" HPOS="1234" VPOS="1806" WIDTH="78" HEIGHT="75" STYLEREFS="font0"/><SP WIDTH="17" VPOS="1806" HPOS="1312"/><String ID="p799_w934" CONTENT="wdl" HPOS="1329" VPOS="1806" WIDTH="70" HEIGHT="75" STYLEREFS="font0"/><SP WIDTH="17" VPOS="1806" HPOS="1399"/><String ID="p799_w935" CONTENT="five" HPOS="1416" VPOS="1806" WIDTH="61" HEIGHT="75" STYLEREFS="font0"/><SP WIDTH="16" VPOS="1806" HPOS="1477"/><String ID="p799_w936" CONTENT="or" HPOS="1493" VPOS="1806" WIDTH="38" HEIGHT="75" STYLEREFS="font0"/><SP WIDTH="24" VPOS="1806" HPOS="1531"/><String ID="p799_w937" CONTENT="fix" HPOS="1555" VPOS="1806" WIDTH="47" HEIGHT="75" STYLEREFS="font0"/><SP WIDTH="24" VPOS="1806" HPOS="1602"/><String ID="p799_w938" CONTENT="months" HPOS="1626" VPOS="1806" WIDTH="127" HEIGHT="75" STYLEREFS="font0"/><SP WIDTH="16" VPOS="1806" HPOS="1753"/><String ID="p799_w939" CONTENT=";" HPOS="1769" VPOS="1806" WIDTH="11" HEIGHT="75" STYLEREFS="font0"/><SP WIDTH="27" VPOS="1806" HPOS="1780"/><String ID="p799_w940" CONTENT="but" HPOS="1807" VPOS="1806" WIDTH="56" HEIGHT="75" STYLEREFS="font0"/><SP WIDTH="16" VPOS="1806" HPOS="1863"/><String ID="p799_w941" CONTENT="after" HPOS="1879" VPOS="1806" WIDTH="84" HEIGHT="75" STYLEREFS="font0"/><SP WIDTH="24" VPOS="1806" HPOS="1963"/><String ID="p799_w942" CONTENT="that" HPOS="1987" VPOS="1806" WIDTH="71" HEIGHT="75" STYLEREFS="font0"/><SP WIDTH="17" VPOS="1806" HPOS="2058"/><String ID="p799_w943" CONTENT="time" HPOS="2075" VPOS="1806" WIDTH="77" HEIGHT="75" STYLEREFS="font0"/><SP WIDTH="16" VPOS="1806" HPOS="2152"/><String ID="p799_w944" CONTENT="it" HPOS="2168" VPOS="1806" WIDTH="25" HEIGHT="75" STYLEREFS="font0"/><SP WIDTH="16" VPOS="1806" HPOS="2193"/><String ID="p799_w945" CONTENT="ge;" HPOS="2209" VPOS="1806" WIDTH="54" HEIGHT="75" STYLEREFS="font0"/></TextLine><TextLine WIDTH="1032" HEIGHT="75" ID="p799_t93" HPOS="1234" VPOS="1852"><String ID="p799_w946" CONTENT="nerally" HPOS="1234" VPOS="1852" WIDTH="122" HEIGHT="75" STYLEREFS="font0"/><SP WIDTH="11" VPOS="1852" HPOS="1356"/><String ID="p799_w947" CONTENT="grows" HPOS="1367" VPOS="1852" WIDTH="105" HEIGHT="75" STYLEREFS="font0"/><SP WIDTH="12" VPOS="1852" HPOS="1472"/><String ID="p799_w948" CONTENT="ftale," HPOS="1484" VPOS="1852" WIDTH="89" HEIGHT="75" STYLEREFS="font0"/><SP WIDTH="17" VPOS="1852" HPOS="1573"/><String ID="p799_w949" CONTENT="notwithftanding" HPOS="1590" VPOS="1852" WIDTH="279" HEIGHT="75" STYLEREFS="font0"/><SP WIDTH="11" VPOS="1852" HPOS="1869"/><String ID="p799_w950" CONTENT="there" HPOS="1880" VPOS="1852" WIDTH="90" HEIGHT="75" STYLEREFS="font0"/><SP WIDTH="14" VPOS="1852" HPOS="1970"/><String ID="p799_w951" CONTENT="be" HPOS="1984" VPOS="1852" WIDTH="39" HEIGHT="75" STYLEREFS="font0"/><SP WIDTH="13" VPOS="1852" HPOS="2023"/><String ID="p799_w952" CONTENT="ten" HPOS="2036" VPOS="1852" WIDTH="52" HEIGHT="75" STYLEREFS="font0"/><SP WIDTH="13" VPOS="1852" HPOS="2088"/><String ID="p799_w953" CONTENT="or" HPOS="2101" VPOS="1852" WIDTH="37" HEIGHT="75" STYLEREFS="font0"/><SP WIDTH="12" VPOS="1852" HPOS="2138"/><String ID="p799_w954" CONTENT="twelve" HPOS="2150" VPOS="1852" WIDTH="116" HEIGHT="75" STYLEREFS="font0"/></TextLine><TextLine WIDTH="1030" HEIGHT="75" ID="p799_t94" HPOS="1235" VPOS="1900"><String ID="p799_w955" CONTENT="bufhels" HPOS="1235" VPOS="1900" WIDTH="122" HEIGHT="75" STYLEREFS="font0"/><SP WIDTH="28" VPOS="1900" HPOS="1357"/><String ID="p799_w956" CONTENT="allowed" HPOS="1385" VPOS="1900" WIDTH="136" HEIGHT="75" STYLEREFS="font0"/><SP WIDTH="16" VPOS="1900" HPOS="1521"/><String ID="p799_w957" CONTENT="to" HPOS="1537" VPOS="1900" WIDTH="35" HEIGHT="75" STYLEREFS="font0"/><SP WIDTH="26" VPOS="1900" HPOS="1572"/><String ID="p799_w958" CONTENT="the" HPOS="1598" VPOS="1900" WIDTH="56" HEIGHT="75" STYLEREFS="font0"/><SP WIDTH="18" VPOS="1900" HPOS="1654"/><String ID="p799_w959" CONTENT="hogftiead," HPOS="1672" VPOS="1900" WIDTH="173" HEIGHT="75" STYLEREFS="font0"/><SP WIDTH="26" VPOS="1900" HPOS="1845"/><String ID="p799_w960" CONTENT="and" HPOS="1871" VPOS="1900" WIDTH="62" HEIGHT="75" STYLEREFS="font0"/><SP WIDTH="17" VPOS="1900" HPOS="1933"/><String ID="p799_w961" CONTENT="it" HPOS="1950" VPOS="1900" WIDTH="25" HEIGHT="75" STYLEREFS="font0"/><SP WIDTH="17" VPOS="1900" HPOS="1975"/><String ID="p799_w962" CONTENT="be" HPOS="1992" VPOS="1900" WIDTH="39" HEIGHT="75" STYLEREFS="font0"/><SP WIDTH="26" VPOS="1900" HPOS="2031"/><String ID="p799_w963" CONTENT="hopped" HPOS="2057" VPOS="1900" WIDTH="128" HEIGHT="75" STYLEREFS="font0"/><SP WIDTH="27" VPOS="1900" HPOS="2185"/><String ID="p799_w964" CONTENT="ac" HPOS="2212" VPOS="1900" WIDTH="53" HEIGHT="75" STYLEREFS="font0"/></TextLine><TextLine WIDTH="180" HEIGHT="75" ID="p799_t95" HPOS="1234" VPOS="1945"><String ID="p799_w965" CONTENT="cordingly." HPOS="1234" VPOS="1945" WIDTH="180" HEIGHT="75" STYLEREFS="font0"/></TextLine><TextLine WIDTH="983" HEIGHT="75" ID="p799_t96" HPOS="1280" VPOS="1991"><String ID="p799_w966" CONTENT="Pale" HPOS="1280" VPOS="1991" WIDTH="77" HEIGHT="75" STYLEREFS="font0"/><SP WIDTH="25" VPOS="1991" HPOS="1357"/><String ID="p799_w967" CONTENT="and" HPOS="1382" VPOS="1991" WIDTH="60" HEIGHT="75" STYLEREFS="font0"/><SP WIDTH="25" VPOS="1991" HPOS="1442"/><String ID="p799_w968" CONTENT="amber" HPOS="1467" VPOS="1991" WIDTH="109" HEIGHT="75" STYLEREFS="font0"/><SP WIDTH="15" VPOS="1991" HPOS="1576"/><String ID="p799_w969" CONTENT="malts" HPOS="1591" VPOS="1991" WIDTH="96" HEIGHT="75" STYLEREFS="font0"/><SP WIDTH="23" VPOS="1991" HPOS="1687"/><String ID="p799_w970" CONTENT="dried" HPOS="1710" VPOS="1991" WIDTH="90" HEIGHT="75" STYLEREFS="font0"/><SP WIDTH="25" VPOS="1991" HPOS="1800"/><String ID="p799_w971" CONTENT="with" HPOS="1825" VPOS="1991" WIDTH="80" HEIGHT="75" STYLEREFS="font0"/><SP WIDTH="28" VPOS="1991" HPOS="1905"/><String ID="p799_w972" CONTENT="coak" HPOS="1933" VPOS="1991" WIDTH="80" HEIGHT="75" STYLEREFS="font0"/><SP WIDTH="12" VPOS="1991" HPOS="2013"/><String ID="p799_w973" CONTENT="or" HPOS="2025" VPOS="1991" WIDTH="41" HEIGHT="75" STYLEREFS="font0"/><SP WIDTH="16" VPOS="1991" HPOS="2066"/><String ID="p799_w974" CONTENT="culm," HPOS="2082" VPOS="1991" WIDTH="97" HEIGHT="75" STYLEREFS="font0"/><SP WIDTH="25" VPOS="1991" HPOS="2179"/><String ID="p799_w975" CONTENT="ob-" HPOS="2204" VPOS="1991" WIDTH="59" HEIGHT="75" STYLEREFS="font0"/></TextLine><TextLine WIDTH="1032" HEIGHT="75" ID="p799_t97" HPOS="1231" VPOS="2038"><String ID="p799_w976" CONTENT="tain" HPOS="1231" VPOS="2038" WIDTH="64" HEIGHT="75" STYLEREFS="font0"/><SP WIDTH="15" VPOS="2038" HPOS="1295"/><String ID="p799_w977" CONTENT="a" HPOS="1310" VPOS="2038" WIDTH="18" HEIGHT="75" STYLEREFS="font0"/><SP WIDTH="12" VPOS="2038" HPOS="1328"/><String ID="p799_w978" CONTENT="more" HPOS="1340" VPOS="2038" WIDTH="86" HEIGHT="75" STYLEREFS="font0"/><SP WIDTH="17" VPOS="2038" HPOS="1426"/><String ID="p799_w979" CONTENT="clean," HPOS="1443" VPOS="2038" WIDTH="101" HEIGHT="75" STYLEREFS="font0"/><SP WIDTH="26" VPOS="2038" HPOS="1544"/><String ID="p799_w980" CONTENT="bright," HPOS="1570" VPOS="2038" WIDTH="122" HEIGHT="75" STYLEREFS="font0"/><SP WIDTH="26" VPOS="2038" HPOS="1692"/><String ID="p799_w981" CONTENT="pale" HPOS="1718" VPOS="2038" WIDTH="70" HEIGHT="75" STYLEREFS="font0"/><SP WIDTH="16" VPOS="2038" HPOS="1788"/><String ID="p799_w982" CONTENT="colour," HPOS="1804" VPOS="2038" WIDTH="124" HEIGHT="75" STYLEREFS="font0"/><SP WIDTH="18" VPOS="2038" HPOS="1928"/><String ID="p799_w983" CONTENT="than" HPOS="1946" VPOS="2038" WIDTH="75" HEIGHT="75" STYLEREFS="font0"/><SP WIDTH="13" VPOS="2038" HPOS="2021"/><String ID="p799_w984" CONTENT="if" HPOS="2034" VPOS="2038" WIDTH="30" HEIGHT="75" STYLEREFS="font0"/><SP WIDTH="11" VPOS="2038" HPOS="2064"/><String ID="p799_w985" CONTENT="dried" HPOS="2075" VPOS="2038" WIDTH="91" HEIGHT="75" STYLEREFS="font0"/><SP WIDTH="18" VPOS="2038" HPOS="2166"/><String ID="p799_w986" CONTENT="with" HPOS="2184" VPOS="2038" WIDTH="79" HEIGHT="75" STYLEREFS="font0"/></TextLine><TextLine WIDTH="1031" HEIGHT="75" ID="p799_t98" HPOS="1233" VPOS="2083"><String ID="p799_w987" CONTENT="any" HPOS="1233" VPOS="2083" WIDTH="60" HEIGHT="75" STYLEREFS="font0"/><SP WIDTH="17" VPOS="2083" HPOS="1293"/><String ID="p799_w988" CONTENT="other" HPOS="1310" VPOS="2083" WIDTH="94" HEIGHT="75" STYLEREFS="font0"/><SP WIDTH="15" VPOS="2083" HPOS="1404"/><String ID="p799_w989" CONTENT="fuel;" HPOS="1419" VPOS="2083" WIDTH="80" HEIGHT="75" STYLEREFS="font0"/><SP WIDTH="17" VPOS="2083" HPOS="1499"/><String ID="p799_w990" CONTENT="becaufe" HPOS="1516" VPOS="2083" WIDTH="130" HEIGHT="75" STYLEREFS="font0"/><SP WIDTH="16" VPOS="2083" HPOS="1646"/><String ID="p799_w991" CONTENT="there" HPOS="1662" VPOS="2083" WIDTH="91" HEIGHT="75" STYLEREFS="font0"/><SP WIDTH="18" VPOS="2083" HPOS="1753"/><String ID="p799_w992" CONTENT="is" HPOS="1771" VPOS="2083" WIDTH="27" HEIGHT="75" STYLEREFS="font0"/><SP WIDTH="19" VPOS="2083" HPOS="1798"/><String ID="p799_w993" CONTENT="not" HPOS="1817" VPOS="2083" WIDTH="54" HEIGHT="75" STYLEREFS="font0"/><SP WIDTH="16" VPOS="2083" HPOS="1871"/><String ID="p799_w994" CONTENT="fmoak" HPOS="1887" VPOS="2083" WIDTH="110" HEIGHT="75" STYLEREFS="font0"/><SP WIDTH="17" VPOS="2083" HPOS="1997"/><String ID="p799_w995" CONTENT="to" HPOS="2014" VPOS="2083" WIDTH="35" HEIGHT="75" STYLEREFS="font0"/><SP WIDTH="15" VPOS="2083" HPOS="2049"/><String ID="p799_w996" CONTENT="darken" HPOS="2064" VPOS="2083" WIDTH="118" HEIGHT="75" STYLEREFS="font0"/><SP WIDTH="17" VPOS="2083" HPOS="2182"/><String ID="p799_w997" CONTENT="and" HPOS="2199" VPOS="2083" WIDTH="65" HEIGHT="75" STYLEREFS="font0"/></TextLine><TextLine WIDTH="1030" HEIGHT="75" ID="p799_t99" HPOS="1233" VPOS="2129"><String ID="p799_w998" CONTENT="fully" HPOS="1233" VPOS="2129" WIDTH="81" HEIGHT="75" STYLEREFS="font0"/><SP WIDTH="15" VPOS="2129" HPOS="1314"/><String ID="p799_w999" CONTENT="their" HPOS="1329" VPOS="2129" WIDTH="85" HEIGHT="75" STYLEREFS="font0"/><SP WIDTH="23" VPOS="2129" HPOS="1414"/><String ID="p799_w1000" CONTENT="ficins" HPOS="1437" VPOS="2129" WIDTH="81" HEIGHT="75" STYLEREFS="font0"/><SP WIDTH="29" VPOS="2129" HPOS="1518"/><String ID="p799_w1001" CONTENT="or" HPOS="1547" VPOS="2129" WIDTH="38" HEIGHT="75" STYLEREFS="font0"/><SP WIDTH="27" VPOS="2129" HPOS="1585"/><String ID="p799_w1002" CONTENT="hulks," HPOS="1612" VPOS="2129" WIDTH="106" HEIGHT="75" STYLEREFS="font0"/><SP WIDTH="26" VPOS="2129" HPOS="1718"/><String ID="p799_w1003" CONTENT="and" HPOS="1744" VPOS="2129" WIDTH="61" HEIGHT="75" STYLEREFS="font0"/><SP WIDTH="28" VPOS="2129" HPOS="1805"/><String ID="p799_w1004" CONTENT="give" HPOS="1833" VPOS="2129" WIDTH="71" HEIGHT="75" STYLEREFS="font0"/><SP WIDTH="17" VPOS="2129" HPOS="1904"/><String ID="p799_w1005" CONTENT="them" HPOS="1921" VPOS="2129" WIDTH="87" HEIGHT="75" STYLEREFS="font0"/><SP WIDTH="19" VPOS="2129" HPOS="2008"/><String ID="p799_w1006" CONTENT="an" HPOS="2027" VPOS="2129" WIDTH="38" HEIGHT="75" STYLEREFS="font0"/><SP WIDTH="28" VPOS="2129" HPOS="2065"/><String ID="p799_w1007" CONTENT="ill" HPOS="2093" VPOS="2129" WIDTH="35" HEIGHT="75" STYLEREFS="font0"/><SP WIDTH="28" VPOS="2129" HPOS="2128"/><String ID="p799_w1008" CONTENT="rtlafti,-" HPOS="2156" VPOS="2129" WIDTH="107" HEIGHT="75" STYLEREFS="font0"/></TextLine><TextLine WIDTH="1031" HEIGHT="75" ID="p799_t100" HPOS="1232" VPOS="2175"><String ID="p799_w1009" CONTENT="which" HPOS="1232" VPOS="2175" WIDTH="105" HEIGHT="75" STYLEREFS="font0"/><SP WIDTH="24" VPOS="2175" HPOS="1337"/><String ID="p799_w1010" CONTENT="thofe" HPOS="1361" VPOS="2175" WIDTH="90" HEIGHT="75" STYLEREFS="font0"/><SP WIDTH="33" VPOS="2175" HPOS="1451"/><String ID="p799_w1011" CONTENT="malts" HPOS="1484" VPOS="2175" WIDTH="95" HEIGHT="75" STYLEREFS="font0"/><SP WIDTH="27" VPOS="2175" HPOS="1579"/><String ID="p799_w1012" CONTENT="have," HPOS="1606" VPOS="2175" WIDTH="94" HEIGHT="75" STYLEREFS="font0"/><SP WIDTH="24" VPOS="2175" HPOS="1700"/><String ID="p799_w1013" CONTENT="more" HPOS="1724" VPOS="2175" WIDTH="89" HEIGHT="75" STYLEREFS="font0"/><SP WIDTH="17" VPOS="2175" HPOS="1813"/><String ID="p799_w1014" CONTENT="or" HPOS="1830" VPOS="2175" WIDTH="37" HEIGHT="75" STYLEREFS="font0"/><SP WIDTH="27" VPOS="2175" HPOS="1867"/><String ID="p799_w1015" CONTENT="lefs," HPOS="1894" VPOS="2175" WIDTH="73" HEIGHT="75" STYLEREFS="font0"/><SP WIDTH="26" VPOS="2175" HPOS="1967"/><String ID="p799_w1016" CONTENT="that" HPOS="1993" VPOS="2175" WIDTH="71" HEIGHT="75" STYLEREFS="font0"/><SP WIDTH="27" VPOS="2175" HPOS="2064"/><String ID="p799_w1017" CONTENT="are" HPOS="2091" VPOS="2175" WIDTH="54" HEIGHT="75" STYLEREFS="font0"/><SP WIDTH="26" VPOS="2175" HPOS="2145"/><String ID="p799_w1018" CONTENT="dried" HPOS="2171" VPOS="2175" WIDTH="92" HEIGHT="75" STYLEREFS="font0"/></TextLine><TextLine WIDTH="1029" HEIGHT="75" ID="p799_t101" HPOS="1232" VPOS="2222"><String ID="p799_w1019" CONTENT="with" HPOS="1232" VPOS="2222" WIDTH="77" HEIGHT="75" STYLEREFS="font0"/><SP WIDTH="17" VPOS="2222" HPOS="1309"/><String ID="p799_w1020" CONTENT="ftraw," HPOS="1326" VPOS="2222" WIDTH="104" HEIGHT="75" STYLEREFS="font0"/><SP WIDTH="24" VPOS="2222" HPOS="1430"/><String ID="p799_w1021" CONTENT="wood," HPOS="1454" VPOS="2222" WIDTH="109" HEIGHT="75" STYLEREFS="font0"/><SP WIDTH="26" VPOS="2222" HPOS="1563"/><String ID="p799_w1022" CONTENT="or" HPOS="1589" VPOS="2222" WIDTH="36" HEIGHT="75" STYLEREFS="font0"/><SP WIDTH="20" VPOS="2222" HPOS="1625"/><String ID="p799_w1023" CONTENT="fern," HPOS="1645" VPOS="2222" WIDTH="83" HEIGHT="75" STYLEREFS="font0"/><SP WIDTH="26" VPOS="2222" HPOS="1728"/><String ID="p799_w1024" CONTENT="drc." HPOS="1754" VPOS="2222" WIDTH="65" HEIGHT="75" STYLEREFS="font0"/><SP WIDTH="48" VPOS="2222" HPOS="1819"/><String ID="p799_w1025" CONTENT="The" HPOS="1867" VPOS="2222" WIDTH="76" HEIGHT="75" STYLEREFS="font0"/><SP WIDTH="26" VPOS="2222" HPOS="1943"/><String ID="p799_w1026" CONTENT="coak" HPOS="1969" VPOS="2222" WIDTH="80" HEIGHT="75" STYLEREFS="font0"/><SP WIDTH="27" VPOS="2222" HPOS="2049"/><String ID="p799_w1027" CONTENT="or" HPOS="2076" VPOS="2222" WIDTH="38" HEIGHT="75" STYLEREFS="font0"/><SP WIDTH="26" VPOS="2222" HPOS="2114"/><String ID="p799_w1028" CONTENT="Welch" HPOS="2140" VPOS="2222" WIDTH="121" HEIGHT="75" STYLEREFS="font0"/></TextLine><TextLine WIDTH="1027" HEIGHT="75" ID="p799_t102" HPOS="1232" VPOS="2267"><String ID="p799_w1029" CONTENT="coal" HPOS="1232" VPOS="2267" WIDTH="70" HEIGHT="75" STYLEREFS="font0"/><SP WIDTH="28" VPOS="2267" HPOS="1302"/><String ID="p799_w1030" CONTENT="alfo" HPOS="1330" VPOS="2267" WIDTH="64" HEIGHT="75" STYLEREFS="font0"/><SP WIDTH="16" VPOS="2267" HPOS="1394"/><String ID="p799_w1031" CONTENT="makes" HPOS="1410" VPOS="2267" WIDTH="108" HEIGHT="75" STYLEREFS="font0"/><SP WIDTH="18" VPOS="2267" HPOS="1518"/><String ID="p799_w1032" CONTENT="more" HPOS="1536" VPOS="2267" WIDTH="89" HEIGHT="75" STYLEREFS="font0"/><SP WIDTH="23" VPOS="2267" HPOS="1625"/><String ID="p799_w1033" CONTENT="true" HPOS="1648" VPOS="2267" WIDTH="71" HEIGHT="75" STYLEREFS="font0"/><SP WIDTH="24" VPOS="2267" HPOS="1719"/><String ID="p799_w1034" CONTENT="and" HPOS="1743" VPOS="2267" WIDTH="61" HEIGHT="75" STYLEREFS="font0"/><SP WIDTH="17" VPOS="2267" HPOS="1804"/><String ID="p799_w1035" CONTENT="compleat" HPOS="1821" VPOS="2267" WIDTH="157" HEIGHT="75" STYLEREFS="font0"/><SP WIDTH="27" VPOS="2267" HPOS="1978"/><String ID="p799_w1036" CONTENT="malt" HPOS="2005" VPOS="2267" WIDTH="79" HEIGHT="75" STYLEREFS="font0"/><SP WIDTH="17" VPOS="2267" HPOS="2084"/><String ID="p799_w1037" CONTENT="than" HPOS="2101" VPOS="2267" WIDTH="76" HEIGHT="75" STYLEREFS="font0"/><SP WIDTH="19" VPOS="2267" HPOS="2177"/><String ID="p799_w1038" CONTENT="any" HPOS="2196" VPOS="2267" WIDTH="63" HEIGHT="75" STYLEREFS="font0"/></TextLine><TextLine WIDTH="1029" HEIGHT="75" ID="p799_t103" HPOS="1232" VPOS="2314"><String ID="p799_w1039" CONTENT="other" HPOS="1232" VPOS="2314" WIDTH="93" HEIGHT="75" STYLEREFS="font0"/><SP WIDTH="16" VPOS="2314" HPOS="1325"/><String ID="p799_w1040" CONTENT="fuel," HPOS="1341" VPOS="2314" WIDTH="78" HEIGHT="75" STYLEREFS="font0"/><SP WIDTH="27" VPOS="2314" HPOS="1419"/><String ID="p799_w1041" CONTENT="becaufe" HPOS="1446" VPOS="2314" WIDTH="129" HEIGHT="75" STYLEREFS="font0"/><SP WIDTH="17" VPOS="2314" HPOS="1575"/><String ID="p799_w1042" CONTENT="its" HPOS="1592" VPOS="2314" WIDTH="42" HEIGHT="75" STYLEREFS="font0"/><SP WIDTH="26" VPOS="2314" HPOS="1634"/><String ID="p799_w1043" CONTENT="fire" HPOS="1660" VPOS="2314" WIDTH="56" HEIGHT="75" STYLEREFS="font0"/><SP WIDTH="28" VPOS="2314" HPOS="1716"/><String ID="p799_w1044" CONTENT="gives" HPOS="1744" VPOS="2314" WIDTH="87" HEIGHT="75" STYLEREFS="font0"/><SP WIDTH="16" VPOS="2314" HPOS="1831"/><String ID="p799_w1045" CONTENT="both" HPOS="1847" VPOS="2314" WIDTH="80" HEIGHT="75" STYLEREFS="font0"/><SP WIDTH="18" VPOS="2314" HPOS="1927"/><String ID="p799_w1046" CONTENT="a" HPOS="1945" VPOS="2314" WIDTH="18" HEIGHT="75" STYLEREFS="font0"/><SP WIDTH="16" VPOS="2314" HPOS="1963"/><String ID="p799_w1047" CONTENT="gentle" HPOS="1979" VPOS="2314" WIDTH="108" HEIGHT="75" STYLEREFS="font0"/><SP WIDTH="26" VPOS="2314" HPOS="2087"/><String ID="p799_w1048" CONTENT="and" HPOS="2113" VPOS="2314" WIDTH="63" HEIGHT="75" STYLEREFS="font0"/><SP WIDTH="16" VPOS="2314" HPOS="2176"/><String ID="p799_w1049" CONTENT="cer-" HPOS="2192" VPOS="2314" WIDTH="69" HEIGHT="75" STYLEREFS="font0"/></TextLine><TextLine WIDTH="1031" HEIGHT="75" ID="p799_t104" HPOS="1233" VPOS="2360"><String ID="p799_w1050" CONTENT="tain" HPOS="1233" VPOS="2360" WIDTH="65" HEIGHT="75" STYLEREFS="font0"/><SP WIDTH="27" VPOS="2360" HPOS="1298"/><String ID="p799_w1051" CONTENT="heat," HPOS="1325" VPOS="2360" WIDTH="89" HEIGHT="75" STYLEREFS="font0"/><SP WIDTH="25" VPOS="2360" HPOS="1414"/><String ID="p799_w1052" CONTENT="whereby" HPOS="1439" VPOS="2360" WIDTH="149" HEIGHT="75" STYLEREFS="font0"/><SP WIDTH="17" VPOS="2360" HPOS="1588"/><String ID="p799_w1053" CONTENT="the" HPOS="1605" VPOS="2360" WIDTH="55" HEIGHT="75" STYLEREFS="font0"/><SP WIDTH="17" VPOS="2360" HPOS="1660"/><String ID="p799_w1054" CONTENT="corns" HPOS="1677" VPOS="2360" WIDTH="93" HEIGHT="75" STYLEREFS="font0"/><SP WIDTH="28" VPOS="2360" HPOS="1770"/><String ID="p799_w1055" CONTENT="are" HPOS="1798" VPOS="2360" WIDTH="53" HEIGHT="75" STYLEREFS="font0"/><SP WIDTH="16" VPOS="2360" HPOS="1851"/><String ID="p799_w1056" CONTENT="in" HPOS="1867" VPOS="2360" WIDTH="32" HEIGHT="75" STYLEREFS="font0"/><SP WIDTH="17" VPOS="2360" HPOS="1899"/><String ID="p799_w1057" CONTENT="all" HPOS="1916" VPOS="2360" WIDTH="41" HEIGHT="75" STYLEREFS="font0"/><SP WIDTH="26" VPOS="2360" HPOS="1957"/><String ID="p799_w1058" CONTENT="their" HPOS="1983" VPOS="2360" WIDTH="83" HEIGHT="75" STYLEREFS="font0"/><SP WIDTH="17" VPOS="2360" HPOS="2066"/><String ID="p799_w1059" CONTENT="parts" HPOS="2083" VPOS="2360" WIDTH="87" HEIGHT="75" STYLEREFS="font0"/><SP WIDTH="16" VPOS="2360" HPOS="2170"/><String ID="p799_w1060" CONTENT="gra-i" HPOS="2186" VPOS="2360" WIDTH="78" HEIGHT="75" STYLEREFS="font0"/></TextLine><TextLine WIDTH="1032" HEIGHT="75" ID="p799_t105" HPOS="1230" VPOS="2406"><String ID="p799_w1061" CONTENT="dually," HPOS="1230" VPOS="2406" WIDTH="113" HEIGHT="75" STYLEREFS="font0"/><SP WIDTH="23" VPOS="2406" HPOS="1343"/><String ID="p799_w1062" CONTENT="dried;" HPOS="1366" VPOS="2406" WIDTH="113" HEIGHT="75" STYLEREFS="font0"/><SP WIDTH="35" VPOS="2406" HPOS="1479"/><String ID="p799_w1063" CONTENT="and" HPOS="1514" VPOS="2406" WIDTH="62" HEIGHT="75" STYLEREFS="font0"/><SP WIDTH="24" VPOS="2406" HPOS="1576"/><String ID="p799_w1064" CONTENT="therefore" HPOS="1600" VPOS="2406" WIDTH="166" HEIGHT="75" STYLEREFS="font0"/><SP WIDTH="27" VPOS="2406" HPOS="1766"/><String ID="p799_w1065" CONTENT="of" HPOS="1793" VPOS="2406" WIDTH="42" HEIGHT="75" STYLEREFS="font0"/><SP WIDTH="19" VPOS="2406" HPOS="1835"/><String ID="p799_w1066" CONTENT="late" HPOS="1854" VPOS="2406" WIDTH="62" HEIGHT="75" STYLEREFS="font0"/><SP WIDTH="28" VPOS="2406" HPOS="1916"/><String ID="p799_w1067" CONTENT="thefe" HPOS="1944" VPOS="2406" WIDTH="86" HEIGHT="75" STYLEREFS="font0"/><SP WIDTH="28" VPOS="2406" HPOS="2030"/><String ID="p799_w1068" CONTENT="malts" HPOS="2058" VPOS="2406" WIDTH="92" HEIGHT="75" STYLEREFS="font0"/><SP WIDTH="30" VPOS="2406" HPOS="2150"/><String ID="p799_w1069" CONTENT="have" HPOS="2180" VPOS="2406" WIDTH="82" HEIGHT="75" STYLEREFS="font0"/></TextLine><TextLine WIDTH="1030" HEIGHT="75" ID="p799_t106" HPOS="1231" VPOS="2453"><String ID="p799_w1070" CONTENT="gained" HPOS="1231" VPOS="2453" WIDTH="113" HEIGHT="75" STYLEREFS="font0"/><SP WIDTH="17" VPOS="2453" HPOS="1344"/><String ID="p799_w1071" CONTENT="fuch" HPOS="1361" VPOS="2453" WIDTH="76" HEIGHT="75" STYLEREFS="font0"/><SP WIDTH="17" VPOS="2453" HPOS="1437"/><String ID="p799_w1072" CONTENT="a" HPOS="1454" VPOS="2453" WIDTH="16" HEIGHT="75" STYLEREFS="font0"/><SP WIDTH="23" VPOS="2453" HPOS="1470"/><String ID="p799_w1073" CONTENT="reputation," HPOS="1493" VPOS="2453" WIDTH="192" HEIGHT="75" STYLEREFS="font0"/><SP WIDTH="26" VPOS="2453" HPOS="1685"/><String ID="p799_w1074" CONTENT="that" HPOS="1711" VPOS="2453" WIDTH="68" HEIGHT="75" STYLEREFS="font0"/><SP WIDTH="9" VPOS="2453" HPOS="1779"/><String ID="p799_w1075" CONTENT="great" HPOS="1788" VPOS="2453" WIDTH="89" HEIGHT="75" STYLEREFS="font0"/><SP WIDTH="18" VPOS="2453" HPOS="1877"/><String ID="p799_w1076" CONTENT="quantities" HPOS="1895" VPOS="2453" WIDTH="176" HEIGHT="75" STYLEREFS="font0"/><SP WIDTH="12" VPOS="2453" HPOS="2071"/><String ID="p799_w1077" CONTENT="have" HPOS="2083" VPOS="2453" WIDTH="81" HEIGHT="75" STYLEREFS="font0"/><SP WIDTH="17" VPOS="2453" HPOS="2164"/><String ID="p799_w1078" CONTENT="been" HPOS="2181" VPOS="2453" WIDTH="80" HEIGHT="75" STYLEREFS="font0"/></TextLine><TextLine WIDTH="1030" HEIGHT="75" ID="p799_t107" HPOS="1231" VPOS="2500"><String ID="p799_w1079" CONTENT="confumed" HPOS="1231" VPOS="2500" WIDTH="168" HEIGHT="75" STYLEREFS="font0"/><SP WIDTH="27" VPOS="2500" HPOS="1399"/><String ID="p799_w1080" CONTENT="in" HPOS="1426" VPOS="2500" WIDTH="32" HEIGHT="75" STYLEREFS="font0"/><SP WIDTH="29" VPOS="2500" HPOS="1458"/><String ID="p799_w1081" CONTENT="moft" HPOS="1487" VPOS="2500" WIDTH="78" HEIGHT="75" STYLEREFS="font0"/><SP WIDTH="19" VPOS="2500" HPOS="1565"/><String ID="p799_w1082" CONTENT="parts," HPOS="1584" VPOS="2500" WIDTH="89" HEIGHT="75" STYLEREFS="font0"/><SP WIDTH="12" VPOS="2500" HPOS="1673"/><String ID="p799_w1083" CONTENT="of" HPOS="1685" VPOS="2500" WIDTH="40" HEIGHT="75" STYLEREFS="font0"/><SP WIDTH="22" VPOS="2500" HPOS="1725"/><String ID="p799_w1084" CONTENT="the" HPOS="1747" VPOS="2500" WIDTH="55" HEIGHT="75" STYLEREFS="font0"/><SP WIDTH="26" VPOS="2500" HPOS="1802"/><String ID="p799_w1085" CONTENT="nation" HPOS="1828" VPOS="2500" WIDTH="108" HEIGHT="75" STYLEREFS="font0"/><SP WIDTH="22" VPOS="2500" HPOS="1936"/><String ID="p799_w1086" CONTENT="for" HPOS="1958" VPOS="2500" WIDTH="52" HEIGHT="75" STYLEREFS="font0"/><SP WIDTH="27" VPOS="2500" HPOS="2010"/><String ID="p799_w1087" CONTENT="their" HPOS="2037" VPOS="2500" WIDTH="85" HEIGHT="75" STYLEREFS="font0"/><SP WIDTH="17" VPOS="2500" HPOS="2122"/><String ID="p799_w1088" CONTENT="whole-t" HPOS="2139" VPOS="2500" WIDTH="122" HEIGHT="75" STYLEREFS="font0"/></TextLine><TextLine WIDTH="583" HEIGHT="75" ID="p799_t108" HPOS="1230" VPOS="2545"><String ID="p799_w1089" CONTENT="fome" HPOS="1230" VPOS="2545" WIDTH="85" HEIGHT="75" STYLEREFS="font0"/><SP WIDTH="17" VPOS="2545" HPOS="1315"/><String ID="p799_w1090" CONTENT="nature" HPOS="1332" VPOS="2545" WIDTH="111" HEIGHT="75" STYLEREFS="font0"/><SP WIDTH="13" VPOS="2545" HPOS="1443"/><String ID="p799_w1091" CONTENT="and" HPOS="1456" VPOS="2545" WIDTH="60" HEIGHT="75" STYLEREFS="font0"/><SP WIDTH="18" VPOS="2545" HPOS="1516"/><String ID="p799_w1092" CONTENT="fweet" HPOS="1534" VPOS="2545" WIDTH="94" HEIGHT="75" STYLEREFS="font0"/><SP WIDTH="17" VPOS="2545" HPOS="1628"/><String ID="p799_w1093" CONTENT="fine" HPOS="1645" VPOS="2545" WIDTH="60" HEIGHT="75" STYLEREFS="font0"/><SP WIDTH="17" VPOS="2545" HPOS="1705"/><String ID="p799_w1094" CONTENT="tafte." HPOS="1722" VPOS="2545" WIDTH="91" HEIGHT="75" STYLEREFS="font0"/></TextLine><TextLine WIDTH="984" HEIGHT="75" ID="p799_t109" HPOS="1276" VPOS="2592"><String ID="p799_w1095" CONTENT="Next" HPOS="1276" VPOS="2592" WIDTH="92" HEIGHT="75" STYLEREFS="font0"/><SP WIDTH="17" VPOS="2592" HPOS="1368"/><String ID="p799_w1096" CONTENT="to" HPOS="1385" VPOS="2592" WIDTH="36" HEIGHT="75" STYLEREFS="font0"/><SP WIDTH="15" VPOS="2592" HPOS="1421"/><String ID="p799_w1097" CONTENT="the" HPOS="1436" VPOS="2592" WIDTH="56" HEIGHT="75" STYLEREFS="font0"/><SP WIDTH="27" VPOS="2592" HPOS="1492"/><String ID="p799_w1098" CONTENT="coak-dried" HPOS="1519" VPOS="2592" WIDTH="187" HEIGHT="75" STYLEREFS="font0"/><SP WIDTH="19" VPOS="2592" HPOS="1706"/><String ID="p799_w1099" CONTENT="malt," HPOS="1725" VPOS="2592" WIDTH="88" HEIGHT="75" STYLEREFS="font0"/><SP WIDTH="28" VPOS="2592" HPOS="1813"/><String ID="p799_w1100" CONTENT="the" HPOS="1841" VPOS="2592" WIDTH="55" HEIGHT="75" STYLEREFS="font0"/><SP WIDTH="29" VPOS="2592" HPOS="1896"/><String ID="p799_w1101" CONTENT="ftraw" HPOS="1925" VPOS="2592" WIDTH="90" HEIGHT="75" STYLEREFS="font0"/><SP WIDTH="18" VPOS="2592" HPOS="2015"/><String ID="p799_w1102" CONTENT="dried" HPOS="2033" VPOS="2592" WIDTH="91" HEIGHT="75" STYLEREFS="font0"/><SP WIDTH="28" VPOS="2592" HPOS="2124"/><String ID="p799_w1103" CONTENT="is" HPOS="2152" VPOS="2592" WIDTH="26" HEIGHT="75" STYLEREFS="font0"/><SP WIDTH="25" VPOS="2592" HPOS="2178"/><String ID="p799_w1104" CONTENT="the" HPOS="2203" VPOS="2592" WIDTH="57" HEIGHT="75" STYLEREFS="font0"/></TextLine><TextLine WIDTH="1029" HEIGHT="75" ID="p799_t110" HPOS="1229" VPOS="2639"><String ID="p799_w1105" CONTENT="fweeteft" HPOS="1229" VPOS="2639" WIDTH="138" HEIGHT="75" STYLEREFS="font0"/><SP WIDTH="17" VPOS="2639" HPOS="1367"/><String ID="p799_w1106" CONTENT="and" HPOS="1384" VPOS="2639" WIDTH="63" HEIGHT="75" STYLEREFS="font0"/><SP WIDTH="16" VPOS="2639" HPOS="1447"/><String ID="p799_w1107" CONTENT="beft" HPOS="1463" VPOS="2639" WIDTH="64" HEIGHT="75" STYLEREFS="font0"/><SP WIDTH="18" VPOS="2639" HPOS="1527"/><String ID="p799_w1108" CONTENT="tafted" HPOS="1545" VPOS="2639" WIDTH="97" HEIGHT="75" STYLEREFS="font0"/><SP WIDTH="12" VPOS="2639" HPOS="1642"/><String ID="p799_w1109" CONTENT=":" HPOS="1654" VPOS="2639" WIDTH="9" HEIGHT="75" STYLEREFS="font0"/><SP WIDTH="27" VPOS="2639" HPOS="1663"/><String ID="p799_w1110" CONTENT="This," HPOS="1690" VPOS="2639" WIDTH="98" HEIGHT="75" STYLEREFS="font0"/><SP WIDTH="18" VPOS="2639" HPOS="1788"/><String ID="p799_w1111" CONTENT="it" HPOS="1806" VPOS="2639" WIDTH="26" HEIGHT="75" STYLEREFS="font0"/><SP WIDTH="12" VPOS="2639" HPOS="1832"/><String ID="p799_w1112" CONTENT="muft" HPOS="1844" VPOS="2639" WIDTH="79" HEIGHT="75" STYLEREFS="font0"/><SP WIDTH="16" VPOS="2639" HPOS="1923"/><String ID="p799_w1113" CONTENT="be" HPOS="1939" VPOS="2639" WIDTH="39" HEIGHT="75" STYLEREFS="font0"/><SP WIDTH="18" VPOS="2639" HPOS="1978"/><String ID="p799_w1114" CONTENT="acknowledged," HPOS="1996" VPOS="2639" WIDTH="262" HEIGHT="75" STYLEREFS="font0"/></TextLine><TextLine WIDTH="1031" HEIGHT="75" ID="p799_t111" HPOS="1229" VPOS="2684"><String ID="p799_w1115" CONTENT="is" HPOS="1229" VPOS="2684" WIDTH="25" HEIGHT="75" STYLEREFS="font0"/><SP WIDTH="29" VPOS="2684" HPOS="1254"/><String ID="p799_w1116" CONTENT="fometimes-" HPOS="1283" VPOS="2684" WIDTH="185" HEIGHT="75" STYLEREFS="font0"/><SP WIDTH="23" VPOS="2684" HPOS="1468"/><String ID="p799_w1117" CONTENT="well" HPOS="1491" VPOS="2684" WIDTH="73" HEIGHT="75" STYLEREFS="font0"/><SP WIDTH="27" VPOS="2684" HPOS="1564"/><String ID="p799_w1118" CONTENT="malted," HPOS="1591" VPOS="2684" WIDTH="132" HEIGHT="75" STYLEREFS="font0"/><SP WIDTH="36" VPOS="2684" HPOS="1723"/><String ID="p799_w1119" CONTENT="where" HPOS="1759" VPOS="2684" WIDTH="107" HEIGHT="75" STYLEREFS="font0"/><SP WIDTH="31" VPOS="2684" HPOS="1866"/><String ID="p799_w1120" CONTENT="the" HPOS="1897" VPOS="2684" WIDTH="56" HEIGHT="75" STYLEREFS="font0"/><SP WIDTH="28" VPOS="2684" HPOS="1953"/><String ID="p799_w1121" CONTENT="barley," HPOS="1981" VPOS="2684" WIDTH="123" HEIGHT="75" STYLEREFS="font0"/><SP WIDTH="33" VPOS="2684" HPOS="2104"/><String ID="p799_w1122" CONTENT="wheat,;" HPOS="2137" VPOS="2684" WIDTH="123" HEIGHT="75" STYLEREFS="font0"/></TextLine><TextLine WIDTH="1025" HEIGHT="75" ID="p799_t112" HPOS="1228" VPOS="2731"><String ID="p799_w1123" CONTENT="ftraw," HPOS="1228" VPOS="2731" WIDTH="104" HEIGHT="75" STYLEREFS="font0"/><SP WIDTH="33" VPOS="2731" HPOS="1332"/><String ID="p799_w1124" CONTENT="convemencies," HPOS="1365" VPOS="2731" WIDTH="248" HEIGHT="75" STYLEREFS="font0"/><SP WIDTH="27" VPOS="2731" HPOS="1613"/><String ID="p799_w1125" CONTENT="and" HPOS="1640" VPOS="2731" WIDTH="61" HEIGHT="75" STYLEREFS="font0"/><SP WIDTH="22" VPOS="2731" HPOS="1701"/><String ID="p799_w1126" CONTENT="the" HPOS="1723" VPOS="2731" WIDTH="55" HEIGHT="75" STYLEREFS="font0"/><SP WIDTH="17" VPOS="2731" HPOS="1778"/><String ID="p799_w1127" CONTENT="makers" HPOS="1795" VPOS="2731" WIDTH="136" HEIGHT="75" STYLEREFS="font0"/><SP WIDTH="27" VPOS="2731" HPOS="1931"/><String ID="p799_w1128" CONTENT="Ikill," HPOS="1958" VPOS="2731" WIDTH="83" HEIGHT="75" STYLEREFS="font0"/><SP WIDTH="26" VPOS="2731" HPOS="2041"/><String ID="p799_w1129" CONTENT="are" HPOS="2067" VPOS="2731" WIDTH="54" HEIGHT="75" STYLEREFS="font0"/><SP WIDTH="23" VPOS="2731" HPOS="2121"/><String ID="p799_w1130" CONTENT="good;" HPOS="2144" VPOS="2731" WIDTH="109" HEIGHT="75" STYLEREFS="font0"/></TextLine><TextLine WIDTH="1033" HEIGHT="75" ID="p799_t113" HPOS="1228" VPOS="2777"><String ID="p799_w1131" CONTENT="but" HPOS="1228" VPOS="2777" WIDTH="57" HEIGHT="75" STYLEREFS="font0"/><SP WIDTH="16" VPOS="2777" HPOS="1285"/><String ID="p799_w1132" CONTENT="as" HPOS="1301" VPOS="2777" WIDTH="33" HEIGHT="75" STYLEREFS="font0"/><SP WIDTH="17" VPOS="2777" HPOS="1334"/><String ID="p799_w1133" CONTENT="the" HPOS="1351" VPOS="2777" WIDTH="55" HEIGHT="75" STYLEREFS="font0"/><SP WIDTH="18" VPOS="2777" HPOS="1406"/><String ID="p799_w1134" CONTENT="fire" HPOS="1424" VPOS="2777" WIDTH="55" HEIGHT="75" STYLEREFS="font0"/><SP WIDTH="18" VPOS="2777" HPOS="1479"/><String ID="p799_w1135" CONTENT="of" HPOS="1497" VPOS="2777" WIDTH="38" HEIGHT="75" STYLEREFS="font0"/><SP WIDTH="12" VPOS="2777" HPOS="1535"/><String ID="p799_w1136" CONTENT="the" HPOS="1547" VPOS="2777" WIDTH="55" HEIGHT="75" STYLEREFS="font0"/><SP WIDTH="17" VPOS="2777" HPOS="1602"/><String ID="p799_w1137" CONTENT="ftraw" HPOS="1619" VPOS="2777" WIDTH="91" HEIGHT="75" STYLEREFS="font0"/><SP WIDTH="17" VPOS="2777" HPOS="1710"/><String ID="p799_w1138" CONTENT="is" HPOS="1727" VPOS="2777" WIDTH="25" HEIGHT="75" STYLEREFS="font0"/><SP WIDTH="18" VPOS="2777" HPOS="1752"/><String ID="p799_w1139" CONTENT="not" HPOS="1770" VPOS="2777" WIDTH="57" HEIGHT="75" STYLEREFS="font0"/><SP WIDTH="16" VPOS="2777" HPOS="1827"/><String ID="p799_w1140" CONTENT="fo" HPOS="1843" VPOS="2777" WIDTH="35" HEIGHT="75" STYLEREFS="font0"/><SP WIDTH="17" VPOS="2777" HPOS="1878"/><String ID="p799_w1141" CONTENT="regular-as" HPOS="1895" VPOS="2777" WIDTH="175" HEIGHT="75" STYLEREFS="font0"/><SP WIDTH="18" VPOS="2777" HPOS="2070"/><String ID="p799_w1142" CONTENT="the" HPOS="2088" VPOS="2777" WIDTH="54" HEIGHT="75" STYLEREFS="font0"/><SP WIDTH="21" VPOS="2777" HPOS="2142"/><String ID="p799_w1143" CONTENT="coak," HPOS="2163" VPOS="2777" WIDTH="98" HEIGHT="75" STYLEREFS="font0"/></TextLine><TextLine WIDTH="1034" HEIGHT="75" ID="p799_t114" HPOS="1228" VPOS="2824"><String ID="p799_w1144" CONTENT="the" HPOS="1228" VPOS="2824" WIDTH="54" HEIGHT="75" STYLEREFS="font0"/><SP WIDTH="17" VPOS="2824" HPOS="1282"/><String ID="p799_w1145" CONTENT="malt" HPOS="1299" VPOS="2824" WIDTH="76" HEIGHT="75" STYLEREFS="font0"/><SP WIDTH="17" VPOS="2824" HPOS="1375"/><String ID="p799_w1146" CONTENT="is" HPOS="1392" VPOS="2824" WIDTH="27" HEIGHT="75" STYLEREFS="font0"/><SP WIDTH="17" VPOS="2824" HPOS="1419"/><String ID="p799_w1147" CONTENT="attended" HPOS="1436" VPOS="2824" WIDTH="152" HEIGHT="75" STYLEREFS="font0"/><SP WIDTH="12" VPOS="2824" HPOS="1588"/><String ID="p799_w1148" CONTENT="with" HPOS="1600" VPOS="2824" WIDTH="80" HEIGHT="75" STYLEREFS="font0"/><SP WIDTH="15" VPOS="2824" HPOS="1680"/><String ID="p799_w1149" CONTENT="more" HPOS="1695" VPOS="2824" WIDTH="89" HEIGHT="75" STYLEREFS="font0"/><SP WIDTH="16" VPOS="2824" HPOS="1784"/><String ID="p799_w1150" CONTENT="uncertainty" HPOS="1800" VPOS="2824" WIDTH="197" HEIGHT="75" STYLEREFS="font0"/><SP WIDTH="14" VPOS="2824" HPOS="1997"/><String ID="p799_w1151" CONTENT="in" HPOS="2011" VPOS="2824" WIDTH="31" HEIGHT="75" STYLEREFS="font0"/><SP WIDTH="18" VPOS="2824" HPOS="2042"/><String ID="p799_w1152" CONTENT="its" HPOS="2060" VPOS="2824" WIDTH="40" HEIGHT="75" STYLEREFS="font0"/><SP WIDTH="9" VPOS="2824" HPOS="2100"/><String ID="p799_w1153" CONTENT="making,;" HPOS="2109" VPOS="2824" WIDTH="153" HEIGHT="75" STYLEREFS="font0"/></TextLine><TextLine WIDTH="1035" HEIGHT="75" ID="p799_t115" HPOS="1227" VPOS="2870"><String ID="p799_w1154" CONTENT="becaufe" HPOS="1227" VPOS="2870" WIDTH="129" HEIGHT="75" STYLEREFS="font0"/><SP WIDTH="16" VPOS="2870" HPOS="1356"/><String ID="p799_w1155" CONTENT="it" HPOS="1372" VPOS="2870" WIDTH="25" HEIGHT="75" STYLEREFS="font0"/><SP WIDTH="16" VPOS="2870" HPOS="1397"/><String ID="p799_w1156" CONTENT="is" HPOS="1413" VPOS="2870" WIDTH="27" HEIGHT="75" STYLEREFS="font0"/><SP WIDTH="24" VPOS="2870" HPOS="1440"/><String ID="p799_w1157" CONTENT="dilficult" HPOS="1464" VPOS="2870" WIDTH="135" HEIGHT="75" STYLEREFS="font0"/><SP WIDTH="16" VPOS="2870" HPOS="1599"/><String ID="p799_w1158" CONTENT="to" HPOS="1615" VPOS="2870" WIDTH="36" HEIGHT="75" STYLEREFS="font0"/><SP WIDTH="25" VPOS="2870" HPOS="1651"/><String ID="p799_w1159" CONTENT="keep" HPOS="1676" VPOS="2870" WIDTH="80" HEIGHT="75" STYLEREFS="font0"/><SP WIDTH="16" VPOS="2870" HPOS="1756"/><String ID="p799_w1160" CONTENT="it" HPOS="1772" VPOS="2870" WIDTH="26" HEIGHT="75" STYLEREFS="font0"/><SP WIDTH="16" VPOS="2870" HPOS="1798"/><String ID="p799_w1161" CONTENT="to" HPOS="1814" VPOS="2870" WIDTH="34" HEIGHT="75" STYLEREFS="font0"/><SP WIDTH="17" VPOS="2870" HPOS="1848"/><String ID="p799_w1162" CONTENT="a" HPOS="1865" VPOS="2870" WIDTH="18" HEIGHT="75" STYLEREFS="font0"/><SP WIDTH="18" VPOS="2870" HPOS="1883"/><String ID="p799_w1163" CONTENT="moderate" HPOS="1901" VPOS="2870" WIDTH="163" HEIGHT="75" STYLEREFS="font0"/><SP WIDTH="17" VPOS="2870" HPOS="2064"/><String ID="p799_w1164" CONTENT="and" HPOS="2081" VPOS="2870" WIDTH="62" HEIGHT="75" STYLEREFS="font0"/><SP WIDTH="15" VPOS="2870" HPOS="2143"/><String ID="p799_w1165" CONTENT="equal-" HPOS="2158" VPOS="2870" WIDTH="104" HEIGHT="75" STYLEREFS="font0"/></TextLine><TextLine WIDTH="1031" HEIGHT="75" ID="p799_t116" HPOS="1226" VPOS="2916"><String ID="p799_w1166" CONTENT="heat," HPOS="1226" VPOS="2916" WIDTH="87" HEIGHT="75" STYLEREFS="font0"/><SP WIDTH="26" VPOS="2916" HPOS="1313"/><String ID="p799_w1167" CONTENT="and" HPOS="1339" VPOS="2916" WIDTH="62" HEIGHT="75" STYLEREFS="font0"/><SP WIDTH="23" VPOS="2916" HPOS="1401"/><String ID="p799_w1168" CONTENT="alfo" HPOS="1424" VPOS="2916" WIDTH="65" HEIGHT="75" STYLEREFS="font0"/><SP WIDTH="24" VPOS="2916" HPOS="1489"/><String ID="p799_w1169" CONTENT="expofes" HPOS="1513" VPOS="2916" WIDTH="133" HEIGHT="75" STYLEREFS="font0"/><SP WIDTH="17" VPOS="2916" HPOS="1646"/><String ID="p799_w1170" CONTENT="the" HPOS="1663" VPOS="2916" WIDTH="55" HEIGHT="75" STYLEREFS="font0"/><SP WIDTH="27" VPOS="2916" HPOS="1718"/><String ID="p799_w1171" CONTENT="malt" HPOS="1745" VPOS="2916" WIDTH="79" HEIGHT="75" STYLEREFS="font0"/><SP WIDTH="23" VPOS="2916" HPOS="1824"/><String ID="p799_w1172" CONTENT="in" HPOS="1847" VPOS="2916" WIDTH="32" HEIGHT="75" STYLEREFS="font0"/><SP WIDTH="16" VPOS="2916" HPOS="1879"/><String ID="p799_w1173" CONTENT="fome" HPOS="1895" VPOS="2916" WIDTH="86" HEIGHT="75" STYLEREFS="font0"/><SP WIDTH="27" VPOS="2916" HPOS="1981"/><String ID="p799_w1174" CONTENT="degree" HPOS="2008" VPOS="2916" WIDTH="116" HEIGHT="75" STYLEREFS="font0"/><SP WIDTH="25" VPOS="2916" HPOS="2124"/><String ID="p799_w1175" CONTENT="to" HPOS="2149" VPOS="2916" WIDTH="34" HEIGHT="75" STYLEREFS="font0"/><SP WIDTH="18" VPOS="2916" HPOS="2183"/><String ID="p799_w1176" CONTENT="the" HPOS="2201" VPOS="2916" WIDTH="56" HEIGHT="75" STYLEREFS="font0"/></TextLine><TextLine WIDTH="331" HEIGHT="75" ID="p799_t117" HPOS="1227" VPOS="2962"><String ID="p799_w1177" CONTENT="tafte" HPOS="1227" VPOS="2962" WIDTH="76" HEIGHT="75" STYLEREFS="font0"/><SP WIDTH="12" VPOS="2962" HPOS="1303"/><String ID="p799_w1178" CONTENT="of" HPOS="1315" VPOS="2962" WIDTH="40" HEIGHT="75" STYLEREFS="font0"/><SP WIDTH="11" VPOS="2962" HPOS="1355"/><String ID="p799_w1179" CONTENT="the" HPOS="1366" VPOS="2962" WIDTH="54" HEIGHT="75" STYLEREFS="font0"/><SP WIDTH="17" VPOS="2962" HPOS="1420"/><String ID="p799_w1180" CONTENT="fmoak." HPOS="1437" VPOS="2962" WIDTH="121" HEIGHT="75" STYLEREFS="font0"/></TextLine><TextLine WIDTH="990" HEIGHT="75" ID="p799_t118" HPOS="1273" VPOS="3010"><String ID="p799_w1181" CONTENT="Brown" HPOS="1273" VPOS="3010" WIDTH="119" HEIGHT="75" STYLEREFS="font0"/><SP WIDTH="28" VPOS="3010" HPOS="1392"/><String ID="p799_w1182" CONTENT="malts" HPOS="1420" VPOS="3010" WIDTH="93" HEIGHT="75" STYLEREFS="font0"/><SP WIDTH="24" VPOS="3010" HPOS="1513"/><String ID="p799_w1183" CONTENT="are" HPOS="1537" VPOS="3010" WIDTH="54" HEIGHT="75" STYLEREFS="font0"/><SP WIDTH="22" VPOS="3010" HPOS="1591"/><String ID="p799_w1184" CONTENT="dried" HPOS="1613" VPOS="3010" WIDTH="91" HEIGHT="75" STYLEREFS="font0"/><SP WIDTH="18" VPOS="3010" HPOS="1704"/><String ID="p799_w1185" CONTENT="with" HPOS="1722" VPOS="3010" WIDTH="79" HEIGHT="75" STYLEREFS="font0"/><SP WIDTH="23" VPOS="3010" HPOS="1801"/><String ID="p799_w1186" CONTENT="ftraw," HPOS="1824" VPOS="3010" WIDTH="106" HEIGHT="75" STYLEREFS="font0"/><SP WIDTH="25" VPOS="3010" HPOS="1930"/><String ID="p799_w1187" CONTENT="wood," HPOS="1955" VPOS="3010" WIDTH="108" HEIGHT="75" STYLEREFS="font0"/><SP WIDTH="25" VPOS="3010" HPOS="2063"/><String ID="p799_w1188" CONTENT="and" HPOS="2088" VPOS="3010" WIDTH="62" HEIGHT="75" STYLEREFS="font0"/><SP WIDTH="27" VPOS="3010" HPOS="2150"/><String ID="p799_w1189" CONTENT="fern;" HPOS="2177" VPOS="3010" WIDTH="86" HEIGHT="75" STYLEREFS="font0"/></TextLine></PrintSpace></Page></Layout></alto>