2397 3387
178 173 83 75 562

733 173 36 75 B
857 173 34 75 L
977 173 35 75 E
1100 173 44 75 A

225 236 86 75 This
328 236 155 75 alternate
500 236 110 75 courfe
626 236 39 75 of
676 236 141 75 bucking
833 236 65 75 and
912 236 165 75 watering,
1101 236 28 75 is
1145 236 72 75 per-

180 284 126 75 formed
316 284 50 75 for
378 284 55 75 the
441 284 79 75 moft
527 284 84 75 part,
621 284 84 75 from
715 284 53 75 ten
777 284 35 75 to
824 284 118 75 fixteen
952 284 106 75 time^,
1066 284 37 75 or
1115 284 102 75 more,

178 330 113 75 before
303 330 55 75 the
370 330 84 75 linen
466 330 26 75 is
505 330 36 75 fit
558 330 52 75 for
621 330 149 75 fouring;
789 330 168 75 gradually
971 330 175 75 increafing
1162 330 56 75 the

179 377 140 75 Itrength
332 377 40 75 of
379 377 55 75 the
446 377 53 75 lye
514 377 84 75 from
609 377 127 75 thefirft
746 377 34 75 to
792 377 55 75 the
860 377 120 75 middle
992 377 152 75 bucking,
1155 377 64 75 and

179 424 85 75 from
281 424 71 75 that
368 424 166 75 gradually
551 424 183 75 decreafmg
750 424 29 75 it
791 424 51 75 till
870 424 56 75 the
948 424 127 75 fouring
1093 424 123 75 begins.

178 471 78 75 The
279 471 69 75 lyes
373 471 32 75 in
428 471 57 75 the
500 471 122 75 middle
638 471 154 75 buckings
810 471 54 75 are
888 471 163 75 generally
1076 471 97 75 about
1199 471 18 75 a

178 518 88 75 third
283 518 143 75 Wronger
442 518 77 75 than
536 518 55 75 the
608 518 64 75 firft
689 518 62 75 and
767 518 70 75 laft.

229 564 152 75 Souring,
407 564 38 75 or
461 564 56 75 the
533 564 190 75 application
752 564 40 75 of
815 564 86 75 acids
927 564 35 75 to
987 564 103 75 cloth,
1114 564 28 75 is
1160 564 56 75 the

178 612 111 75 fourth
307 612 178 75 operation.
533 612 33 75 It
583 612 26 75 is
627 612 136 75 difficult
783 612 36 75 to
842 612 55 75 fay
913 612 93 75 when
1023 612 64 75 this
1104 612 109 75 opera-

177 659 70 75 tion
270 659 111 75 fhould
406 659 195 75 commence,
626 659 63 75 and
716 659 141 75 depends
885 659 114 75 moftly
1016 659 40 75 on
1074 659 55 75 the
1146 659 69 75 fkill

175 705 64 75 and
256 705 190 75 experience
463 705 41 75 of
515 705 55 75 the
590 705 160 75 bleacher.
801 705 113 75 When
930 705 55 75 the
997 705 88 75 cloth
1101 705 57 75 has
1176 705 39 75 an

176 753 97 75 equal
300 753 127 75 colour,
452 753 65 75 and
543 753 28 75 is
598 753 115 75 moftly
738 753 91 75 freed
857 753 85 75 from
968 753 57 75 the
1052 753 99 75 fprat,
1176 753 40 75 or

175 799 95 75 outer
285 799 80 75 bark
377 799 41 75 of
432 799 55 75 the
504 799 72 75 lint,
596 799 31 75 it
642 799 28 75 is
686 799 77 75 then
780 799 141 75 thought
937 799 35 75 fit
990 799 53 75 for
1057 799 131 75 fouring
1201 799 12 75 ;

176 846 105 75 which
304 846 27 75 is
358 846 186 75 performed
565 846 32 75 in
625 846 58 75 the
707 846 168 75 following
899 846 143 75 manner.
1099 846 75 75 Into
1197 846 18 75 a

175 893 89 75 large
281 893 52 75 vat
351 893 37 75 or
404 893 94 75 veflel
514 893 28 75 is
558 893 151 75 powered
725 893 75 75 fuch
826 893 18 75 a
863 893 150 75 quantity
1037 893 40 75 of
1089 893 125 75 butter-

177 939 92 75 milk,
296 939 37 75 or
349 939 73 75 four
438 939 91 75 milk,
555 939 33 75 as
606 939 67 75 will
690 939 190 75 fufficiently
896 939 63 75 wet
981 939 56 75 the
1053 939 65 75 firft
1146 939 70 75 row

177 986 40 75 of
236 986 111 75 cloth;
373 986 106 75 which
496 986 26 75 is
550 986 67 75 tied
640 986 42 75 up
707 986 31 75 in
766 986 87 75 loofe
877 986 100 75 folds,
1002 986 64 75 and
1093 986 122 75 preffed

176 1032 95 75 down
294 1032 43 75 by
353 1032 66 75 two
439 1032 38 75 or
499 1032 91 75 three
607 1032 73 75 men
701 1032 217 75 bare-footed.
967 1032 37 75 If
1015 1032 56 75 the
1088 1032 78 75 milk
1186 1032 27 75 is

174 1079 105 75 thick,
305 1079 98 75 about
419 1079 39 75 an
476 1079 111 75 eighth
605 1079 40 75 of
667 1079 99 75 water
782 1079 27 75 is
838 1079 106 75 added
961 1079 34 75 to
1012 1079 25 75 it
1085 1079 33 75 if
1130 1079 83 75 thin,

175 1127 42 75 no
233 1127 112 75 water.
397 1127 99 75 Sours
514 1127 93 75 made
624 1127 78 75 with
718 1127 93 75 bran,
836 1127 37 75 or
898 1127 156 75 rye-meal
1071 1127 64 75 and
1150 1127 64 75 wa-

174 1173 63 75 ter,
263 1173 54 75 are
333 1173 91 75 often
441 1173 77 75 ufed
533 1173 119 75 inftead
669 1173 40 75 of
720 1173 92 75 milk,
838 1173 63 75 and
917 1173 75 75 ufed
1006 1173 208 75 milk-warm.

175 1219 91 75 Over
282 1219 55 75 the
353 1219 64 75 firft
433 1219 70 75 row
527 1219 40 75 of
581 1219 89 75 cloth
687 1219 19 75 a
723 1219 149 75 quantity
888 1219 41 75 of
940 1219 79 75 milk
1035 1219 64 75 and
1116 1219 99 75 water

174 1266 27 75 is
228 1266 142 75 thrown,
395 1266 35 75 to
457 1266 41 75 be
524 1266 142 75 imbibed
690 1266 44 75 by
761 1266 56 75 the
844 1266 136 75 fecond;
1016 1266 63 75 and
1095 1266 34 75 fo
1145 1266 27 75 it
1187 1266 27 75 is

175 1313 172 75 continued
370 1313 51 75 till
444 1313 56 75 the
527 1313 84 75 linen
639 1313 36 75 to
698 1313 40 75 be
757 1313 116 75 foured
887 1313 27 75 is
931 1313 190 75 fufficiently
1136 1313 77 75 wet,

177 1359 62 75 and
256 1359 56 75 the
328 1359 110 75 liquor
454 1359 75 75 rifes
546 1359 77 75 over
639 1359 56 75 the
719 1359 118 75 whole.
885 1359 78 75 The
979 1359 90 75 cloth
1085 1359 28 75 is
1137 1359 77 75 then

176 1406 79 75 kept
271 1406 95 75 down
383 1406 45 75 by
444 1406 112 75 covers
573 1406 88 75 filled
677 1406 81 75 with
778 1406 105 75 holes,
909 1406 63 75 and
987 1406 130 75 fecured
1135 1406 78 75 with

175 1453 19 75 a
210 1453 67 75 poft
293 1453 89 75 fixed
398 1453 35 75 to
456 1453 56 75 the
533 1453 86 75 joift,
651 1453 72 75 that
750 1453 26 75 it
806 1453 74 75 may
907 1453 57 75 not
993 1453 72 75 rife.
1116 1453 98 75 Some

175 1500 99 75 hours
295 1500 83 75 after
397 1500 56 75 the
470 1500 89 75 cloth
587 1500 58 75 has
673 1500 81 75 been
782 1500 33 75 in
831 1500 57 75 the
904 1500 86 75 four,
1014 1500 199 75 air-bubbles

174 1547 92 75 arife,
293 1547 19 75 a
327 1547 99 75 white
442 1547 88 75 fcum
546 1547 27 75 is
585 1547 102 75 found
704 1547 40 75 on
763 1547 56 75 the
834 1547 138 75 furface,
996 1547 63 75 and
1075 1547 40 75 an
1130 1547 83 75 inte-

172 1593 79 75 ftine
269 1593 121 75 motion
408 1593 76 75 goes
501 1593 41 75 on
563 1593 33 75 in
613 1593 56 75 the
685 1593 121 75 liquor.
856 1593 39 75 In
911 1593 100 75 warm
1026 1593 142 75 weather
1187 1593 27 75 it

172 1640 134 75 appears
330 1640 125 75 fooner,
488 1640 26 75 is
544 1640 155 75 ftronger,
725 1640 62 75 and
815 1640 80 75 ends
923 1640 126 75 fooner,
1074 1640 78 75 than
1179 1640 34 75 in

172 1687 77 75 cold
264 1687 154 75 weather.
468 1687 69 75 Juft
553 1687 111 75 before
681 1687 63 75 this
760 1687 240 75 fermentation,
1017 1687 106 75 which
1139 1687 74 75 lafts

171 1733 62 75 five
250 1733 37 75 or
303 1733 48 75 fix
368 1733 92 75 days,
485 1733 27 75 is
530 1733 141 75 finifhed,
698 1733 32 75 at
748 1733 106 75 which
871 1733 77 75 time
965 1733 55 75 the
1033 1733 86 75 fcum
1137 1733 74 75 falls

173 1780 109 75 down,
300 1780 55 75 the
367 1780 89 75 cloth
473 1780 112 75 fhould
596 1780 40 75 be
652 1780 97 75 taken
766 1780 69 75 out,
854 1780 116 75 rinfed,
989 1780 221 75 mill-wafhed,

174 1827 62 75 and
253 1827 164 75 delivered
432 1827 36 75 to
484 1827 56 75 the
556 1827 124 75 women
705 1827 35 75 to
764 1827 40 75 be
821 1827 124 75 wafhed
961 1827 79 75 with
1057 1827 75 75 foap
1149 1827 63 75 and

172 1873 113 75 water.

221 1920 157 75 Wafhing
399 1920 79 75 with
496 1920 74 75 foap
588 1920 62 75 and
666 1920 112 75 water,
805 1920 27 75 is
859 1920 56 75 the
931 1920 74 75 fifth
1023 1920 188 75 operation;

171 1967 65 75 and
252 1967 27 75 is
295 1967 184 75 performed
496 1967 88 75 thus.
632 1967 88 75 Two
731 1967 124 75 women
873 1967 55 75 are
944 1967 112 75 placed
1073 1967 139 75 oppofite

172 2013 35 75 at
224 2013 78 75 each
319 2013 71 75 tub,
415 2013 106 75 which
535 2013 26 75 is
579 2013 92 75 made
694 2013 41 75 of
748 2013 79 75 very
842 2013 92 75 thick
949 2013 115 75 ftaves,
1087 2013 35 75 fo
1141 2013 71 75 that

173 2060 56 75 the
246 2060 109 75 edges,
381 2060 105 75 which
503 2060 83 75 dope
598 2060 152 75 inwards,
775 2060 55 75 are
847 2060 98 75 about
963 2060 73 75 four
1051 2060 110 75 inches
1177 2060 35 75 in

173 2107 172 75 thicknefs.
395 2107 33 75 A
446 2107 90 75 fmall
550 2107 95 75 veffel
661 2107 61 75 full
739 2107 40 75 of
789 2107 100 75 warm
916 2107 100 75 water
1042 2107 28 75 is
1097 2107 117 75 placed

173 2155 32 75 in
226 2155 78 75 each
321 2155 70 75 tub.
439 2155 78 75 The
531 2155 90 75 cloth
650 2155 27 75 is
705 2155 113 75 folded
843 2155 35 75 fo
905 2155 72 75 that
1003 2155 57 75 the
1087 2155 125 75 felvage

173 2201 75 75 may
263 2201 39 75 be
319 2201 64 75 firft
399 2201 121 75 rubbed
538 2201 78 75 with
645 2201 75 75 fbap
745 2201 63 75 and
832 2201 100 75 warm
960 2201 99 75 water
1085 2201 126 75 length-

174 2247 101 75 ways,
301 2247 50 75 till
368 2247 26 75 it
411 2247 30 75 is
453 2247 192 75 fufficiently
660 2247 220 75 impregnated
895 2247 79 75 with
991 2247 40 75 it.
1091 2247 39 75 In
1147 2247 66 75 this

173 2294 132 75 manner
320 2294 44 75 all
380 2294 55 75 the
452 2294 106 75 parcel
575 2294 27 75 is
615 2294 123 75 rubbed
751 2294 78 75 with
843 2294 88 75 foap,
948 2294 63 75 and
1023 2294 189 75 afterwards

176 2342 124 75 carried
316 2342 35 75 to
367 2342 39 75 be
422 2342 139 75 bucked.

223 2388 77 75 The
316 2388 52 75 lye
385 2388 71 75 now
477 2388 77 75 ufed
570 2388 57 75 has
657 2388 41 75 no
725 2388 75 75 foap
824 2388 33 75 in
881 2388 39 75 it,
945 2388 117 75 except
1077 2388 88 75 what
1185 2388 28 75 it

173 2435 70 75 gets
266 2435 83 75 from
373 2435 56 75 the
453 2435 88 75 cloth
557 2435 10 75 ;
602 2435 63 75 and
689 2435 28 75 is
747 2435 94 75 equal
868 2435 31 75 in
929 2435 140 75 ftrength
1093 2435 37 75 to
1157 2435 55 75 the

173 2480 37 75 ftj
218 2480 107 75 ongeft
341 2480 156 75 formerly
512 2480 90 75 ufed,
626 2480 38 75 or
680 2480 110 75 rather
817 2480 155 75 ftronger,
996 2480 132 75 becaule
1156 2480 55 75 the

173 2527 91 75 cloth
282 2527 27 75 is
327 2527 74 75 now
416 2527 58 75 put
489 2527 33 75 in
548 2527 75 75 wet.
688 2527 97 75 From
814 2527 57 75 the
897 2527 120 75 former
1045 2527 166 75 operation

173 2575 89 75 thefe
286 2575 69 75 lyes
384 2575 53 75 are
465 2575 168 75 gradually
659 2575 93 75 made
779 2575 157 75 ftronger,
960 2575 50 75 till
1038 2575 55 75 die
1121 2575 92 75 cloth

171 2622 102 75 feems
289 2622 41 75 of
342 2622 39 75 an
398 2622 140 75 uniform
554 2622 112 75 white,
690 2622 58 75 nor
774 2622 62 75 any
857 2622 157 75 darknefs
1032 2622 39 75 or
1097 2622 113 75 brown

174 2669 113 75 colour
303 2669 130 75 appears
449 2669 32 75 in
498 2669 40 75 its
555 2669 138 75 ground.
743 2669 98 75 After
857 2669 64 75 this
938 2669 55 75 the
1010 2669 51 75 lye
1078 2669 27 75 is
1122 2669 89 75 more

174 2715 143 75 fpeedily
333 2715 174 75 weakened
520 2715 76 75 than
614 2715 26 75 it
657 2715 64 75 was
736 2715 183 75 increafed;
946 2715 34 75 fo
996 2715 70 75 that
1083 2715 55 75 the
1154 2715 59 75 laft

172 2763 107 75 which
299 2763 56 75 the
374 2763 88 75 cloth
480 2763 82 75 gets,
588 2763 27 75 is
638 2763 126 75 weaker
779 2763 78 75 than
882 2763 61 75 any
958 2763 28 75 it
1001 2763 56 75 got
1075 2763 122 75 before.

219 2807 68 75 But
303 2807 56 75 the
376 2807 221 75 management
625 2807 39 75 of
683 2807 89 75 fours
799 2807 27 75 is
854 2807 171 75 different;
1052 2807 52 75 for
1132 2807 77 75 they

174 2861 54 75 are
247 2861 74 75 ufed
338 2861 152 75 ftrongeft
508 2861 32 75 at
558 2861 75 75 firft,
659 2861 62 75 and
744 2861 171 75 decreafed
938 2861 33 75 fo
996 2861 31 75 in
1054 2861 158 75 ftrength,

173 2906 72 75 that
262 2906 56 75 the
334 2906 57 75 laft
407 2906 86 75 four,
519 2906 197 75 confidering
741 2906 55 75 the
824 2906 88 75 cloth
940 2906 26 75 is
993 2906 77 75 then
1088 2906 120 75 always

173 2952 93 75 taken
285 2952 42 75 up
344 2952 76 75 wet,
444 2952 74 75 may
542 2952 40 75 be
601 2952 160 75 reckoned
777 2952 35 75 to
829 2952 128 75 contain
974 2952 90 75 three
1079 2952 130 75 fourths

171 2999 42 75 of
224 2999 113 75 water.

1233 174 35 75 C
1354 174 44 75 H
1483 174 18 75 I
1587 174 45 75 N
1718 174 53 75 G.

1314 238 99 75 From
1429 238 56 75 the
1501 238 141 75 bucking
1657 238 25 75 it
1701 238 77 75 goes
1799 238 36 75 to
1852 238 56 75 the
1924 238 168 75 watering,
2118 238 33 75 as
2168 238 137 75 former-

1268 284 45 75 ly,
1339 284 167 75 obferving
1531 284 78 75 only
1633 284 34 75 to
1690 284 128 75 overlap
1847 284 57 75 the
1931 284 153 75 felvages,
2119 284 60 75 and
2208 284 44 75 tie
2279 284 27 75 it

1268 330 95 75 down
1380 330 78 75 with
1476 330 107 75 cords,
1608 330 71 75 that
1694 330 25 75 it
1737 330 73 75 may
1837 330 58 75 not
1922 330 89 75 tear;
2038 330 76 75 then
2137 330 25 75 it
2181 330 125 75 returns

1269 377 35 75 to
1320 377 56 75 the
1392 377 85 75 four,
1502 377 136 75 milling,
1663 377 150 75 wafhing,
1839 377 151 75 bucking,
2017 377 61 75 and
2102 377 155 75 watering
2272 377 33 75 a-

1268 424 86 75 gain.
1401 424 111 75 Thefe
1533 424 181 75 operations
1731 424 132 75 fucceed
1879 424 60 75 one
1963 424 135 75 another
2115 424 192 75 alternately

1267 470 50 75 till
1341 470 55 75 the
1425 470 86 75 cloth
1534 470 27 75 is
1587 470 160 75 whitened
1761 470 11 75 ;
1799 470 34 75 at
1855 470 104 75 which
1989 470 78 75 time
2093 470 27 75 it
2144 470 26 75 is
2196 470 108 75 blued,

1267 518 157 75 ftarched,
1450 518 62 75 and
1528 518 105 75 dried.

1314 564 86 75 This
1417 564 26 75 is
1467 564 55 75 the
1539 564 133 75 method
1700 564 75 75 ufed
1792 564 32 75 in
1842 564 56 75 the
1915 564 176 75 whitening
2108 564 61 75 fine
2186 564 119 75 cloths.

1266 611 76 75 The
1360 611 167 75 following
1548 611 27 75 is
1604 611 55 75 the
1688 611 133 75 method
1844 611 75 75 ufed
1947 611 32 75 in
2005 611 55 75 the
2078 611 179 75 whitening
2270 611 40 75 of

1267 658 105 75 coarfe
1389 658 119 75 cloths.

1313 705 131 75 Having
1459 705 108 75 forted
1583 705 56 75 the
1656 705 119 75 cloths,
1800 705 171 75 according
1999 705 34 75 to
2059 705 84 75 their
2166 705 137 75 quality,

1265 752 78 75 they
1365 752 54 75 are
1435 752 127 75 fteeped
1577 752 33 75 in
1627 752 55 75 the
1699 752 83 75 fame
1800 752 131 75 manner
1955 752 34 75 as
2015 752 54 75 the
2086 752 75 75 fine,
2188 752 116 75 rinfed,

1266 797 124 75 wafhed
1407 797 31 75 in
1456 797 56 75 the
1529 797 82 75 mill,
1637 797 63 75 and
1716 797 91 75 dried
1825 797 113 75 before
1954 797 135 75 boiling.

1313 845 37 75 In
1368 845 64 75 this
1449 845 140 75 procefs,
1613 845 122 75 boiling
1752 845 137 75 fupplies
1906 845 54 75 the
1977 845 91 75 place
2093 845 40 75 of
2149 845 157 75 bucking,

1265 892 34 75 as
1315 892 26 75 it
1364 892 90 75 takes
1471 892 60 75 lefs
1548 892 90 75 time,
1665 892 61 75 and
1743 892 228 75 confequently
1988 892 26 75 is
2032 892 140 75 thought
2189 892 115 75 cheap-

1265 939 56 75 eft.
1370 939 32 75 It
1425 939 27 75 is
1472 939 84 75 done
1572 939 32 75 in
1620 939 55 75 the
1692 939 167 75 following
1875 939 131 75 manner
2018 939 9 75 :
2049 939 66 75 200
2127 939 49 75 lb.
2190 939 116 75 caflrub

1264 985 100 75 afhes,
1396 985 65 75 100
1479 985 50 75 lb.
1557 985 97 75 white
1677 985 172 75 Mufcovy,
1875 985 63 75 and
1963 985 43 75 30
2020 985 49 75 lb.
2098 985 208 75 pearl-afhes,

1264 1032 107 75 boiled
1387 1032 32 75 in
1441 1032 62 75 105
1525 1032 95 75 Scots
1641 1032 123 75 gallons
1781 1032 40 75 of
1837 1032 101 75 water
1958 1032 51 75 for
2029 1032 19 75 a
2064 1032 132 75 quarter
2213 1032 40 75 of
2264 1032 41 75 an

1264 1078 95 75 hour,
1385 1078 34 75 as
1437 1078 31 75 in
1485 1078 56 75 the
1557 1078 126 75 procefs
1700 1078 51 75 for
1768 1078 54 75 the
1839 1078 61 75 fine
1918 1078 100 75 cloth,
2037 1078 108 75 makes
2162 1078 55 75 the
2233 1078 71 75 nrto-

1265 1125 72 75 tber
1353 1125 37 75 or
1407 1125 64 75 firft
1487 1125 66 75 lye.
1601 1125 78 75 The
1703 1125 211 75 cloth-boiler
1940 1125 28 75 is
1994 1125 76 75 then
2098 1125 35 75 to
2161 1125 39 75 be
2217 1125 88 75 filled

1265 1172 66 75 two
1347 1172 105 75 thirds
1469 1172 61 75 full
1547 1172 79 75 with
1655 1172 100 75 water
1781 1172 62 75 and
1871 1172 209 75 mother-lye,
2105 1172 98 75 about
2231 1172 74 75 nine

1265 1218 86 75 parts
1369 1218 41 75 of
1422 1218 54 75 the
1494 1218 120 75 former
1631 1218 35 75 to
1678 1218 61 75 one
1756 1218 40 75 of
1807 1218 55 75 the
1879 1218 95 75 latter
1986 1218 11 75 ;
2023 1218 35 75 fo
2078 1218 71 75 that
2172 1218 55 75 the
2250 1218 54 75 lye

1259 1264 80 75 nfed
1356 1264 51 75 for
1424 1264 125 75 boiling
1567 1264 56 75 the
1639 1264 107 75 coarfe
1763 1264 101 75 cloth,
1884 1264 27 75 is
1924 1264 97 75 about
2038 1264 19 75 a
2072 1264 88 75 third
2177 1264 127 75 weaker

1264 1311 77 75 than
1358 1311 70 75 that
1445 1311 75 75 ufed
1536 1311 31 75 in
1584 1311 139 75 bucking
1744 1311 54 75 the
1815 1311 74 75 fine.
1940 1311 88 75 Such
2054 1311 19 75 a
2100 1311 149 75 quantity
2266 1311 44 75 of

1264 1358 88 75 cloth
1374 1358 27 75 is
1427 1358 58 75 put
1512 1358 70 75 into
1609 1358 56 75 the
1693 1358 168 75 foregoing
1884 1358 149 75 quantity
2059 1358 42 75 of
2118 1358 64 75 lye,
2209 1358 96 75 when

1264 1405 85 75 cold,
1376 1405 34 75 as
1429 1405 57 75 can
1502 1405 41 75 be
1566 1405 75 75 well
1658 1405 137 75 covered
1812 1405 43 75 by
1871 1405 38 75 it.
1959 1405 76 75 The
2048 1405 52 75 lye
2117 1405 27 75 is
2162 1405 140 75 brought

1264 1452 168 75 gradually
1444 1452 37 75 to
1494 1452 55 75 the
1566 1452 79 75 boil,
1664 1452 62 75 and
1742 1452 78 75 kept
1832 1452 122 75 boiling
1966 1452 50 75 for
2033 1452 66 75 two
2108 1452 97 75 hours
2217 1452 10 75 ;
2246 1452 57 75 the

1264 1498 88 75 cloth
1378 1498 94 75 being
1492 1498 87 75 fixed
1603 1498 96 75 down
1728 1498 42 75 all
1797 1498 55 75 the
1880 1498 88 75 time,
1994 1498 71 75 that
2089 1498 25 75 it
2139 1498 77 75 does
2245 1498 58 75 not

1264 1546 58 75 rife
1339 1546 101 75 above
1466 1546 58 75 the
1547 1546 121 75 liquor.
1726 1546 77 75 The
1831 1546 89 75 cloth
1947 1546 27 75 is
2002 1546 77 75 then
2106 1546 96 75 taken
2230 1546 75 75 out,

1263 1592 111 75 fpread
1390 1592 42 75 on
1448 1592 55 75 the
1519 1592 89 75 field,
1634 1592 63 75 and
1713 1592 153 75 watered,
1891 1592 33 75 as
1942 1592 182 75 mentioned
2141 1592 110 75 before
2267 1592 36 75 in

1263 1639 55 75 the
1334 1639 62 75 fine
1412 1639 101 75 cloth.

1309 1686 51 75 As
1376 1686 56 75 the
1447 1686 76 75 falls
1541 1686 40 75 of
1592 1686 56 75 the
1664 1686 52 75 lye
1732 1686 54 75 are
1806 1686 57 75 not
1880 1686 174 75 exhaufted
2070 1686 44 75 by
2137 1686 63 75 this
2216 1686 84 75 boil-

1262 1732 67 75 ing,
1354 1732 56 75 the
1426 1732 83 75 fame
1526 1732 26 75 is
1570 1732 173 75 continued
1760 1732 35 75 to
1811 1732 41 75 be
1869 1732 77 75 ufed
1963 1732 42 75 all
2021 1732 72 75 that
2118 1732 76 75 day,
2221 1732 79 75 add-

1263 1779 67 75 ing,
1355 1779 33 75 at
1405 1779 78 75 each
1507 1779 135 75 boiling,
1668 1779 34 75 fo
1726 1779 96 75 much
1839 1779 41 75 of
1900 1779 55 75 the
1969 1779 196 75 mother-lye
2182 1779 33 75 as
2233 1779 69 75 will

1262 1825 93 75 bring
1370 1825 26 75 it
1409 1825 35 75 to
1460 1825 55 75 the
1532 1825 83 75 fame
1632 1825 141 75 ftrength
1790 1825 33 75 as
1841 1825 33 75 at
1889 1825 79 75 firft.
1999 1825 78 75 The
2093 1825 52 75 lye
2162 1825 42 75 by
2216 1825 84 75 boil-

1262 1873 54 75 ing
1331 1873 82 75 lofes
1437 1873 34 75 in
1496 1873 149 75 quantity
1673 1873 173 75 fomewhat
1872 1873 138 75 betwixt
2038 1873 18 75 a
2080 1873 88 75 third
2191 1873 63 75 and
2281 1873 20 75 a

1261 1918 112 75 fourth
1385 1918 10 75 ;
1421 1918 64 75 and
1497 1918 81 75 they
1593 1918 118 75 reckon
1728 1918 71 75 that
1815 1918 32 75 in
1865 1918 140 75 ftrength
2026 1918 26 75 it
2067 1918 81 75 lofes
2165 1918 97 75 about
2279 1918 23 75 a

1260 1965 82 75 half,
1374 1965 133 75 becaufe
1534 1965 80 75 they
1646 1965 66 75 find
1734 1965 34 75 in
1793 1965 146 75 pra<5iice,
1966 1965 70 75 that
2065 1965 117 75 adding
2210 1965 36 75 to
2272 1965 28 75 it

1261 2012 75 75 half
1346 2012 40 75 its
1404 2012 120 75 former
1548 2012 141 75 ftrength
1704 2012 33 75 in
1754 2012 81 75 frefti
1852 2012 66 75 lye,
1942 2012 57 75 has
2025 2012 55 75 the
2104 2012 84 75 fame
2204 2012 96 75 effefl

1261 2058 41 75 on
1319 2058 103 75 cloth.
1468 2058 183 75 Therefore
1667 2058 86 75 fome
1768 2058 83 75 frefti
1869 2058 67 75 lye,
1951 2058 183 75 containing
2151 2058 17 75 a
2187 2058 113 75 fourth

1261 2105 72 75 part
1350 2105 40 75 of
1402 2105 54 75 the
1473 2105 113 75 water,
1604 2105 63 75 and
1682 2105 56 75 the
1748 2105 75 75 half
1835 2105 40 75 of
1887 2105 55 75 the
1958 2105 140 75 ftrength
2111 2105 40 75 of
2163 2105 55 75 the
2234 2105 65 75 firft

1262 2152 65 75 lye,
1353 2152 109 75 makes
1479 2152 56 75 the
1559 2152 116 75 fecond
1703 2152 103 75 boiler
1832 2152 96 75 equal
1956 2152 32 75 in
2016 2152 141 75 ftrength
2185 2152 35 75 to
2244 2152 56 75 the

1262 2198 77 75 firft.
1388 2198 57 75 To
1461 2198 56 75 the
1531 2198 90 75 third
1638 2198 101 75 boiler
1755 2198 79 75 they
1851 2198 63 75 add
1930 2198 173 75 fomewhat
2119 2198 90 75 more
2221 2198 79 75 than

1262 2245 55 75 the
1334 2245 121 75 former
1471 2245 200 75 proportion,
1697 2245 63 75 and
1776 2245 42 75 go
1835 2245 41 75 on
1893 2245 62 75 ftill
1977 2245 171 75 increafing
2176 2245 120 75 gradu-

1263 2293 64 75 ally
1349 2293 36 75 to
1401 2293 57 75 the
1474 2293 111 75 fourth
1603 2293 62 75 and
1681 2293 86 75 fifth,
1792 2293 106 75 which
1915 2293 28 75 is
1961 2293 33 75 as
2019 2293 95 75 much
2132 2293 34 75 as
2184 2293 56 75 can
2259 2293 40 75 be

1262 2339 83 75 done
1364 2339 33 75 in
1413 2339 19 75 a
1454 2339 79 75 day.
1578 2339 77 75 The
1672 2339 104 75 boiler
1804 2339 27 75 is
1858 2339 78 75 then
1964 2339 144 75 cleaned,
2134 2339 63 75 and
2218 2339 81 75 next

1262 2386 62 75 day
1340 2386 79 75 they
1439 2386 94 75 begin
1550 2386 79 75 with
1646 2386 83 75 frelh
1745 2386 66 75 lye.
1860 2386 109 75 Thefe
1986 2386 159 75 additions
2162 2386 41 75 of
2213 2386 84 75 frefti

1260 2433 53 75 lye
1330 2433 102 75 ought
1448 2433 119 75 always
1584 2433 34 75 to
1634 2433 41 75 be
1691 2433 94 75 made
1800 2433 45 75 by
1862 2433 55 75 the
1945 2433 291 75 mafter-bleacher,
2263 2433 36 75 as

1261 2479 25 75 it
1304 2479 145 75 requires
1462 2479 171 75 judgment
1650 2479 35 75 to
1702 2479 93 75 bring
1810 2479 188 75 fucceeding
2014 2479 69 75 lyes
2100 2479 35 75 to
2148 2479 55 75 the
2214 2479 87 75 fame

1260 2525 142 75 ftrength
1419 2525 33 75 as
1469 2525 56 75 the
1545 2525 77 75 firft.

1307 2572 111 75 When
1435 2572 55 75 the
1508 2572 89 75 cloth
1613 2572 107 75 comes
1741 2572 35 75 to
1793 2572 54 75 get
1871 2572 58 75 the
1949 2572 117 75 fecond
2081 2572 134 75 boiling,
2240 2572 58 75 the

1260 2620 52 75 lye
1329 2620 110 75 ftiould
1457 2620 39 75 be
1513 2620 18 75 a
1546 2620 85 75 little
1648 2620 155 75 ftronger,
1821 2620 99 75 about
1936 2620 18 75 a
1971 2620 146 75 thirtieth
2135 2620 82 75 part,
2236 2620 62 75 and

1260 2666 56 75 the
1328 2666 199 75 deficiencies
1544 2666 92 75 made
1647 2666 43 75 up
1701 2666 32 75 in
1747 2666 55 75 the
1818 2666 84 75 fame
1917 2666 202 75 proportion.
2169 2666 65 75 For
2250 2666 49 75 fix

1261 2712 36 75 or
1312 2712 94 75 feven
1417 2712 153 75 boilings,
1594 2712 38 75 or
1648 2712 116 75 fewer,
1785 2712 31 75 if
1827 2712 57 75 the
1900 2712 88 75 cloth
2008 2712 40 75 be
2065 2712 82 75 thin,
2174 2712 55 75 the
2245 2712 53 75 lye

1259 2758 27 75 is
1303 2758 162 75 increafed
1486 2758 32 75 in
1544 2758 65 75 this
1631 2758 84 75 way,
1742 2758 62 75 and
1828 2758 74 75 then
1927 2758 168 75 gradually
2110 2758 191 75 diminiflied

1260 2806 51 75 till
1334 2806 57 75 the
1414 2806 88 75 cloth
1518 2806 28 75 is
1563 2806 36 75 fit
1616 2806 52 75 for
1684 2806 140 75 fouring.
1857 2806 76 75 The
1949 2806 124 75 whiteft
2090 2806 87 75 cloth
2195 2806 104 75 ought

1260 2852 118 75 always
1392 2852 37 75 to
1440 2852 39 75 be
1496 2852 108 75 boiled
1619 2852 83 75 firft,
1713 2852 73 75 that
1801 2852 26 75 it
1843 2852 74 75 may
1932 2852 57 75 not
2008 2852 39 75 be
2063 2852 76 75 hurt
2155 2852 43 75 by
2210 2852 89 75 what

1259 2899 75 75 goes
1351 2899 124 75 before.

1305 2946 39 75 In
1360 2946 64 75 this
1445 2946 138 75 procefs,
1601 2946 36 75 if
1643 2946 55 75 the
1715 2946 89 75 cloth
1821 2946 115 75 cannot
1948 2946 39 75 be
2000 2946 56 75 got
2072 2946 62 75 dry
2146 2946 51 75 for
2213 2946 86 75 boil-

1256 2993 68 75 ing,
1349 2993 136 75 bufinefs
1508 2993 79 75 does
1611 2993 57 75 not
1694 2993 68 75 flop
1780 2993 34 75 as
1830 2993 33 75 in
1880 2993 56 75 the
1951 2993 62 75 fine
2027 2993 11 75 ;
2064 2993 51 75 for
2138 2993 85 75 after
2239 2993 59 75 the

2187 3034 107 75 coarfe
