2517 3387
812 199 35 75 B
964 199 40 75 O
1120 199 39 75 T

179 277 77 75 The
272 277 113 75 Root
404 277 33 75 a,
463 277 26 75 is
506 277 40 75 of
564 277 55 75 the
631 277 141 75 branchy
788 277 90 75 kind,
904 277 61 75 and
982 277 172 75 perennial.

179 323 76 75 The
269 323 150 75 Leaves
433 323 40 75 of
486 323 118 75 (which
622 323 17 75 b
652 323 29 75 in
700 323 53 75 the
765 323 84 75 plate
866 323 25 75 is
909 323 39 75 an
965 323 135 75 outline)
1112 323 53 75 are
1177 323 33 75 a-

228 368 76 75 bout
322 368 118 75 fixteen
454 368 30 75 in
501 368 143 75 number,
662 368 88 75 grow
766 368 76 75 near
853 368 56 75 the
921 368 82 75 root,
1029 368 95 75 about
1143 368 65 75 two

228 415 64 75 feet
309 415 86 75 long,
413 415 61 75 and
491 415 52 75 are
560 415 158 75 furnifhed
737 415 75 75 with
831 415 109 75 petioli
958 415 38 75 or
1012 415 193 75 foot-ftalks.

226 461 123 75 —The
366 461 108 75 petioli
491 461 52 75 are
560 461 97 75 about
673 461 18 75 a
707 461 69 75 foot
793 461 86 75 long,
898 461 199 75 cylindrical,
1114 461 92 75 plane

227 506 111 75 above,
363 506 136 75 fmooth,
524 506 40 75 of
583 506 18 75 a
618 506 95 75 green
733 506 125 75 colour,
881 506 55 75 but
953 506 32 75 in
1001 506 85 75 fome
1103 506 104 75 places

227 551 206 75 interfperfed
449 551 78 75 with
544 551 100 75 fmall,
669 551 135 75 narrow,
830 551 109 75 purple
964 551 84 75 fpots
1061 551 10 75 ;
1097 551 32 75 at
1152 551 54 75 the

227 600 71 75 bafe
314 600 40 75 of
373 600 55 75 the
450 600 77 75 leaf,
552 600 55 75 the
633 600 133 75 petiolus
790 600 183 75 terminates
997 600 33 75 in
1055 600 89 75 three
1167 600 41 75 or

226 645 60 75 five
302 645 86 75 large
405 645 109 75 nerves
531 645 37 75 or
585 645 77 75 ribs,
687 645 104 75 which
807 645 52 75 are
881 645 179 75 prominent
1082 645 120 75 above;

227 692 56 75 the
300 692 103 75 leaves
420 692 53 75 are
490 692 125 75 ovated,
642 692 79 75 deep
738 692 66 75 cut,
828 692 78 75 with
922 692 89 75 lharp
1032 692 114 75 lacinia
1167 692 38 75 or

228 736 155 75 fegments
396 736 10 75 ;
433 736 54 75 the
510 736 138 75 fuperior
664 736 70 75 part
749 736 41 75 of
808 736 55 75 the
880 736 70 75 bafe
966 736 26 75 is
1016 736 108 75 green,
1149 736 57 75 the

226 782 132 75 inferior
373 782 40 75 of
424 782 18 75 a
453 782 122 75 whitilh
591 782 108 75 green,
718 782 62 75 and
796 782 76 75 both
890 782 52 75 are
959 782 113 75 alit-le
1089 782 115 75 rough.

179 829 77 75 The
279 829 146 75 Caulis
451 829 37 75 or
514 829 105 75 Stem
639 829 25 75 is
689 829 97 75 eredt,
810 829 171 75 fomewhat
1004 829 199 75 cylindrical,

228 875 137 75 fiftulous
389 875 37 75 or
449 875 119 75 hollow
590 875 124 75 within,
737 875 138 75 jointed,
901 875 161 75 (heathed,
1089 875 113 75 rough,

225 922 140 75 ftriated,
389 922 96 75 about
503 922 86 75 eight
607 922 63 75 feet
686 922 92 75 high,
803 922 63 75 and
888 922 99 75 about
1012 922 64 75 two
1099 922 108 75 inches

226 967 76 75 over
328 967 75 75 near
426 967 54 75 the
498 967 83 75 bale.
633 967 33 75 It
689 967 56 75 has
767 967 147 75 fourteen
935 967 113 75 joints,
1073 967 77 75 each
1173 967 41 75 of

224 1013 118 75 which,
368 1013 84 75 from
468 1013 56 75 the
540 1013 72 75 bafe
629 1013 34 75 to
687 1013 56 75 the
766 1013 93 75 ninth
877 1013 97 75 joint,
999 1013 25 75 is
1049 1013 159 75 furnilhed

223 1060 79 75 with
321 1060 16 75 a
354 1060 147 75 refledted
517 1060 74 75 leaf,
616 1060 111 75 placed
750 1060 200 75 alternately,
976 1060 167 75 gradually
1159 1060 48 75 di-

226 1104 164 75 minilhing
407 1104 32 75 as
458 1104 74 75 they
551 1104 57 75 rife
631 1104 125 75 higher,
781 1104 61 75 and
868 1104 54 75 the
947 1104 135 75 petiolus
1108 1104 99 75 forms

228 1152 16 75 a
257 1152 75 75 kind
345 1152 39 75 of
403 1152 119 75 fheath,
548 1152 104 75 which
665 1152 158 75 embraces
837 1152 54 75 the
904 1152 89 75 ftem.

175 1198 79 75 The
282 1198 227 75 Pedunculi
541 1198 37 75 or
606 1198 277 75 Foot-stalks
912 1198 41 75 of
984 1198 54 75 the
1070 1198 138 75 flowers,

227 1242 103 75 which
349 1242 52 75 are
417 1242 181 75 numerous,
624 1242 78 75 arife
718 1242 83 75 from
818 1242 56 75 the
891 1242 55 75 alas
964 1242 36 75 or
1016 1242 145 75 arm-pits
1174 1242 41 75 of

225 1288 55 75 the
298 1288 116 75 leaves,
441 1288 52 75 are
510 1288 114 75 almofl
644 1288 96 75 eredt,
766 1288 150 75 unequal,
941 1288 140 75 ftriated,
1107 1288 100 75 cylin-

222 1335 114 75 drical,
362 1335 128 75 plainilh
507 1335 32 75 at
556 1335 55 75 the
624 1335 83 75 bafe,
725 1335 63 75 and
800 1335 56 75 out
872 1335 41 75 of
924 1335 86 75 their
1025 1335 77 75 fides
1115 1335 93 75 other

347 1487 29 75 S
403 1487 97 75 ErC
529 1487 52 75 T.
651 1487 67 75 III.
816 1487 87 75 Of
962 1487 120 75 the
1164 1487 27 75 S

198 1596 40 75 A
260 1596 22 75 S
301 1596 93 75 many
410 1596 218 75 philofophers
646 1596 63 75 and
724 1596 149 75 botanifb
890 1596 83 75 deny
996 1596 71 75 that
1087 1596 76 75 fuch
1186 1596 18 75 a

283 1640 90 75 thing
390 1640 32 75 as
440 1640 55 75 the
511 1640 175 75 dilfindHon
704 1640 38 75 of
758 1640 89 75 fexes
860 1640 89 75 takes
963 1640 87 75 place
1067 1640 31 75 in
1110 1640 92 75 vege-

176 1685 115 75 tables,
318 1685 22 75 it
358 1685 64 75 will
440 1685 39 75 be
495 1685 157 75 neceflary
669 1685 34 75 to
720 1685 70 75 give
808 1685 18 75 a
848 1685 158 75 narration
1024 1685 39 75 of
1082 1685 55 75 the
1154 1685 49 75 ar-

179 1731 145 75 guments
341 1731 168 75 employed
526 1731 42 75 by
576 1731 86 75 Loth
682 1731 113 75 parties
820 1731 41 75 on
878 1731 63 75 this
958 1731 129 75 fubjedt.
1141 1731 63 75 We

178 1775 78 75 fhall
275 1775 91 75 begin
378 1775 78 75 with
469 1775 55 75 the
540 1775 179 75 arguments
736 1775 32 75 in
785 1775 112 75 favour
909 1775 44 75 of-
965 1775 56 75 the
1033 1775 104 75 fexes.

228 1868 196 75 Linnaeus,
456 1868 65 75 like
552 1868 95 75 every
674 1868 110 75 perfon
817 1868 148 75 attached
998 1868 48 75 to*
1064 1868 19 75 a
1113 1868 96 75 parti-

176 1913 91 75 cular
291 1913 140 75 dodtrine
462 1913 37 75 or
523 1913 127 75 theory,
691 1913 26 75 is
743 1913 32 75 at
807 1913 90 75 great
922 1913 87 75 pains
1033 1913 32 75 in
1088 1913 122 75 tracing

179 1960 56 75 the
252 1960 109 75 notion
377 1960 39 75 of
434 1960 88 75 fexes
539 1960 31 75 in
595 1960 103 75 plants
721 1960 35 75 to
780 1960 54 75 the
861 1960 146 75 remoteft
1031 1960 124 75 periods
1172 1960 40 75 of

178 2008 171 75 antiquity.
397 2008 53 75 He
466 2008 133 75 informs
617 2008 48 75 us,
691 2008 70 75 that
777 2008 225 75 Empedocles,
1028 2008 176 75 Anaxago-

176 2052 64 75 ras,
266 2052 61 75 and
343 2052 92 75 other
451 2052 124 75 ancient
598 2052 229 75 philofophers,
852 2052 57 75 not
930 2052 77 75 only
1031 2052 174 75 attributed

180 2097 56 75 the
265 2097 175 75 diftindUon
465 2097 40 75 of
523 2097 89 75 fexes
637 2097 36 75 to
696 2097 117 75 plants,
838 2097 58 75 but
920 2097 192 75 maintained
1137 2097 70 75 that

179 2140 76 75 they
274 2140 80 75 were
371 2140 128 75 capable
515 2140 40 75 of
567 2140 177 75 perceiving
760 2140 141 75 pleafure
917 2140 61 75 and
996 2140 83 75 pain.

228 2187 209 75 Hippocrates
455 2187 61 75 and
533 2187 237 75 Theophraftus
793 2187 54 75 are
871 2187 78 75 next
965 2187 188 75 introduced
1171 2187 32 75 as

177 2233 237 75 diftinguilhing
431 2233 53 75 the
500 2233 135 75 conyza,
660 2233 55 75 the
738 2233 98 75 abies,
860 2233 55 75 the
939 2233 82 75 filix,
1048 2233 52 75 &c
1111 2233 1 75 ‘
1112 2233 0 75 .
1138 2233 68 75 into

179 2278 82 75 male
285 2278 59 75 and
371 2278 123 75 female.
544 2278 75 75 The
643 2278 95 75 latter
761 2278 40 75 of
820 2278 86 75 thefe
928 2278 122 75 writers
1074 2278 129 75 affirms,

179 2325 70 75 that
265 2325 56 75 the
338 2325 75 75 fruit
430 2325 40 75 of
488 2325 55 75 the
559 2325 115 75 female
691 2325 83 75 palm
790 2325 66 75 will
879 2325 57 75 not
958 2325 171 75 germinate
1146 2325 56 75 un-

179 2372 59 75 lefs
255 2372 55 75 the
327 2372 106 75 pollen
449 2372 39 75 of
506 2372 55 75 the
578 2372 80 75 male
676 2372 38 75 be
731 2372 115 75 fhaked
868 2372 76 75 over
960 2372 55 75 the
1036 2372 110 75 fpatha
1169 2372 41 75 of

179 2417 55 75 the
252 2417 125 75 female,
402 2417 145 75 previous
565 2417 34 75 to
611 2417 54 75 the
683 2417 141 75 ripening
836 2417 40 75 of
895 2417 55 75 the
966 2417 72 75 feed

228 2463 203 75 Diofcorides
445 2463 88 75 takes
550 2463 105 75 notice
671 2463 40 75 of
722 2463 18 75 a
755 2463 82 75 male
854 2463 61 75 and
931 2463 114 75 female
1059 2463 144 75 mandra-

182 2507 89 75 gora,
297 2507 205 75 mercurialis,
527 2507 105 75 ciftus,
658 2507 73 75 6r.,

227 2554 94 75 Pliny
335 2554 77 75 does
423 2554 57 75 not
497 2554 119 75 confine
632 2554 50 75 his
693 2554 97 75 views
802 2554 41 75 of
860 2554 56 75 fex
929 2554 34 75 to
979 2554 143 75 animals,
1148 2554 58 75 but

179 2599 166 75 exclaims,
371 2599 68 75 that
455 2599 95 75 every
566 2599 90 75 thing
669 2599 62 75 this
749 2599 90 75 earth
855 2599 155 75 produces
1031 2599 28 75 is
1076 2599 129 75 charac-

179 2646 123 75 terized
314 2646 43 75 by
373 2646 55 75 the
444 2646 174 75 diftindtion
636 2646 39 75 of
695 2646 66 75 fex.

227 2693 95 75 From
341 2693 53 75 the
411 2693 78 75 days
511 2693 40 75 of
570 2693 94 75 Pliny
686 2693 35 75 to
738 2693 88 75 thofe
843 2693 39 75 of
901 2693 205 75 Caifalpinus,
1131 2693 74 75 who

178 2738 86 75 lived
279 2738 33 75 in
325 2738 54 75 the
400 2738 77 75 i6th
491 2738 144 75 century,
660 2738 55 75 the
727 2738 135 75 analogy
878 2738 142 75 between
1039 2738 54 75 the
1109 2738 94 75 vege-

179 2785 84 75 table
280 2785 62 75 and
359 2785 113 75 animal
491 2785 96 75 feems
604 2785 35 75 to
660 2785 80 75 have
764 2785 79 75 been
868 2785 135 75 entirely
1028 2785 174 75 negledted.

178 2831 193 75 Cxfalpinus
398 2831 72 75 tells
495 2831 49 75 us,
570 2831 69 75 that
664 2831 55 75 the
747 2831 97 75 males
873 2831 39 75 of
928 2831 54 75 the
1010 2831 193 75 oxycedrus,

176 2876 108 75 taxus,
318 2876 206 75 mercurialis,
561 2876 113 75 urtica,
706 2876 61 75 and
795 2876 159 75 cannabis,
986 2876 52 75 are
1067 2876 134 75 barren;

177 2922 61 75 and
254 2922 71 75 that
342 2922 54 75 the
412 2922 130 75 females
561 2922 40 75 of
619 2922 86 75 thefe
723 2922 101 75 plants
842 2922 76 75 only
933 2922 75 75 bear
1025 2922 90 75 fruit.

223 2969 97 75 After
344 2969 204 75 Casfalpinus,
575 2969 47 75 we
640 2969 61 75 find
721 2969 52 75 Dr
789 2969 102 75 Grew
907 2969 62 75 and
985 2969 52 75 Sir
1054 2969 146 75 Thomas

174 3017 189 75 Millington
380 3017 141 75 engaged
536 3017 32 75 in
585 3017 18 75 a
619 3017 215 75 converfation
851 3017 190 75 concerning
1065 3017 55 75 the
1138 3017 59 75 uti-

1276 196 40 75 A
1428 196 44 75 N
1586 196 52 75 Y.

2197 196 81 75 64}

1307 268 179 75 foot-flalks
1504 268 89 75 arife,
1618 268 35 75 to
1670 268 39 75 be
1725 268 184 75 diflributed
1926 268 31 75 in
1977 268 53 75 the
2048 268 80 75 fame
2143 268 140 75 manner,

1306 315 29 75 c,
1361 315 26 75 is
1405 315 18 75 a
1439 315 164 75 flowering
1619 315 117 75 branch
1754 315 162 75 feparated
1933 315 82 75 from
2032 315 54 75 the
2102 315 87 75 flem.

1255 361 76 75 The
1345 361 151 75 Taste,
1522 361 158 75 Odour,
1705 361 62 75 and
1784 361 160 75 Colour
1963 361 41 75 of
2022 361 54 75 the
2094 361 115 75 Root
2229 361 54 75 are

1302 408 152 75 precifely
1469 408 55 75 the
1539 408 82 75 fame
1638 408 20 75 w
1668 408 47 75 ith
1732 408 88 75 thofe
1837 408 39 75 of
1895 408 55 75 the
1966 408 123 75 foreign
2108 408 149 75 rhubarb.

1253 454 76 75 The
1345 454 131 75 Taste
1496 454 40 75 of
1554 454 55 75 the
1626 454 177 75 Flowers
1821 454 26 75 is
1866 454 182 75 aflringent,
2073 454 194 75 herbaceous

1301 500 61 75 and
1375 500 124 75 fubacid
1511 500 10 75 ;
1548 500 76 75 they
1641 500 79 75 have
1736 500 41 75 no
1789 500 127 75 fenfible
1933 500 99 75 fmeli.

1253 547 76 75 The
1347 547 132 75 Taste
1499 547 40 75 of
1550 547 55 75 the
1622 547 150 75 Leaves
1791 547 26 75 is
1833 547 154 75 bitterifh,
2012 547 181 75 aftringent,
2219 547 62 75 and

1300 593 219 75 herbaceous;
1554 593 54 75 the
1632 593 77 75 tafle
1733 593 40 75 of
1802 593 55 75 the
1884 593 95 75 Ribs
2011 593 37 75 or
2075 593 158 75 Nerves
2254 593 26 75 is

1301 639 81 75 acid,
1399 639 155 75 bitterilh,
1572 639 63 75 and
1653 639 76 75 very
1744 639 206 75 ungrateful;
1950 671 12 49 ;
1962 639 94 75 —the
2072 639 77 75 tafie
2166 639 41 75 of
2225 639 56 75 the

1302 686 104 75 Stem
1426 686 25 75 is
1469 686 17 75 a
1502 686 83 75 little
1596 686 85 75 four.

1300 778 69 75 We
1388 778 80 75 have
1485 778 73 75 now
1581 778 107 75 pretty
1712 778 83 75 fully
1817 778 170 75 explained
2011 778 55 75 the
2090 778 131 75 method
2241 778 45 75 of

1254 825 151 75 reducing
1428 825 102 75 plants
1554 825 36 75 to
1613 825 118 75 clafl’e?,
1757 825 124 75 orders,
1906 825 128 75 genera,
2060 825 60 75 and
2150 825 129 75 fpecies,

1252 872 169 75 according
1437 872 35 75 to
1495 872 54 75 the
1566 872 108 75 fexual
1699 872 109 75 fyftem
1826 872 40 75 of
1884 872 163 75 Linnaeus.
2095 872 75 75 The
2195 872 85 75 man-

1256 917 55 75 ner
1328 917 31 75 in
1377 917 104 75 which
1498 917 63 75 this
1579 917 202 75 explanation
1798 917 56 75 has
1872 917 78 75 been
1963 917 156 75 executed
2133 917 61 75 was
2211 917 71 75 fug-

1255 965 104 75 gefted
1376 965 41 75 by
1436 965 54 75 the
1506 965 181 75 difficulties
1704 965 103 75 which
1825 965 155 75 naturally
1998 965 98 75 occur
2118 965 34 75 to
2173 965 18 75 a
2212 965 70 75 per-

1255 1011 53 75 fon
1325 1011 232 75 unacquainted
1573 1011 79 75 both
1671 1011 77 75 with
1772 1011 56 75 the
1852 1011 119 75 fubjedt
1996 1011 62 75 and
2082 1011 54 75 the
2158 1011 123 75 fyllem.

1257 1058 166 75 Although
1442 1058 64 75 this
1528 1058 127 75 manner
1673 1058 56 75 has
1747 1058 68 75 not,
1841 1058 33 75 fo
1891 1058 48 75 far
1956 1058 33 75 as
2006 1058 48 75 we
2070 1058 109 75 know,
2204 1058 78 75 been

1255 1104 142 75 hitherto
1409 1104 187 75 attempted,
1621 1104 47 75 we
1685 1104 83 75 hope
1784 1104 25 75 it
1821 1104 63 75 will
1903 1104 55 75 not
1975 1104 38 75 be
2026 1104 53 75 the
2099 1104 58 75 lefe
2171 1104 111 75 accep-

1256 1151 84 75 table
1357 1151 34 75 to
1407 1151 55 75 the
1486 1151 117 75 public,
1628 1151 165 75 efpecially
1811 1151 31 75 as
1860 1151 26 75 it
1902 1151 26 75 is
1951 1151 99 75 likely
2073 1151 35 75 to
2130 1151 40 75 be
2195 1151 87 75 more

1259 1197 99 75 ufeful
1376 1197 34 75 to
1427 1197 55 75 the
1495 1197 156 75 botanical
1668 1197 134 75 ftudent.

1304 1243 31 75 It
1352 1243 75 75 only
1444 1243 71 75 now
1533 1243 132 75 remains
1683 1243 34 75 to
1733 1243 91 75 make
1834 1243 54 75 the
1905 1243 110 75 reader
2026 1243 88 75 more
2133 1243 81 75 fully
2231 1243 51 75 ac-

1257 1290 149 75 quainted
1419 1290 77 75 with
1513 1290 55 75 the
1585 1290 101 75 origin
1704 1290 61 75 and
1782 1290 109 75 nature
1908 1290 40 75 of
1967 1290 55 75 the
2033 1290 108 75 fexaal
2158 1290 123 75 fyftem.

1233 1493 254 75 EXES
1548 1493 60 75 of
1689 1493 425 75 PLANTS.

1252 1596 60 75 lity
1328 1596 40 75 of
1387 1596 53 75 the
1466 1596 127 75 ftamina
1619 1596 62 75 and
1703 1596 70 75 ftyli
1798 1596 41 75 of
1858 1596 116 75 plants.
2022 1596 76 75 The
2123 1596 96 75 refult
2246 1596 41 75 of

1251 1643 62 75 this
1331 1643 216 75 converfation
1564 1643 64 75 was
1645 1643 55 75 the
1720 1643 120 75 mutual
1858 1643 180 75 agreement
2055 1643 40 75 of
2113 1643 87 75 thefe
2217 1643 65 75 two

1252 1688 138 75 eminent
1414 1688 190 75 naturalifts,
1629 1688 71 75 that
1724 1688 54 75 the
1803 1688 130 75 ftamina
1957 1688 63 75 and
2043 1688 70 75 ftyli
2130 1688 40 75 of
2188 1688 93 75 vege-

1253 1735 100 75 tables
1371 1735 83 75 were
1470 1735 171 75 analogous
1659 1735 36 75 to
1712 1735 54 75 the
1783 1735 112 75 organs
1909 1735 40 75 of
1968 1735 186 75 generation
2167 1735 31 75 in
2215 1735 66 75 ani-

1256 1782 179 75 mals,-and
1451 1782 69 75 that
1544 1782 76 75 they
1643 1782 85 75 were
1753 1782 134 75 adapted
1912 1782 42 75 by
1977 1782 111 75 nature
2113 1782 35 75 to
2164 1782 119 75 anfwer

1255 1827 54 75 the
1327 1827 81 75 fame
1422 1827 160 75 purpofes.
1632 1827 53 75 Dr
1701 1827 115 75 Grew,
1841 1827 31 75 in
1889 1827 50 75 his
1956 1827 147 75 anatomy
2116 1827 39 75 of
2166 1827 115 75 plant?,

1258 1874 84 75 after
1357 1874 217 75 enumerating
1591 1874 54 75 the
1670 1874 157 75 analogies
1852 1874 142 75 between
2019 1874 103 75 plants
2139 1874 62 75 and
2217 1874 66 75 ani-

1258 1920 90 75 mals,
1374 1920 183 75 concludes,
1582 1920 70 75 that
1676 1920 54 75 the
1753 1920 105 75 pollen
1875 1920 155 75 probably
2045 1920 92 75 emits
2163 1920 119 75 certain

1257 1967 109 75 vivific
1381 1967 136 75 effluvia,
1543 1967 106 75 which
1668 1967 74 75 may
1756 1967 88 75 ferve
1861 1967 51 75 for
1928 1967 54 75 the
2005 1967 227 75 impregnation
2249 1967 40 75 of

1254 2014 54 75 the
1325 2014 102 75 feeds.

1300 2058 58 75 Mr
1384 2058 74 75 Ray
1482 2058 79 75 gave
1585 2058 18 75 a
1627 2058 127 75 further
1778 2058 135 75 fandtion
1937 2058 36 75 to
1999 2058 54 75 the
2079 2058 142 75 dodtrine
2248 2058 43 75 of

1255 2104 102 75 fexes,
1382 2104 44 75 by
1443 2104 189 75 concurring
1648 2104 78 75 with
1750 2104 113 75 Grew,
1890 2104 61 75 and
1973 2104 117 75 adding
2106 2104 85 75 fome
2214 2104 68 75 fur-

1256 2150 70 75 ther
1342 2150 204 75 illuftrations
1564 2150 83 75 from
1665 2150 148 75 analogy.

1300 2196 37 75 In
1354 2196 146 75 the-year
1522 2196 102 75 1695,
1651 2196 200 75 Camerarius
1870 2196 176 75 attempted
2062 2196 35 75 to
2113 2196 96 75 prove
2226 2196 56 75 the

1251 2242 91 75 fexes
1358 2242 40 75 of
1416 2242 114 75 plants.
1581 2242 79 75 But,
1685 2242 33 75 as
1736 2242 40 75 he
1793 2242 118 75 trufted
1938 2242 97 75 folely
2058 2242 33 75 to
2112 2242 53 75 the
2183 2242 98 75 palm-

1252 2289 77 75 tree,
1357 2289 61 75 and
1437 2289 106 75 withal
1562 2289 123 75 feemed
1702 2289 34 75 to
1752 2289 39 75 be
1807 2289 148 75 doubtful
1972 2289 33 75 as
2022 2289 34 75 to
2079 2289 55 75 the
2150 2289 131 75 authen-

1252 2334 91 75 ticity
1359 2334 40 75 of
1417 2334 55 75 the
1484 2334 74 75 fadt,
1585 2334 40 75 he
1641 2334 114 75 cannot
1773 2334 38 75 be
1828 2334 180 75 confidered
2020 2334 33 75 as
2066 2334 115 75 having
2197 2334 92 75 done,

1253 2381 60 75 any
1329 2381 92 75 thing
1436 2381 31 75 in
1485 2381 217 75 confirmation
1720 2381 39 75 of
1768 2381 65 75 -the
1848 2381 107 75 fexual
1969 2381 192 75 hypothefis.

1300 2427 58 75 Mr
1374 2427 166 75 Morland,
1564 2427 32 75 in
1609 2427 54 75 the
1680 2427 75 75 year
1776 2427 99 75 1703,
1901 2427 138 75 adopted
2051 2427 55 75 the
2123 2427 82 75 fame
2221 2427 60 75 hy-

1253 2474 156 75 pothefis;
1435 2474 57 75 but
1509 2474 77 75 gave
1610 2474 25 75 it
1660 2474 17 75 a
1705 2474 70 75 new
1799 2474 225 75 modification,
2050 2474 42 75 by
2113 2474 165 75 fuppofing

1254 2519 69 75 that
1341 2519 55 75 the
1413 2519 104 75 pollen
1536 2519 164 75 contained
1724 2519 54 75 the
1795 2519 125 75 feminal
1939 2519 86 75 plant
2042 2519 31 75 in
2091 2519 187 75 miniature;

1254 2565 61 75 and
1331 2565 236 75 confequently,
1595 2565 68 75 that
1682 2565 59 75 one
1758 2565 103 75 pollen
1880 2565 31 75 at
1935 2565 75 75 leaft
2026 2565 146 75 behoved
2188 2565 35 75 to
2240 2565 40 75 be

1254 2613 161 75 conveyed
1431 2613 67 75 into
1514 2613 96 75 every
1625 2613 140 75 feparate
1777 2613 72 75 feed
1866 2613 108 75 before
1989 2613 27 75 it
2032 2613 96 75 could
2149 2613 39 75 be
2207 2613 72 75 pro-

1253 2657 89 75 perly
1369 2657 230 75 impregnated.
1648 2657 150 75 Analogy
1826 2657 62 75 and
1912 2657 56 75 the
1991 2657 151 75 ftrudture
2166 2657 40 75 of
2225 2657 62 75 the.

1253 2703 84 75 parts
1351 2703 52 75 are
1421 2703 54 75 the
1487 2703 75 75 only
1579 2703 179 75 arguments
1775 2703 40 75 he
1831 2703 157 75 employs.

1301 2751 96 75 Some
1419 2751 89 75 years
1526 2751 82 75 after
1631 2751 76 75 this,
1734 2751 58 75 Mr
1808 2751 161 75 GeofFroy
1994 2751 100 75 wrote
2117 2751 19 75 a
2152 2751 127 75 treatife

1253 2796 40 75 on
1310 2796 53 75 the
1375 2796 88 75 fexes
1480 2796 39 75 of
1531 2796 102 75 plants
1645 2796 9 75 :
1687 2796 67 75 But
1767 2796 32 75 as
1819 2796 39 75 he
1875 2796 159 75 advanced
2051 2796 133 75 nothing
2197 2796 81 75 new,

1253 2842 48 75 we
1318 2842 74 75 fliall
1405 2842 74 75 take
1492 2842 41 75 no
1551 2842 124 75 further
1692 2842 103 75 notice
1812 2842 40 75 of
1870 2842 78 75 him.

1299 2890 153 75 Vaill.tnt,
1493 2890 31 75 in
1553 2890 54 75 the
1637 2890 100 75 1717,
1764 2890 191 75 judicioufly
1983 2890 196 75 confidering
2209 2890 69 75 that

1249 2935 55 75 the
1328 2935 87 75 CHtial
1441 2935 32 75 in
1499 2935 54 75 the
1576 2935 82 75 ftylu'
1658 2935 15 75 s
1701 2935 40 75 of
1760 2935 78 75 moft
1865 2935 102 75 plants
1993 2935 64 75 was
2082 2935 55 75 too
2155 2935 125 75 narrow

1249 2980 34 75 to
1299 2980 99 75 admit
1416 2980 54 75 the
1486 2980 106 75 pollen
1609 2980 96 75 itfelf,
1731 2980 197 75 republifhed
1948 2980 52 75 Dr
2015 2980 130 75 Grew’s
2163 2980 117 75 theory

1248 3028 39 75 of
1305 3028 231 75 impregnation
1554 3028 41 75 by
1613 3028 106 75 means
1736 3028 41 75 of
1793 3028 20 75 a
1829 3028 113 75 fubtile
1957 3028 129 75 feminal
2103 3028 88 75 aura.

2168 3081 110 75 Thefe
