2428 3377
142 168 100 75 Part
263 168 73 75 VI.

692 168 42 75 A
850 168 45 75 N
1011 168 43 75 A
1167 168 40 75 T

138 229 69 75 fide
230 229 27 75 is
277 229 131 75 divided
424 229 69 75 into
508 229 67 75 two
590 229 113 75 lateral
717 229 103 75 parts,
845 229 45 75 by
906 229 19 75 a
939 229 79 75 kind
1040 229 42 75 of
1098 229 74 75 pro-

141 275 123 75 minent
278 275 211 75 longitudinal
506 275 76 75 line,
606 275 107 75 which
728 275 27 75 is
772 275 105 75 larger
892 275 31 75 in
941 275 55 75 the
1020 275 98 75 upper
1136 275 38 75 or

142 321 140 75 anterior
297 321 76 75 fide,
399 321 77 75 than
492 321 33 75 in
542 321 56 75 the
614 321 100 75 lower
729 321 37 75 or
782 321 165 75 polterior.

190 367 55 75 On
261 367 77 75 each
356 367 61 75 fide
438 367 40 75 of
490 367 86 75 thefe
589 367 65 75 two
665 367 212 75 longitudinal
895 367 91 75 lines,
1010 367 92 75 there
1119 367 53 75 are

141 414 81 75 lines
254 414 37 75 or
315 414 84 75 rugae
431 414 169 75 obliquely
623 414 186 75 tranfverfe,
849 414 64 75 and
935 414 146 75 difpofed
1106 414 66 75 like

142 460 167 75 branches,
350 460 56 75 the
438 460 211 75 longitudinal
681 460 80 75 lines
793 460 215 75 reprefenting
1042 460 127 75 trunks.

142 506 152 75 Between
311 506 63 75 and
390 506 105 75 round
511 506 88 75 thefe
623 506 99 75 rugae,
747 506 91 75 there
854 506 54 75 are
932 506 88 75 fmall
1038 506 132 75 lacunae,

140 552 141 75 through
299 552 106 75 which
423 552 18 75 a
468 552 230 75 mucilaginous
725 552 80 75 fluid
829 552 27 75 is
884 552 187 75 difcharged
1098 552 73 75 that

140 600 99 75 clofes
257 600 55 75 the
328 600 108 75 orifice
453 600 39 75 of
503 600 56 75 the
575 600 124 75 uterus.

185 646 77 75 The
277 646 161 75 fubftance
453 646 41 75 of
505 646 56 75 the
577 646 86 75 body
678 646 42 75 of
731 646 55 75 the
801 646 108 75 uterus
927 646 26 75 is
969 646 122 75 fpungy
1107 646 63 75 and

139 692 156 75 compadt,
336 692 79 75 with
448 692 19 75 a
493 692 130 75 copious
648 692 212 75 intertexture
888 692 42 75 of
950 692 122 75 veffels.
1120 692 49 75 Its

138 738 168 75 thicknefs.
323 738 26 75 is
374 738 111 75 nearly
507 738 94 75 equal
626 738 63 75 and
712 738 141 75 uniform
877 738 31 75 in
932 738 54 75 the
1010 738 78 75 fides
1106 738 63 75 and

139 784 109 75 edges,
289 784 59 75 but
378 784 55 75 the
456 784 118 75 fundus
598 784 27 75 is
649 784 127 75 thicker
799 784 125 75 toward
947 784 56 75 the
1035 784 133 75 middle,

139 830 78 75 than
240 830 125 75 toward
388 830 55 75 the
470 830 66 75 two
556 830 124 75 angles,
701 830 108 75 where
835 830 57 75 the
920 830 163 75 thicknefs
1111 830 55 75 de-

137 877 120 75 creafes
273 877 180 75 gradually.
500 877 78 75 The
594 877 63 75 edg'
657 877 32 75 es
706 877 54 75 are
774 877 140 75 likewife
930 877 96 75 much
1042 877 127 75 thinner

137 922 77 75 near
230 922 87 75 thefe
332 922 121 75 angles,
478 922 77 75 than
578 922 76 75 near
666 922 55 75 the
737 922 174 75 extremity
927 922 40 75 of
979 922 54 75 the
1050 922 93 75 neck.

184 969 76 75 The
274 969 111 75 uterus
401 969 27 75 is
442 969 136 75 covered
594 969 44 75 by
654 969 19 75 a
689 969 126 75 portion
828 969 40 75 of
880 969 54 75 the
947 969 221 75 peritonaeum,

125 1015 120 75 which
260 1015 104 75 ferves
388 1015 27 75 it
447 1015 53 75 for
524 1015 19 75 a
566 1015 86 75 coat,
677 1015 62 75 and
763 1015 26 75 is
814 1015 57 75 the
899 1015 217 75 continuation
1132 1015 42 75 of

137 1061 72 75 that
232 1061 106 75 which
366 1061 112 75 covers
506 1061 56 75 the
586 1061 135 75 bladder
744 1061 63 75 and
829 1061 180 75 inteftinum
1033 1061 132 75 redlum,

138 1108 136 75 running
304 1108 43 75 up
374 1108 87 75 from
485 1108 55 75 the
563 1108 100 75 lower
691 1108 63 75 and
776 1108 154 75 poflerior
956 1108 72 75 part
1052 1108 41 75 of
1110 1108 57 75 the

133 1153 150 75 bladder,
307 1153 78 75 over
401 1153 55 75 the
473 1153 141 75 anterior
635 1153 70 75 part
723 1153 40 75 of
783 1153 56 75 the
855 1153 121 75 uterus,
1003 1153 62 75 and
1082 1153 85 75 from

135 1201 116 75 thence
267 1201 77 75 over
360 1201 54 75 the
430 1201 131 75 fundus,
586 1201 63 75 and
664 1201 96 75 down
776 1201 56 75 the
848 1201 157 75 backfide,
1031 1201 61 75 and
1117 1201 48 75 af-

128 1247 166 75 terwards
310 1247 97 75 going
423 1247 35 75 to
473 1247 57 75 the
551 1247 132 75 redfum.

183 1293 55 75 On
255 1293 77 75 each
349 1293 113 75 lateral
482 1293 71 75 part
569 1293 38 75 or
623 1293 79 75 edge
729 1293 42 75 of
789 1293 57 75 the
863 1293 121 75 uterus,
1011 1293 62 75 this
1091 1293 74 75 por-

136 1338 70 75 tion
224 1338 39 75 of
269 1338 55 75 the
340 1338 205 75 peritonaeum
553 1338 109 75 Jbrms
679 1338 19 75 a
713 1338 102 75 broad
831 1338 211 75 duplicaturC,
1060 1338 105 75 which

136 1384 28 75 is
181 1384 162 75 extended
358 1384 42 75 on
425 1384 78 75 each
528 1384 74 75 fide,
627 1384 90 75 more
740 1384 37 75 or
803 1384 59 75 lefs
889 1384 136 75 diredtly
1047 1384 36 75 to
1110 1384 56 75 the

136 1430 233 75 neighbouring
383 1430 113 75 lateral
513 1430 86 75 parts
616 1430 41 75 of
667 1430 59 75 the
739 1430 113 75 pelvis,
878 1430 138 75 forming
1044 1430 18 75 a
1087 1430 80 75 kind

137 1477 40 75 of
188 1477 222 75 membranous
427 1477 121 75 feptum
565 1477 145 75 between
738 1477 56 75 the
817 1477 141 75 anterior
983 1477 65 75 and
1064 1477 99 75 pofte-

137 1522 67 75 rior
219 1522 108 75 halves
352 1522 41 75 of
410 1522 56 75 the
483 1522 106 75 cavity
605 1522 41 75 of
655 1522 55 75 the
728 1522 121 75 pelvis;
875 1522 64 75 and
964 1522 26 75 it
1011 1522 26 75 is
1063 1522 99 75 after-

137 1569 105 75 wards
258 1569 175 75 continued
449 1569 32 75 in
499 1569 17 75 a
532 1569 87 75 loofe
635 1569 133 75 manner
781 1569 78 75 with
878 1569 55 75 the
944 1569 220 75 peritonaeum,

137 1616 42 75 on
196 1616 55 75 the
268 1616 79 75 fides
364 1616 41 75 of
423 1616 55 75 the
495 1616 113 75 pelvis.

182 1661 110 75 Thefe
315 1661 65 75 two
396 1661 103 75 broad
514 1661 215 75 duplicatures
745 1661 81 75 have
843 1661 56 75 the
921 1661 90 75 name
1028 1661 42 75 of
1079 1661 85 75 liga-

139 1707 107 75 rnenta
263 1707 85 75 lata,
374 1707 63 75 and
451 1707 259 75 vefpertilionum
726 1707 74 75 alne.
854 1707 77 75 The
958 1707 100 75 upper
1085 1707 80 75 edge

136 1755 41 75 of
194 1755 78 75 each
296 1755 27 75 is
340 1755 107 75 partly
462 1755 119 75 double
605 1755 38 75 or
667 1755 124 75 folded,
816 1755 138 75 forming
982 1755 65 75 two
1075 1755 44 75 fro
1123 1755 42 75 all

136 1800 125 75 diftindt
273 1800 225 75 duplicatures.

182 1847 77 75 The
274 1847 123 75 laminae
414 1847 40 75 of
464 1847 42 75 all
524 1847 87 75 thefe
627 1847 220 75 duplicatures
862 1847 53 75 are
932 1847 170 75 connedled
1119 1847 45 75 by

135 1894 19 75 a
169 1894 133 75 cellular
325 1894 171 75 fubftance,
528 1894 33 75 in
585 1894 56 75 the
667 1894 83 75 fame
775 1894 131 75 manner
928 1894 34 75 as
991 1894 56 75 the
1070 1894 94 75 other

127 1939 221 75 vluplicatures
372 1939 41 75 of
434 1939 55 75 the
506 1939 205 75 peritonaeum
727 1939 9 75 ;
763 1939 64 75 and
845 1939 79 75 they
950 1939 128 75 contain
1106 1939 56 75 the

119 1986 182 75 .Fallopian
318 1986 104 75 tubes,
448 1986 55 75 the
520 1986 119 75 ovaria,
664 1986 18 75 a
698 1986 72 75 part
786 1986 42 75 of
837 1986 56 75 the
909 1986 168 75 fpermatic
1093 1986 68 75 vef-

134 2032 74 75 ftls,
234 2032 61 75 and
307 2032 40 75 of
358 2032 90 75 thofe
459 2032 71 75 that
548 2032 42 75 go
606 2032 36 75 to
658 2032 54 75 the
724 2032 89 75 body
827 2032 41 75 of
886 2032 55 75 the
956 2032 123 75 uterus,
1105 2032 62 75 the-

134 2078 92 75 ropes
244 2078 102 75 called
361 2078 57 75 the
442 2078 102 75 round
564 2078 181 75 ligaments,
770 2078 55 75 the
850 2078 124 75 nerves,
1000 2078 65 75 <bc.

179 2125 77 75 The
272 2125 107 75 ovaria
394 2125 53 75 are
459 2125 66 75 two
543 2125 136 75 wkitifti,
697 2125 85 75 oval,
807 2125 83 75 flat,,
900 2125 119 75 oblong
1035 2125 124 75 bodiesj

135 2169 132 75 fituated
291 2169 42 75 on
348 2169 54 75 the
420 2169 78 75 fides
515 2169 40 75 of
566 2169 55 75 the
644 2169 117 75 fundus
778 2169 107 75 uteri;
911 2169 35 75 to
966 2169 104 75 which
1084 2169 76 75 they

135 2216 53 75 are
205 2216 86 75 fixed
302 2216 44 75 by
357 2216 19 75 a
386 2216 78 75 kind
480 2216 40 75 of
530 2216 91 75 fhort
633 2216 103 75 round
747 2216 164 75 ligament,
930 2216 60 75 and
1007 2216 152 75 inclofed,

127 2260 159 75 -together
302 2260 78 75 with
396 2260 38 75 it,
459 2260 31 75 in
508 2260 55 75 the
579 2260 197 75 dqplicature
798 2260 39 75 of
856 2260 56 75 the
935 2260 154 75 pofterior
1110 2260 49 75 pi-

135 2307 76 75 nion
231 2307 42 75 of
284 2307 57 75 the
356 2307 172 75 ligamenta
543 2307 78 75 lata.

179 2353 99 75 They
295 2353 52 75 are
360 2353 166 75 compofed
538 2353 39 75 of
588 2353 19 75 a
623 2353 141 75 compadt
775 2353 121 75 fpungy
907 2353 172 75 fubftance,
1098 2353 62 75 and

137 2400 39 75 of
187 2400 118 75 feveral
322 2400 83 75 little
421 2400 93 75 balls,
543 2400 36 75 or
592 2400 194 75 tranfparent
803 2400 154 75 veficulse,
986 2400 104 75 which
1107 2400 53 75 are

134 2444 102 75 called
248 2444 70 75 cva.
349 2444 77 75 The
443 2444 120 75 fpungy
573 2444 157 75 fubftance
742 2444 171 75 furrounds
930 2444 76 75 each
1020 2444 40 75 of
1072 2444 92 75 thefe

133 2490 139 75 ydiculse
289 2490 78 75 very
383 2490 130 75 clofely,
538 2490 59 75 and
607 2490 7 75 '
614 2490 97 75 feems
727 2490 139 75 likewife
885 2490 36 75 to
936 2490 119 75 furnilh
1073 2490 90 75 them

132 2537 84 75 with
235 2537 122 75 diftindi
373 2537 121 75 fpungy
510 2537 164 75 coverings
691 2537 37 75 or
744 2537 125 75 calfces.

182 2584 77 75 The
286 2584 168 75 ligaments
478 2584 40 75 of
540 2584 54 75 the
610 2584 108 75 ovaria
740 2584 42 75 lie
805 2584 32 75 in
862 2584 56 75 the
934 2584 96 75 edges
1047 2584 41 75 of
1102 2584 56 75 the

135 2629 154 75 pofterior
305 2629 123 75 pinions
445 2629 40 75 of
496 2629 55 75 the
566 2629 170 75 ligamenta
750 2629 77 75 lata,
845 2629 93 75 much
955 2629 31 75 in
1004 2629 56 75 the
1075 2629 84 75 fame

135 2675 132 75 manner
290 2675 34 75 as
345 2675 55 75 the
416 2675 163 75 umbilical
602 2675 69 75 vein
694 2675 33 75 in
751 2675 56 75 the
829 2675 141 75 anterior
993 2675 38 75 or
1053 2675 103 75 umbi-

133 2723 74 75 lical
223 2723 154 75 ligament
401 2723 40 75 of
459 2723 55 75 the
529 2723 97 75 liverv
669 2723 99 75 They
784 2723 53 75 are
853 2723 103 75 round
973 2723 92 75 ropes
1080 2723 41 75 of
1140 2723 33 75 a-

134 2767 199 75 filamentary
348 2767 143 75 texture,
515 2767 87 75 fixed
617 2767 44 75 by
684 2767 67 75 one-
760 2767 174 75 extremity
957 2767 34 75 to
1006 2767 57 75 the
1087 2767 70 75 cor-

135 2813 55 75 ner
207 2813 39 75 of
261 2813 57 75 the
333 2813 116 75 fundus
465 2813 95 75 uteri,
585 2813 19 75 a
619 2813 83 75 little
714 2813 99 75 above
829 2813 61 75 and
907 2813 118 75 behind
1042 2813 53 75 the
1111 2813 46 75 le-

137 2860 49 75 vel
202 2860 40 75 of
253 2860 70 75 that
339 2860 131 75 fundus.
516 2860 100 75 They
631 2860 84 75 were
734 2860 155 75 formerly
899 2860 147 75 believed
1067 2860 34 75 to
1117 2860 42 75 be

134 2905 133 75 hollow,
292 2905 63 75 and
369 2905 118 75 looked
501 2905 83 75 upon
603 2905 32 75 as
651 2905 72 75 vafa
739 2905 191 75 deferentia/

180 2952 76 75 The
278 2952 165 75 Fallopian
459 2952 92 75 tubes
567 2952 53 75 are
637 2952 72 75 two.
720 2952 124 75 flaccid,
870 2952 121 75 conical
1009 2952 61 75 and
1085 2952 72 75 ver-

134 2999 130 75 miferm
280 2999 118 75 canals,
421 2999 135 75 fixated
565 2999 94 75 more
671 2999 39 75 or
722 2999 60 75 lefs
800 2999 204 75 tranfverfely
1022 2999 137 75 on.each

1481 167 51 75 M
1647 167 55 75 Y.

2169 167 92 75 275-

1215 226 68 75 fide
1299 226 43 75 of
1352 226 55 75 the
1422 226 123 75 uterus,
1571 226 144 75 between
1743 226 56 75 the
1828 226 116 75 fundus
1971 226 62 75 and
2057 226 55 75 the
2136 226 115 75 lateral
2258 226 8 75 <

1220 273 86 75 parts
1323 273 41 75 of
1373 273 56 75 the
1445 273 114 75 pelvis,
1586 273 62 75 and
1663 273 152 75 included
1829 273 32 75 in
1878 273 56 75 the
1948 273 144 75 anterior
2106 273 144 75 duplica-

1219 319 87 75 tures
1320 319 37 75 or
1372 319 124 75 pinions
1518 319 41 75 of
1570 319 56 75 the
1645 319 172 75 ligamenta
1840 319 78 75 lata.

1266 365 93 75 Each
1371 365 40 75 of
1421 365 89 75 them
1526 365 26 75 is
1570 365 87 75 fixed
1673 365 44 75 by
1732 365 40 75 its
1790 365 126 75 narrow
1931 365 199 75 extremities
2147 365 31 75 in
2196 365 56 75 the

1220 411 113 75 cprner
1349 411 40 75 of
1401 411 56 75 the
1473 411 118 75 fundus
1607 411 97 75 uteri,
1729 411 69 75 into
1823 411 106 75 which
1946 411 25 75 it
1988 411 111 75 opens,
2125 411 125 75 though

1218 457 45 75 by
1277 457 34 75 fo
1323 457 126 75 narrow
1468 457 20 75 a
1503 457 86 75 dudt,
1615 457 34 75 as
1665 457 118 75 hardly
1797 457 36 75 to
1850 457 99 75 admit
1977 457 19 75 a
2022 457 89 75 large
2128 457 119 75 briftle.

1219 504 96 75 From
1332 504 115 75 thence
1469 504 86 75 their
1570 504 156 75 diameter
1738 504 165 75 augments
1925 504 44 75 by
1981 504 132 75 degrees
2134 504 42 75 all
2193 504 56 75 the

1217 550 71 75 way
1302 550 34 75 to
1353 550 55 75 the
1424 550 94 75 other
1537 550 187 75 extremity,
1747 550 110 75 where
1875 550 25 75 it
1917 550 26 75 is
1961 550 99 75 about
2076 550 62 75 one
2159 550 90 75 third

1217 596 70 75 part
1304 596 40 75 of
1354 596 39 75 an
1406 596 86 75 inch.
1535 596 77 75 The
1625 596 87 75 body
1723 596 40 75 of
1770 596 55 75 the
1841 596 84 75 tubae
1943 596 76 75 goes
2032 596 31 75 in
2076 596 19 75 a
2106 596 142 75 winding

1217 643 121 75 courfe,
1364 643 63 75 and
1443 643 83 75 their
1548 643 89 75 large
1653 643 173 75 extremity
1842 643 27 75 is
1886 643 77 75 bent
1985 643 126 75 toward
2133 643 55 75 the
2210 643 36 75 o-

1219 688 100 75 varia.

1254 735 117 75 'Thefe
1384 735 88 75 large
1484 735 195 75 extremities
1696 735 54 75 are
1766 735 189 75 irregularly
1966 735 115 75 round,
2107 735 63 75 and
2182 735 64 75 ter-

1217 782 116 75 minate
1350 782 43 75 by
1409 782 18 75 a
1444 782 124 75 narrow
1584 782 119 75 orifice,
1722 782 19 75 a
1752 782 85 75 little
1848 782 131 75 plaited,
1994 782 61 75 and
2067 782 116 75 turned
2196 782 50 75 to-

1207 828 99 75 -ward
1324 828 56 75 the
1397 828 155 75 ovarium,
1579 828 106 75 where
1708 828 25 75 it
1761 828 160 75 prefently
1945 828 143 75 expands
2110 828 33 75 irf
2161 828 101 75 fonn-

1217 874 40 75 of
1279 874 18 75 a
1324 874 223 75 membranous
1576 874 116 75 fringe,
1717 874 60 75 full
1803 874 43 75 of
1867 874 94 75 plaits
1992 874 63 75 and
2079 874 165 75 incifures,

1216 921 108 75 Thefe
1340 921 121 75 fringes
1478 921 52 75 are
1547 921 104 75 called
1667 921 55 75 the
1739 921 100 75 broad
1855 921 77 75 ends
1948 921 41 75 of
2006 921 56 75 the
2080 921 166 75 Fallopian

1219 967 104 75 tubes.

1263 1014 108 75 Thefe
1386 1014 94 75 tubes
1506 1014 55 75 are
1588 1014 171 75 compofed
1782 1014 42 75 of
1844 1014 98 75 flelhy
1952 1014 124 75 -fibres,
2101 1014 152 75 whereof

1217 1059 84 75 feme
1325 1059 52 75 are
1393 1059 224 75 longitudinal,
1643 1059 63 75 and
1716 1059 86 75 feme
1817 1059 166 75 obliquely
1999 1059 148 75 circular,
2164 1059 81 75 with

1216 1105 38 75 an
1271 1105 214 75 intertexture
1502 1105 40 75 of
1553 1105 134 75 another
1702 1105 79 75 very
1796 1105 62 75 fine
1874 1105 172 75 fubftance.

1261 1152 77 75 The
1355 1152 139 75 anterior
1515 1152 125 75 pinions
1665 1152 41 75 of
1727 1152 54 75 the
1808 1152 207 75 ligamentum
2040 1152 100 75 latum
2156 1152 90 75 fervfi

1214 1198 52 75 for
1283 1198 19 75 a
1317 1198 145 75 common
1480 1198 37 75 or
1533 1198 145 75 external
1695 1198 72 75 coat
1784 1198 35 75 to
1837 1198 76 75 both
1931 1198 96 75 tubae,
2053 1198 63 75 and
2132 1198 64 75 alfo
2208 1198 37 75 to

1214 1244 131 75 conned
1361 1244 100 75 them,
1488 1244 31 75 in
1535 1244 55 75 the
1606 1244 84 75 fame
1707 1244 130 75 manner
1853 1244 34 75 as
1905 1244 54 75 the
1976 1244 179 75 mefentery
2166 1244 77 75 con-

1214 1291 84 75 neds
1316 1291 54 75 the
1386 1291 172 75 inteftines.
1607 1291 98 75 From
1721 1291 114 75 thence
1858 1291 56 75 the
1941 1291 98 75 tubae,
2065 1291 62 75 and
2155 1291 104 75 efpe--

1215 1336 96 75 daily
1327 1336 84 75 their
1423 1336 134 75 fringes,
1586 1336 89 75 come
1692 1336 35 75 to
1747 1336 40 75 be
1803 1336 99 75 loofe.

1260 1385 77 75 The
1349 1385 98 75 pubes
1464 1385 26 75 is
1508 1385 70 75 that
1594 1385 102 75 broad
1720 1385 160 75 eminence
1905 1385 32 75 at
1965 1385 56 75 the
2044 1385 100 75 lower
2170 1385 74 75 part
2254 1385 5 75 -

1216 1429 39 75 of
1266 1429 55 75 the
1337 1429 248 75 hyppgaftrium^
1610 1429 148 75 between
1772 1429 55 75 the
1839 1429 66 75 two
1915 1429 141 75 ingoing,
2081 1429 41 75 on
2136 1429 106 75 which

1215 1476 84 75 hairs
1316 1476 90 75 grow
1421 1476 33 75 at
1472 1476 19 75 a
1506 1476 121 75 certain
1644 1476 71 75 age.
1763 1476 85 75 This
1865 1476 163 75 eminence
2044 1476 26 75 is
2088 1476 107 75 Owing
2206 1476 36 75 to
2253 1476 6 75 -

1216 1523 17 75 a
1249 1523 170 75 particular
1436 1523 157 75 thicknefs
1607 1523 40 75 of
1658 1523 54 75 the
1724 1523 182 75 membrana
1922 1523 127 75 adipofa
2064 1523 106 75 which
2187 1523 54 75 co-

1214 1569 55 75 ver
1289 1569 55 75 the
1361 1569 157 75 fore-part
1534 1569 40 75 of
1584 1569 55 75 the
1656 1569 63 75 offa
1736 1569 105 75 pubis,
1866 1569 63 75 and
1952 1569 86 75 feme
2060 1569 90 75 fmall
2167 1569 74 75 por-

1213 1614 82 75 tions
1314 1614 39 75 of
1365 1614 55 75 the
1436 1614 231 75 neighbouring
1683 1614 147 75 mufcles.

1258 1661 76 75 The
1350 1661 209 75 longitudinal
1576 1661 106 75 cavity
1697 1661 106 75 which
1816 1661 127 75 reaches
1956 1661 86 75 from
2054 1661 55 75 the
2121 1661 120 75 middle

1212 1707 61 75 and
1288 1707 100 75 lower
1404 1707 81 75 part.
1492 1707 40 75 of
1542 1707 56 75 the
1614 1707 111 75 pubes,
1750 1707 112 75 within
1879 1707 38 75 an
1935 1707 74 75 inch
2025 1707 40 75 of
2076 1707 55 75 the
2148 1707 91 75 anus,

1211 1754 64 75 was
1292 1754 43 75 by
1351 1754 55 75 the
1425 1754 139 75 ancients
1588 1754 125 75 termed
1723 1754 121 75 finus;
1871 1754 63 75 and
1951 1754 79 75 they
2053 1754 104 75 called
2184 1754 56 75 the

1211 1801 122 75 lateraf
1342 1801 87 75 parts
1453 1801 40 75 of
1510 1801 71 75 that
1597 1801 106 75 cavity
1718 1801 73 75 a/a,
1816 1801 106 75 which
1941 1801 27 75 is
1986 1801 17 75 a
2020 1801 88 75 more
2123 1801 116 75 proper

1210 1847 90 75 name
1317 1847 76 75 than
1410 1847 69 75 that
1495 1847 41 75 of
1546 1847 102 75 labia,
1666 1847 182 75 commonly
1863 1847 93 75 given
1973 1847 35 75 to
2024 1847 101 75 them.
2161 1847 78 75 The

1209 1895 106 75 places
1331 1895 107 75 where
1465 1895 56 75 the
1545 1895 56 75 alas
1629 1895 53 75 are
1702 1895 118 75 joined
1842 1895 101 75 above
1968 1895 63 75 and
2054 1895 103 75 below
2183 1895 55 75 are

1211 1941 123 75 termed
1364 1941 234 75 commifiures;
1634 1941 61 75 and
1723 1941 72 75 may
1821 1941 138 75 likewife
1982 1941 40 75 be
2049 1941 106 75 called
2182 1941 56 75 the

1211 1987 198 75 extremities
1427 1987 36 75 or
1480 1987 108 75 angles
1606 1987 40 75 of
1658 1987 54 75 the
1728 1987 95 75 finus.
1831 1987 5 75 .

1255 2033 77 75 The
1348 2033 56 75 alae
1421 2033 54 75 are
1491 2033 88 75 more
1597 2033 192 75 prominent,
1816 2033 61 75 and
1900 2033 126 75 thicker
2040 2033 102 75 above
2159 2033 78 75 than
2248 2033 6 75 >

1209 2079 117 75 below,
1351 2079 62 75 and
1440 2079 43 75 lie
1515 2079 110 75 nearer
1653 2079 77 75 each
1759 2079 92 75 other
1878 2079 104 75 below
2009 2079 77 75 than
2122 2079 112 75 above.

1205 2126 100 75 They
1321 2126 52 75 are
1390 2126 114 75 chiefly
1516 2126 168 75 compofed
1696 2126 40 75 of
1746 2126 55 75 the
1813 2126 79 75 fkin,
1910 2126 133 75 eellular
2061 2126 192 75 fubftance,.

1209 2172 62 75 and
1286 2172 61 75 fat.
1394 2172 77 75 The
1488 2172 147 75 exterior
1645 2172 66 75 fkin
1727 2172 27 75 is
1782 2172 19 75 a
1824 2172 215 75 continuation
2062 2172 41 75 of
2114 2172 70 75 that
2200 2172 42 75 of

1207 2218 54 75 the
1278 2218 107 75 pubes,
1402 2218 62 75 and
1490 2218 141 75 inguina.
1680 2218 31 75 It
1739 2218 26 75 is
1791 2218 88 75 mere
1905 2218 39 75 or
1966 2218 61 75 lefs
2055 2218 92 75 even,
2173 2218 63 75 and

1206 2264 157 75 furnifhed
1382 2264 78 75 with
1484 2264 19 75 a
1526 2264 92 75 great
1643 2264 133 75 number
1796 2264 42 75 of
1854 2264 168 75 glandular
2042 2264 210 75 corpufcles,.

1205 2310 84 75 from
1307 2310 103 75 which
1429 2310 18 75 a
1462 2310 123 75 whitifh
1609 2310 213 75 ceruminous'
1822 2310 112 75 matter
1950 2310 73 75 may
2038 2310 40 75 be
2095 2310 138 75 expr-eff-
2245 2310 7 75 -

1207 2356 58 75 ed;
1293 2356 62 75 and
1382 2356 82 75 after
1481 2356 19 75 a
1515 2356 120 75 certain
1653 2356 56 75 age
1726 2356 26 75 it
1768 2356 27 75 is
1811 2356 140 75 likewife
1977 2356 143 75 covered:
2129 2356 32 75 in
2178 2356 56 75 the
2247 2356 6 75 :

1207 2402 84 75 fame
1305 2402 130 75 manner
1459 2402 79 75 with
1553 2402 56 75 the
1626 2402 112 75 pubes.

1254 2451 75 75 The
1345 2451 90 75 inner
1455 2451 62 75 fide
1534 2451 40 75 of
1584 2451 55 75 the
1656 2451 56 75 alae
1740 2451 26 75 is
1795 2451 178 75 fomething
1998 2451 66 75 like
2092 2451 55 75 thte
2174 2451 59 75 red

1206 2494 127 75 portion
1349 2494 41 75 of
1400 2494 55 75 the
1471 2494 62 75 lips
1550 2494 39 75 of
1599 2494 56 75 the
1677 2494 132 75 mouth;
1838 2494 61 75 and
1925 2494 27 75 it
1968 2494 265 75 is-diftinguifhed

1206 2540 95 75 every
1316 2540 107 75 where
1439 2540 84 75 from
1539 2540 54 75 the
1614 2540 143 75 external
1773 2540 63 75 fide
1854 2540 43 75 by
1914 2540 18 75 a
1948 2540 78 75 kind
2042 2540 40 75 of
2096 2540 75 75 line,
2198 2540 32 75 in

1205 2587 55 75 the
1276 2587 82 75 fame
1375 2587 129 75 manner
1520 2587 33 75 as
1570 2587 54 75 the
1641 2587 57 75 reel
1713 2587 126 75 portion
1856 2587 40 75 of
1916 2587 56 75 the
1989 2587 60 75 lips
2066 2587 84 75 from
2173 2587 57 75 the

1206 2632 58 75 reft
1284 2632 40 75 of
1346 2632 56 75 the
1429 2632 85 75 Ikin;
1548 2632 95 75 being
1671 2632 137 75 likewife
1831 2632 129 75 thinner
1983 2632 62 75 and
2068 2632 183 75 fmoother'

1205 2678 76 75 than
1298 2678 56 75 the
1370 2678 145 75 outward
1527 2678 81 75 /kin.
1653 2678 30 75 A
1698 2678 90 75 great
1800 2678 132 75 number
1948 2678 39 75 of
1999 2678 92 75 pores
2104 2678 54 75 are
2170 2678 57 75 ob-

1204 2724 139 75 fervable
1366 2724 32 75 in
1418 2724 40 75 it,
1482 2724 62 75 and
1572 2724 64 75 alfo
1661 2724 172 75 numerous
1857 2724 167 75 glandular
2049 2724 178 75 corpufcles
2243 2724 5 75 .

1203 2771 103 75 which
1324 2771 116 75 furnifh
1458 2771 17 75 a
1490 2771 106 75 liquor
1612 2771 99 75 more'
1711 2771 37 75 or
1758 2771 61 75 lefs
1835 2771 179 75 febaceous.

1251 2818 89 75 Near
1356 2818 54 75 the
1426 2818 185 75 innenedge
1638 2818 39 75 of
1694 2818 53 75 the
1771 2818 89 75 inner
1877 2818 139 75 ferfaces
2033 2818 40 75 of
2084 2818 54 75 the
2155 2818 69 75 ahe,

1204 2863 40 75 on
1259 2863 78 75 each
1355 2863 63 75 fide
1433 2863 42 75 of
1483 2863 55 75 the
1554 2863 107 75 orifice
1681 2863 40 75 of
1732 2863 53 75 the
1803 2863 88 75 canal
1908 2863 40 75 of
1959 2863 54 75 the
2030 2863 121 75 uterus,
2176 2863 48 75 we

1204 2909 65 75 find
1281 2909 18 75 a
1311 2909 91 75 fmall
1417 2909 74 75 hole
1507 2909 89 75 more
1611 2909 108 75 vifible
1742 2909 77 75 than
1843 2909 55 75 the
1915 2909 73 75 reft.
2035 2909 108 75 Thefe
2159 2909 66 75 turn

1202 2957 90 75 holes
1309 2957 51 75 are
1380 2957 122 75 termed
1517 2957 141 75 lacunas;
1685 2957 61 75 and
1762 2957 77 75 they
1855 2957 231 75 communicate
2101 2957 45 75 by
2161 2957 66 75 two
2243 2957 7 75 -

1202 3004 89 75 fmall
1307 3004 88 75 duds
1406 3004 80 75 with
1503 3004 54 75 the
1567 3004 89 75 fame
1672 3004 133 75 number
1825 3004 39 75 of
1874 3004 159 75 follicular
2049 3004 109 75 bodies
2175 3004 50 75 ly-

2173 3066 73 75 fego
