2423 3387
150 168 29 49 4
179 136 57 75 36

698 136 501 75 ASTRO

152 201 124 75 furdity
292 201 35 75 to
349 201 137 75 imagine
502 201 72 75 that
591 201 58 75 the
666 201 76 75 ftars
759 201 85 75 were
860 201 93 75 made
971 201 51 75 for
1038 201 44 75 no
1098 201 94 75 other

153 249 138 75 purpofe
306 249 79 75 than
406 249 35 75 to
461 249 63 75 caft
541 249 18 75 a
576 249 82 75 faint
675 249 83 75 light
781 249 87 75 upon
891 249 56 75 the
964 249 113 75 earth;
1105 249 86 75 efpe-

154 295 98 75 cially
267 295 82 75 fince
364 295 96 75 many
478 295 89 75 more
584 295 127 75 require
729 295 55 75 the
797 295 155 75 affiflance
963 295 40 75 of
1015 295 18 75 a
1049 295 85 75 good
1147 295 48 75 te-

153 341 126 75 fefcope
295 341 36 75 to
348 341 66 75 find
430 341 89 75 them
546 341 70 75 out,
642 341 78 75 than
749 341 53 75 are
828 341 110 75 vifible
963 341 137 75 without
1126 341 71 75 that

152 389 201 75 inflrument.
403 389 72 75 Our
492 389 55 75 fun
565 389 26 75 is
608 389 198 75 furrounded
829 389 44 75 by
890 389 18 75 a
925 389 113 75 fyftem
1065 389 41 75 of
1128 389 68 75 pla-

153 437 72 75 nets
242 437 64 75 and
325 437 121 75 comets
459 437 9 75 ;
496 437 42 75 all
564 437 107 75 which
699 437 109 75 would
825 437 39 75 be
880 437 142 75 invifible
1039 437 85 75 from
1140 437 56 75 the

153 483 122 75 neared
292 483 87 75 fixed
392 483 74 75 ftar.
516 483 77 75 And
611 483 85 75 from
720 483 87 75 what
829 483 50 75 we
895 483 129 75 already
1041 483 95 75 know
1160 483 40 75 of

154 530 56 75 the
233 530 155 75 immenfe
407 530 137 75 diftance
572 530 41 75 of
634 530 57 75 the
719 530 92 75 liars,
836 530 56 75 the
916 530 122 75 neared
1064 530 73 75 may
1156 530 40 75 be

154 577 174 75 computed
356 577 32 75 at
418 577 387 75 32,000,000,000,000
837 577 40 75 of
904 577 92 75 miles
1029 577 84 75 from
1146 577 49 75 us,

154 623 108 75 which
294 623 27 75 is
354 623 125 75 farther
511 623 77 75 than
623 623 17 75 a
673 623 242 75 cannon-bullet
946 623 109 75 would
1087 623 45 75 fly
1164 623 33 75 in

155 672 194 75 7,000,000
366 672 40 75 of
417 672 106 75 years.
573 672 112 75 Hence
713 672 25 75 it
766 672 27 75 is
821 672 73 75 eafy
922 672 35 75 to
985 672 111 75 prove,
1122 672 72 75 that

154 718 58 75 the
239 718 69 75 fun,
334 718 71 75 feen
434 718 86 75 from
547 718 76 75 fuch
652 718 18 75 a
697 718 151 75 didance,
871 718 109 75 would
1008 718 116 75 appear
1152 718 42 75 no

154 764 113 75 bigger
285 764 77 75 than
380 764 17 75 a
414 764 61 75 dar
492 764 40 75 of
543 764 56 75 the
615 764 65 75 fird
703 764 198 75 magnitude.
958 764 97 75 From
1074 764 41 75 all
1133 764 64 75 this

154 810 27 75 ft
197 810 27 75 is
241 810 113 75 highly
371 810 165 75 probable,
561 810 71 75 that
649 810 78 75 each
745 810 60 75 dar
822 810 26 75 is
875 810 18 75 a
916 810 57 75 fun
990 810 35 75 to
1050 810 19 75 a
1085 810 114 75 fyflem

155 859 42 75 of
209 859 118 75 worlds
345 859 130 75 moving
492 859 103 75 round
613 859 38 75 it,
678 859 125 75 though
820 859 115 75 unfeen
952 859 42 75 by
1011 859 37 75 us
1064 859 10 75 ;
1110 859 86 75 efpe-

155 906 97 75 cially
269 906 32 75 as
319 906 55 75 the
392 906 142 75 dodtrine
551 906 40 75 of
612 906 18 75 a
646 906 153 75 plurality
816 906 41 75 of
867 906 119 75 worlds
1004 906 26 75 is
1048 906 149 75 rational,

153 952 65 75 and
235 952 125 75 greatly
383 952 159 75 manifeds
560 952 56 75 the
643 952 121 75 power,
792 952 144 75 wifdom,
965 952 62 75 and
1044 952 156 75 goodnefs

154 1001 42 75 of
208 1001 54 75 the
280 1001 90 75 great
382 1001 152 75 Creator.

201 1046 77 75 The
296 1046 91 75 liars,
405 1046 43 75 on
464 1046 135 75 account
616 1046 40 75 of
666 1046 84 75 their
767 1046 188 75 apparently
966 1046 128 75 various
1111 1046 87 75 mag-

152 1093 143 75 nitudes,
320 1093 176 75 have-been
514 1093 189 75 didributed
720 1093 68 75 into
804 1093 118 75 feveral
941 1093 121 75 dalles,
1091 1093 37 75 or
1144 1093 53 75 or-

155 1140 88 75 ders.
292 1140 114 75 Thofe
431 1140 106 75 which
555 1140 116 75 appear
699 1140 126 75 larged,
851 1140 53 75 are
932 1140 107 75 called
1052 1140 95 75 Jiars
1164 1140 46 75 of

154 1186 55 75 fke
217 1186 77 75 fitJl
310 1186 209 75 magnitude-,
546 1186 56 75 the
621 1186 79 75 next
717 1186 35 75 to
769 1186 89 75 them
874 1186 32 75 in
929 1186 108 75 ludre,
1052 1186 94 75 fia^s
1164 1186 44 75 of

154 1234 55 75 the
230 1234 116 75 fecond
360 1234 210 75 magnitude-,
597 1234 63 75 and
685 1234 34 75 fo
743 1234 43 75 on
810 1234 54 75 the
881 1234 105 75 fixth,
1013 1234 104 75 which
1145 1234 53 75 are

153 1280 59 75 the
228 1280 136 75 fmalled
380 1280 72 75 thjit
469 1280 52 75 are
537 1280 110 75 vifible
664 1280 35 75 to
712 1280 55 75 the
784 1280 77 75 bare
873 1280 71 75 eye.
992 1280 86 75 This
1094 1280 103 75 diltri-

156 1326 115 75 bution
297 1326 118 75 having
434 1326 81 75 been
545 1326 92 75 made
663 1326 77 75 long
763 1326 111 75 before
900 1326 246 75 the.invention
1163 1326 42 75 of

157 1374 193 75 telefcopes,
375 1374 55 75 the
446 1374 76 75 liars
540 1374 103 75 which
671 1374 115 75 cannot
814 1374 39 75 be
882 1374 70 75 feen
978 1374 138 75 without
1143 1374 56 75 the

153 1421 157 75 aflidance
327 1421 41 75 of
387 1421 89 75 thefe
491 1421 217 75 inllrumerits,
734 1421 53 75 are
818 1421 224 75 didinguilhed
1068 1421 44 75 by
1144 1421 56 75 the

154 1468 95 75 name
265 1468 40 75 of
317 1468 163 75 telcfcipfc
484 1468 107 75 fan.

202 1515 78 75 The
297 1515 141 75 ancients
455 1515 131 75 divided
602 1515 56 75 the
682 1515 100 75 darry
798 1515 111 75 fphere
926 1515 70 75 into
1024 1515 176 75 particular

156 1561 248 75 condellations,
430 1561 38 75 or
482 1561 130 75 fydems
638 1561 40 75 of
697 1561 89 75 dars,
811 1561 172 75 according
1000 1561 33 75 as
1051 1561 78 75 they
1145 1561 54 75 lay

154 1607 79 75 near
249 1607 60 75 one
327 1607 147 75 another,
491 1607 35 75 fo
542 1607 34 75 as
593 1607 35 75 to
645 1607 124 75 occupy
785 1607 90 75 thofe
884 1607 115 75 dpaces
1017 1607 104 75 which
1140 1607 56 75 the

155 1655 118 75 figures
295 1655 39 75 of
353 1655 151 75 different
520 1655 82 75 forts
620 1655 40 75 of
672 1655 132 75 animals
821 1655 38 75 or
875 1655 111 75 things
999 1655 107 75 would
1123 1655 75 75 take

155 1702 57 75 up,
241 1702 31 75 if
290 1702 79 75 they
398 1702 84 75 were
511 1702 92 75 there
631 1702 194 75 delineated.
884 1702 77 75 And
993 1702 92 75 thofe
1120 1702 78 75 dars

155 1748 108 75 which
277 1748 96 75 could
389 1748 58 75 not
462 1748 40 75 be
520 1748 139 75 brought
677 1748 69 75 into
766 1748 62 75 any
844 1748 172 75 particular
1033 1748 164 75 condella-

155 1795 85 75 tion,
265 1795 86 75 were
367 1795 104 75 called
487 1795 172 75 unformed
662 1795 108 75 Jiars.

204 1842 87 75 This
307 1842 130 75 drvifion
455 1842 40 75 of
507 1842 55 75 the
580 1842 77 75 darj
684 1842 69 75 into
781 1842 151 75 different
961 1842 236 75 condellations

156 1889 40 75 or
212 1889 166 75 aderifms,
394 1889 105 75 ferves
520 1889 35 75 to
567 1889 181 75 didinguilh
765 1889 89 75 them
872 1889 83 75 from
972 1889 62 75 one
1050 1889 146 75 another,

156 1936 36 75 fo
210 1936 69 75 that
297 1936 62 75 any
375 1936 179 75 particular
572 1936 60 75 dar
656 1936 73 75 may
757 1936 40 75 be
827 1936 122 75 readily
976 1936 101 75 found
1093 1936 32 75 in
1144 1936 54 75 the

157 1982 139 75 heavens
325 1982 43 75 by
395 1982 109 75 means
528 1982 41 75 of
592 1982 19 75 a
637 1982 136 75 celedial
802 1982 117 75 globe;
946 1982 41 75 on
1014 1982 105 75 which
1143 1982 56 75 the

157 2028 238 75 condellations
409 2028 53 75 are
475 2028 34 75 fo
522 2028 192 75 delineated,
733 2028 33 75 as
785 2028 34 75 to
832 2028 57 75 put
902 2028 55 75 the
970 2028 79 75 mod
1062 2028 140 75 remark-

157 2076 74 75 able
248 2076 76 75 dars
342 2076 69 75 into
428 2076 75 75 fuch
529 2076 87 75 parts
634 2076 40 75 of
686 2076 56 75 the
758 2076 116 75 figures
892 2076 33 75 as
943 2076 53 75 are
1012 2076 80 75 mod
1109 2076 96 75 eafily

158 2121 238 75 didinguilhedj
444 2121 78 75 The
539 2121 134 75 number
689 2121 41 75 of
753 2121 57 75 the
826 2121 125 75 ancient
968 2121 236 75 condellations

156 2170 29 75 is
204 2170 57 75 48,
288 2170 60 75 and
367 2170 84 75 upon
472 2170 60 75 our
554 2170 125 75 prefent
701 2170 112 75 globes
838 2170 99 75 about
961 2170 56 75 70.
1067 2170 55 75 On
1141 2170 58 75 Se-

157 2214 95 75 nexs
269 2214 111 75 globes
397 2214 53 75 are
466 2214 138 75 inferted
620 2214 135 75 Bayers
772 2214 135 75 letters;
934 2214 57 75 the
1015 2214 64 75 fird
1095 2214 32 75 in
1144 2214 56 75 the

159 2261 113 75 Greek
288 2261 150 75 alphabet
454 2261 95 75 being
567 2261 58 75 put
642 2261 35 75 to
694 2261 56 75 the
767 2261 120 75 bigged
904 2261 62 75 dar
981 2261 31 75 in
1031 2261 78 75 each
1122 2261 77 75 con-

158 2309 171 75 flellation,
354 2309 57 75 the
426 2309 115 75 fecond
558 2309 35 75 to
612 2309 56 75 the
685 2309 92 75 next,
802 2309 63 75 and
880 2309 35 75 fo
932 2309 43 75 on
988 2309 8 75 :
1023 2309 55 75 By
1093 2309 106 75 which

1279 129 43 75 N
1402 129 40 75 O
1522 129 49 75 M
1649 129 54 75 Y.

1240 201 121 75 means,
1388 201 96 75 every
1505 201 62 75 dar
1583 201 26 75 is
1634 201 33 75 as
1690 201 94 75 eafily
1811 201 101 75 found
1939 201 34 75 as
1995 201 31 75 if
2042 201 19 75 a
2083 201 91 75 name
2199 201 83 75 were

1242 247 93 75 given
1355 247 36 75 to
1407 247 39 75 it.
1494 247 111 75 Thus,
1630 247 31 75 if
1672 247 58 75 the
1747 247 63 75 dar
1825 247 30 75 y
1873 247 33 75 in
1923 247 56 75 the
2004 247 221 75 condellation
2248 247 40 75 of

1244 294 56 75 the
1316 294 68 75 ram
1400 294 40 75 be
1457 294 197 75 mentioned,
1678 294 98 75 every
1794 294 194 75 adronomer
2011 294 112 75 knows
2152 294 33 75 as
2210 294 75 75 well

1247 341 89 75 what
1352 341 63 75 dar
1431 341 27 75 is
1475 341 108 75 meant
1600 341 33 75 as
1646 341 31 75 if
1687 341 27 75 it
1730 341 84 75 were
1827 341 131 75 pointed
1974 341 58 75 out
2048 341 120 75 to.him
2184 341 32 75 in
2229 341 55 75 the

1245 387 151 75 heavens.

1292 434 111 75 There
1417 434 29 75 is
1460 434 65 75 alfo
1542 434 17 75 a
1571 434 131 75 divifion
1716 434 39 75 of
1769 434 56 75 the
1840 434 136 75 heavens
1989 434 68 75 into
2074 434 92 75 three
2182 434 102 75 parts.

1249 481 28 75 1.
1295 481 77 75 The
1387 481 123 75 Zodiak

1717 481 84 75 from
1817 481 55 75 tyj'
1872 481 68 75 tov,
1957 481 128 75 zodion,
2103 481 38 75 an
2155 481 128 75 animal,

1244 528 132 75 becaufe
1393 528 79 75 mod
1484 528 39 75 of
1536 528 55 75 the
1609 528 234 75 condellations
1860 528 32 75 in
1910 528 38 75 it,
1975 528 104 75 which
2097 528 53 75 are
2170 528 116 75 twelve

1246 575 30 75 in
1306 575 144 75 number,
1477 575 53 75 are
1558 575 55 75 the
1641 575 117 75 figures
1786 575 41 75 of
1849 575 152 75 animals:
2045 575 49 75 As
2113 575 99 75 dries
2229 575 56 75 the

1247 621 80 75 ram,
1353 621 131 75 faurus
1513 621 56 75 the
1596 621 82 75 bull,
1709 621 133 75 Gemini
1865 621 56 75 the
1946 621 107 75 twins,
2079 621 126 75 Cancer
2228 621 57 75 the

1243 668 87 75 crab,
1357 668 63 75 Leo
1436 668 55 75 the
1508 668 79 75 lion,
1613 668 100 75 Virgo
1731 668 55 75 the
1804 668 116 75 virgin,
1947 668 103 75 Libra
2066 668 56 75 the
2139 668 144 75 balance,

1242 715 132 75 Scorpio
1390 715 56 75 the
1462 715 158 75 fcorpion,
1646 715 209 75 Sagittarius
1880 715 55 75 the
1963 715 124 75 archer,
2112 715 189 75 Capricor--

1247 762 58 75 nus
1333 762 54 75 the
1411 762 87 75 goat,
1533 762 173 75 Aquarius
1731 762 56 75 the
1810 762 241 75 water-bearer,
2085 762 62 75 and
2172 762 111 75 Pifces

1248 809 55 75 the
1318 809 103 75 fifties.
1469 809 77 75 The
1576 809 116 75 zodiac
1718 809 78 75 goes
1823 809 89 75 quite
1930 809 102 75 round
2050 809 54 75 the
2121 809 137 75 heavens
2272 809 13 75 r

1246 855 25 75 it
1288 855 25 75 is
1331 855 98 75 about
1450 855 42 75 16
1509 855 131 75 degrees
1657 855 113 75 broad,
1795 855 34 75 fo
1841 855 71 75 that
1924 855 26 75 it
1966 855 91 75 takes
2071 855 31 75 in
2115 855 55 75 the
2182 855 106 75 orbits,

1247 903 39 75 of
1297 903 44 75 all
1364 903 56 75 the
1437 903 135 75 planets,
1599 903 63 75 and
1684 903 138 75 likewife
1846 903 56 75 the
1927 903 87 75 orbit
2039 903 40 75 of
2100 903 56 75 the
2174 903 110 75 moon.

1247 950 111 75 Along
1374 950 57 75 the
1447 950 121 75 middle
1585 950 40 75 of
1647 950 64 75 this
1729 950 82 75 zone
1827 950 38 75 or
1881 950 69 75 belt
1966 950 26 75 is
2009 950 57 75 the
2084 950 137 75 ecliptic,
2247 950 39 75 or

1248 997 94 75 circle
1359 997 107 75 which
1483 997 55 75 the
1561 997 90 75 earth
1676 997 158 75 defcribes
1863 997 149 75 annually
2040 997 33 75 as
2101 997 72 75 feen
2199 997 86 75 from

1248 1044 55 75 the
1322 1044 57 75 fun
1394 1044 10 75 ;
1431 1044 64 75 and
1511 1044 106 75 which
1634 1044 55 75 the
1706 1044 55 75 fun
1782 1044 130 75 appears
1928 1044 35 75 to
1988 1044 142 75 defcribe
2157 1044 34 75 as
2214 1044 72 75 feen

1248 1091 84 75 from
1360 1091 56 75 the
1444 1091 104 75 earth.
1598 1091 35 75 2.
1658 1091 58 75 All
1745 1091 71 75 that
1844 1091 110 75 region
1983 1091 38 75 of
2044 1091 57 75 the
2132 1091 153 75 heavens,

1248 1138 105 75 which
1384 1138 26 75 is
1439 1138 42 75 on
1509 1138 56 75 the
1589 1138 94 75 north
1710 1138 63 75 fide
1798 1138 40 75 of
1860 1138 57 75 thd
1944 1138 126 75 zodiac,
2104 1138 184 75 containing

1246 1184 198 75 twenty-one
1461 1184 246 75 condellations.
1767 1184 91 75 And,
1886 1184 33 75 3.
1944 1184 93 75 That
2061 1184 42 75 on
2119 1184 56 75 the
2190 1184 95 75 fouth

1247 1231 76 75 fide,
1349 1231 183 75 containing
1554 1231 122 75 fifteen.

1294 1278 77 75 The
1388 1278 142 75 ancients
1547 1278 129 75 divided
1692 1278 56 75 the
1766 1278 113 75 zodiac
1895 1278 70 75 into
1979 1278 56 75 the
2052 1278 100 75 above
2168 1278 123 75 twelve

1247 1324 234 75 condellations
1499 1324 37 75 or
1552 1324 81 75 figns
1657 1324 32 75 in
1714 1324 56 75 the
1794 1324 168 75 following
1985 1324 143 75 manner.
2185 1324 103 75 They

1247 1371 79 75 took
1342 1371 19 75 a
1376 1371 95 75 veffel
1486 1371 80 75 with
1579 1371 17 75 a
1608 1371 89 75 fmall
1716 1371 74 75 hole
1806 1371 33 75 in
1857 1371 56 75 the
1929 1371 139 75 bottom,
2087 1371 64 75 and
2166 1371 123 75 having

1247 1419 88 75 filled
1356 1419 27 75 it
1408 1419 83 75 with
1518 1419 113 75 water,
1655 1419 141 75 differed
1812 1419 57 75 the
1885 1419 83 75 fame
1984 1419 36 75 to
2044 1419 85 75 didil
2145 1419 81 75 drop
2242 1419 46 75 by

1246 1465 81 75 drop
1351 1465 70 75 into
1450 1465 135 75 another
1607 1465 93 75 veffel
1717 1465 46 75 fet
1779 1465 138 75 beneath
1944 1465 36 75 to
2007 1465 123 75 receive
2155 1465 47 75 it;
2229 1465 57 75 be-

1247 1512 130 75 ginning
1394 1512 33 75 at
1443 1512 57 75 the
1516 1512 141 75 moment
1673 1512 93 75 when
1784 1512 86 75 fome
1898 1512 61 75 dar
1988 1512 81 75 rofe,
2095 1512 63 75 and
2182 1512 103 75 conti-

1248 1559 95 75 nuing
1361 1559 81 75 until
1458 1559 27 75 it
1503 1559 69 75 rofe
1588 1559 56 75 the
1660 1559 80 75 next
1756 1559 167 75 following
1940 1559 103 75 night.
2092 1559 78 75 The
2182 1559 103 75 water

1246 1606 97 75 fallen
1360 1606 95 75 down
1471 1606 69 75 into
1558 1606 54 75 the
1631 1606 139 75 receiver
1786 1606 78 75 they
1880 1606 130 75 divided
2027 1606 69 75 into
2112 1606 116 75 twelve
2251 1606 35 75 e-

1246 1652 76 75 qual
1339 1652 110 75 parts;
1476 1652 63 75 and
1554 1652 118 75 having
1695 1652 66 75 two
1778 1652 94 75 other
1897 1652 88 75 fmall
2003 1652 109 75 veffels
2129 1652 33 75 in
2179 1652 105 75 readi-

1247 1699 81 75 nefs,
1355 1699 78 75 each
1458 1699 41 75 of
1520 1699 89 75 them
1635 1699 37 75 fit
1696 1699 35 75 to
1748 1699 128 75 contain
1903 1699 60 75 one
1990 1699 84 75 part,
2100 1699 79 75 they
2194 1699 92 75 again

1245 1746 123 75 poured
1384 1746 42 75 all
1443 1746 55 75 the
1514 1746 100 75 water
1630 1746 69 75 into
1716 1746 55 75 the
1787 1746 100 75 upper
1904 1746 107 75 veffel,
2037 1746 63 75 and
2116 1746 170 75 obierving

1245 1793 56 75 the
1319 1793 93 75 rifing
1436 1793 41 75 of
1498 1793 86 75 fome
1608 1793 62 75 dar
1692 1793 32 75 in
1753 1793 55 75 the
1834 1793 125 75 zodiac,
1986 1793 76 75 they
2080 1793 33 75 at
2130 1793 56 75 the
2202 1793 84 75 fame

1246 1840 77 75 time
1340 1840 139 75 differed
1503 1840 58 75 the
1588 1840 100 75 water
1707 1840 36 75 to
1770 1840 82 75 drop
1877 1840 68 75 into
1970 1840 59 75 one
2053 1840 40 75 of
2115 1840 57 75 the
2196 1840 90 75 fmall

1246 1886 132 75 veffels;
1405 1886 63 75 and
1484 1886 32 75 as
1534 1886 76 75 foon
1628 1886 34 75 as
1679 1886 25 75 it
1730 1886 64 75 was
1819 1886 74 75 full,
1918 1886 91 75 they'
2020 1886 116 75 ftiifted
2159 1886 38 75 it,
2224 1886 63 75 and

1247 1932 45 75 fet
1310 1932 39 75 an
1368 1932 109 75 empty
1493 1932 61 75 one
1570 1932 31 75 in
1620 1932 48 75 Its
1692 1932 103 75 place.
1854 1932 113 75 When
1991 1932 78 75 each
2098 1932 94 75 veffel
2219 1932 67 75 was

1248 1979 73 75 full,
1346 1979 79 75 they
1442 1979 78 75 took
1538 1979 107 75 notice
1665 1979 88 75 what
1769 1979 62 75 dar
1846 1979 41 75 of
1899 1979 55 75 the
1972 1979 115 75 zodiac
2104 1979 68 75 rofe
2185 1979 9 75 ;
2221 1979 66 75 and

1251 2025 123 75 though
1392 2025 64 75 this
1474 2025 97 75 could
1586 2025 57 75 not
1658 2025 41 75 be
1715 2025 84 75 done
1823 2025 33 75 in
1880 2025 61 75 one
1965 2025 104 75 night,
2094 2025 55 75 yet
2166 2025 33 75 in
2217 2025 69 75 ma-

1251 2073 43 75 ny
1317 2073 79 75 they
1423 2073 154 75 obferved
1601 2073 56 75 the
1680 2073 94 75 rifing
1797 2073 40 75 of
1856 2073 116 75 twelve
1997 2073 76 75 dars
2102 2073 37 75 or
2164 2073 119 75 points,

1252 2121 44 75 by
1312 2121 105 75 which
1434 2121 79 75 they
1528 2121 131 75 divided
1675 2121 56 75 the
1749 2121 114 75 zodiac
1880 2121 67 75 into
1965 2121 115 75 twelve
2097 2121 101 75 parts.

1294 2167 77 75 The
1391 2167 107 75 names
1523 2167 40 75 of
1581 2167 57 75 the
1663 2167 247 75 condellations,
1937 2167 63 75 and
2019 2167 56 75 the
2100 2167 133 75 number
2249 2167 45 75 of

1249 2214 77 75 dars
1342 2214 156 75 obferved
1513 2214 34 75 in
1565 2214 79 75 each
1669 2214 43 75 of
1728 2214 89 75 them
1834 2214 44 75 by
1893 2214 153 75 different
2062 2214 223 75 adronomers,

1248 2261 53 75 are
1318 2261 34 75 as
1376 2261 126 75 follow.

255 2449 86 75 Uffa
357 2449 115 75 minor

254 2496 86 75 Urfa
357 2496 104 75 major

255 2542 114 75 Draco

255 2589 150 75 Gepheus

254 2635 136 75 Bootes,
417 2635 212 75 Arftophilax

257 2683 132 75 Corona
403 2683 146 75 Borealis

256 2729 172 75 Hercules*
453 2729 185 75 Engonajin

256 2776 91 75 Lyra

257 2821 148 75 Cygnus,
432 2821 139 75 Gallina

257 2868 163 75 Caffiopea

256 2915 134 75 Perfeus

256 2962 128 75 Auriga

257 3009 250 75 Serpentariusg
518 3009 181 75 Ophiuchus

537 2402 83 75 The,
630 2402 125 75 ancient
773 2402 259 75 Condellations.

767 2449 77 75 The
861 2449 104 75 Little
983 2449 93 75 Bear

769 2496 77 75 The
862 2496 106 75 Great
984 2496 87 75 Bear

769 2542 76 75 The
862 2542 137 75 Dragon

771 2589 149 75 Gepheus

771 2681 77 75 The
864 2681 169 75 Northern
1052 2681 124 75 Crown

773 2729 159 75 Hercules
948 2729 150 75 kneeling

774 2774 76 75 The
867 2774 91 75 Harp

777 2821 76 75 The
871 2821 99 75 Swan

778 2867 77 75 The
872 2867 96 75 Lady
984 2867 31 75 in
1032 2867 58 75 her
1106 2867 109 75 Chair

778 2914 133 75 Perfeus

778 2961 76 75 The
871 2961 191 75 Waggoner

779 3008 222 75 Serpentarius

1269 2403 159 75 Ptolemy.

1355 2452 19 75 8

1329 2507 43 75 35

1329 2554 39 75 3*

1331 2601 38 75 13

1326 2629 18 49 2
1344 2647 24 75 3

1349 2683 19 75 8

1326 2732 44 75 29

1329 2778 42 75 10

1327 2835 41 75 W

1328 2880 39 75 13

1325 2918 44 75 29

1330 2974 40 75 14

1325 3021 44 75 29

1478 2402 113 75 Tycho.

1538 2458 18 75 7

1464 2505 3 75 ,
1508 2505 46 75 29

1511 2549 40 75 32

1531 2598 21 75 4

1511 2636 40 75 18

1509 2824 40 75 18

1506 2870 44 75 2<$

1508 2928 44 75 29

1530 2973 22 75 9

1511 3018 38 75 15

1699 2598 38 75 51

1700 2642 41 75 52
1721 2683 20 75 8

1698 2739 42 75 45

1701 2786 40 75 *7

1696 2832 44 75 47

1698 2878 41 75 37

1696 2917 44 75 46

1696 2962 46 75 40

1697 3019 45 75 49

1865 2402 189 75 Flamfieed.

1939 2460 44 75 24

1937 2496 43 75 87

1937 2543 45 75 80

1937 2599 40 75 35

1937 2646 44 75 54

1932 2822 42 75 81

1934 2878 42 75 55

1935 2925 43 75 59

1934 2963 46 75 66

1933 3020 44 75 74

2148 3053 136 75 Serpens
