2483 3387
690 169 41 75 A
810 169 36 75 R
925 169 20 75 r
1019 169 38 75 T
1134 169 44 75 H

213 243 108 75 Thus,
344 243 177 75 7)999^99
535 243 46 75 fix
593 243 119 75 places.
760 243 109 75 Thus,
884 243 139 75 27)992
1023 225 96 49 tliree
1130 243 20 75 P
1150 225 84 49 iacts
1234 243 14 75 -

385 305 134 75 142^57

702 305 8 75 .
805 305 8 75 .
907 305 4 75 '
973 305 42 75 37

259 342 77 75 The
353 342 134 75 number
504 342 40 75 of
562 342 115 75 figures
701 342 32 75 in
750 342 18 75 a
787 342 109 75 circle,
921 342 93 75 when
1037 342 85 75 feme
1140 342 109 75 power

216 389 38 75 of
274 389 17 75 3
310 389 28 75 is
355 389 54 75 the
426 389 240 75 denominator^
687 389 73 75 may
777 389 69 75 alfa
867 389 40 75 be
930 389 103 75 found
1050 389 96 75 thus:
1183 389 62 75 Di-

214 435 72 75 vide
303 435 55 75 the
374 435 93 75 given
484 435 222 75 denominator
729 435 44 75 by
790 435 34 75 9,
850 435 62 75 and
928 435 56 75 the
1002 435 132 75 number
1151 435 43 75 of
1211 435 36 75 u-

214 482 62 75 nits
293 482 32 75 in
342 482 54 75 the
415 482 80 75 cjuot
512 482 67 75 will
597 482 39 75 be
652 482 96 75 equal
765 482 34 75 to
813 482 54 75 the
880 482 133 75 number
1029 482 40 75 of
1079 482 119 75 figures
1215 482 35 75 in

215 529 55 75 the
302 529 109 75 circle.
475 529 111 75 Thus,
626 529 126 75 9)27(3
789 529 119 75 places.
966 529 111 75 Thus,
1117 529 130 75 9)81(9

214 576 121 75 places,
356 576 67 75 <&c.

261 622 37 75 If
318 622 19 75 3
361 622 109 75 divide
486 622 20 75 a
528 622 144 75 repeater
689 622 105 75 whofe
816 622 163 75 repeating
996 622 101 75 figure
1113 622 26 75 is
1157 622 56 75 not
1230 622 20 75 a

212 669 146 75 multiple
374 669 41 75 of
436 669 32 75 3,
494 669 56 75 the
566 669 81 75 quot
660 669 66 75 will
743 669 40 75 be
800 669 19 75 a
834 669 78 75 pure
929 669 150 75 circulate
1096 669 40 75 of
1155 669 92 75 three

212 715 120 75 places.
397 715 111 75 Thus,
541 715 53 75 3).
594 747 8 49 (
602 715 180 75 i'xi(-037,
816 715 62 75 and
908 715 236 75 3)-^55(-i85,
1186 715 64 75 and

216 774 241 75 3)-/77(-2S9-

846 774 8 75 .
929 774 8 75 .
977 774 9 75 ,

261 809 37 75 If
319 809 17 75 3
361 809 108 75 divide
494 809 18 75 a
536 809 79 75 pure
639 809 166 75 circulate,
830 809 56 75 the
910 809 96 75 circle
1027 809 59 75 not
1109 809 96 75 being
1228 809 19 75 a

212 856 146 75 multiple
374 856 42 75 of
427 856 33 75 3,
486 856 56 75 the
558 856 81 75 quot
656 856 66 75 will
739 856 40 75 be
796 856 17 75 a
831 856 78 75 pure
925 856 152 75 circulate
1089 856 40 75 of
1141 856 106 75 thrice

212 902 33 75 as
268 902 96 75 many
388 902 105 75 places
519 902 33 75 as
577 902 56 75 the
656 902 97 75 circle
775 902 37 75 of
835 902 56 75 the
914 902 164 75 dWidend.
1137 902 23 75 1
1171 902 75 75 has,

212 986 22 49 ?
234 954 534 75 ).o37,03:7,037(012345679.

258 996 92 75 Mfxt
371 996 170 75 circulates
558 996 75 75 take
659 996 86 75 their
766 996 60 75 rife
849 996 85 75 from
960 996 155 75 fractions
1137 996 108 75 whole

209 1043 238 75 denominators
464 1043 54 75 are
535 1043 55 75 the
606 1043 101 75 prime
718 1043 150 75 numbers
889 1043 32 75 7,
944 1043 54 75 u,
1020 1043 55 75 *3,
1105 1043 54 75 17,
1189 1043 54 75 19,

212 1090 57 75 23,
290 1090 56 75 29,
364 1090 65 75 &c.
454 1090 182 75 multiplied
651 1090 69 75 into
738 1090 33 75 2,
793 1090 32 75 5,
843 1090 37 75 or
902 1090 54 75 10,
974 1090 41 75 or
1028 1090 72 75 into
1110 1090 86 75 fome
1208 1090 42 75 of

210 1134 84 75 their
312 1134 135 75 powers,
473 1134 38 75 or
528 1134 133 75 protkrdt
678 1134 39 75 of
736 1134 86 75 their
838 1134 136 75 powers.

258 1182 151 75 Examp.
437 1182 64 75 VI.
551 1182 136 75 Reduce
703 1182 34 75 ^9
737 1214 15 49 T
768 1182 36 75 to
820 1182 19 75 a
854 1182 150 75 decimal.

209 1230 423 75 28)9.o(.32,142857,14
725 1230 78 75 The
830 1230 228 75 denominator
1082 1230 44 75 7%
1135 1230 36 75 —
1181 1230 31 75 T'
1212 1230 28 75 X

277 1277 56 75 84

311 1369 46 75 60

313 1424 43 75 56

684 1276 104 75 2X2,
815 1276 87 75 gives
927 1276 19 75 a
968 1276 83 75 mixt
1074 1276 167 75 civculate,

681 1319 163 75 confiding
860 1319 41 75 of
919 1319 57 75 the
991 1319 87 75 finite
1095 1319 71 75 part
1184 1319 58 75 32,

682 1367 63 75 and
763 1367 19 75 a
805 1367 95 75 circle
923 1367 39 75 of
985 1367 47 75 fix
1059 1367 116 75 figures
1205 1367 37 75 or

682 1413 118 75 places,
827 1413 104 75 whofe
948 1413 68 75 fum
1037 1413 27 75 is
1087 1413 95 75 equal
1206 1413 37 75 to

680 1460 58 75 the
754 1460 132 75 produft
902 1460 40 75 of
962 1460 24 75 9
1000 1460 73 75 into
1093 1460 73 75 half
1187 1460 54 75 the

682 1506 132 75 number
828 1506 39 75 of
877 1506 138 75 figures;
1031 1506 71 75 that
1109 1506 40 75 is,
1165 1506 76 75 9X3

683 1556 94 75 =27.

380 1787 49 75 go

383 1841 44 75 56

404 1929 72 75 240

405 1976 68 75 324

430 2069 67 75 160

432 2113 67 75 140

451 2206 74 75 200

454 2253 66 75 196

468 2346 77 75 *40

499 2392 44 75 28

504 2484 68 75 120

504 2532 62 75 113

253 2669 76 75 The
345 2669 133 75 number
500 2669 40 75 of
559 2669 117 75 places,
700 2669 83 75 both
797 2669 34 75 in
852 2669 56 75 the
932 2669 90 75 finite
1036 2669 72 75 part
1125 2669 61 75 and
1203 2669 35 75 in

206 2716 55 75 the
277 2716 109 75 circle,
412 2716 74 75 may
502 2716 39 75 be
565 2716 196 75 afeertained
781 2716 94 75 thus:
912 2716 123 75 Divide
1058 2716 56 75 the
1136 2716 99 75 deno-

205 2761 138 75 minator
366 2761 40 75 of
425 2761 55 75 the
501 2761 113 75 vulgar
630 2761 134 75 fra£tion
780 2761 44 75 by
844 2761 55 75 10,
926 2761 32 75 5,
983 2761 93 75 or‘2,
1098 2761 33 75 as
1148 2761 92 75 often

206 2810 35 75 as
267 2810 149 75 poffihle,.
444 2810 63 75 and
528 2810 57 75 the
608 2810 133 75 number
764 2810 41 75 of
826 2810 135 75 divifors
982 2810 67 75 will
1072 2810 85 75 fnow
1181 2810 55 75 the

208 2854 132 75 number
362 2854 40 75 of
420 2854 109 75 places
543 2854 32 75 in
591 2854 55 75 the
670 2854 87 75 finite
774 2854 92 75 part;
893 2854 92 75 make
1002 2854 55 75 the
1079 2854 59 75 lad
1154 2854 82 75 qnot

208 2902 19 75 a
241 2902 130 75 divifor,
388 2902 63 75 and
462 2902 56 75 the
532 2902 152 75 dividend
695 2902 61 75 any
765 2902 185 75 competent
966 2902 132 75 number
1111 2902 38 75 of
1162 2902 73 75 9’s;

209 2948 146 75 continue
371 2948 56 75 die
442 2948 166 75 operation
622 2948 52 75 till
690 2948 23 75 o
731 2948 131 75 remain,
887 2948 63 75 and
971 2948 56 75 the
1050 2948 133 75 number
1200 2948 40 75 of

209 2997 49 75 9’s
273 2997 77 75 ufed
372 2997 67 75 will
462 2997 39 75 be
525 2997 96 75 equal
644 2997 36 75 to
704 2997 55 75 the
783 2997 134 75 number
941 2997 40 75 of
998 2997 106 75 places
1129 2997 34 75 in
1179 2997 55 75 the

1256 163 49 75 M
1379 163 37 75 E
1490 163 41 75 T
1608 163 17 75 I
1707 163 40 75 C
1821 163 50 75 K.

2255 163 88 75 m

1783 241 57 75 *°)
1894 241 45 75 jX

1298 278 108 75 circle.
1446 278 110 75 Thus,
1579 278 441 75 to);050o(:o5o(2C>5v4i
2037 278 9 75 ;
2075 278 63 75 and;
2152 278 44 75 41
2219 278 116 75 99999

1300 327 121 75 (2439,
1448 327 64 75 and
1527 327 20 75 c
1566 327 148 75 remains.
1764 327 46 75 So
1829 327 61 75 you
1911 327 72 75 may
1999 327 166 75 conclade,
2192 327 71 75 that
2280 327 54 75 die

1297 371 88 75 finite
1402 371 71 75 part
1496 371 65 75 will
1580 371 107 75 confift
1705 371 41 75 of
1763 371 91 75 three
1879 371 118 75 places,
2023 371 60 75 and
2103 371 57 75 the
2182 371 93 75 circle
2300 371 41 75 of

1345 464 216 75 Univerfally,
1586 464 63 75 any
1665 464 113 75 vulgar
1795 464 135 75 fraction
1946 464 96 75 being
2060 464 109 75 given,
2197 464 48 75 v.e
2262 464 75 75 may

1298 512 175 75 determine
1490 512 146 75 whether
1653 512 54 75 the
1725 512 136 75 decimal
1887 512 115 75 thence
2027 512 153 75 teluking
2203 512 68 75 will
2294 512 40 75 be

1297 558 88 75 finite
1402 558 38 75 or
1455 558 144 75 infinite;
1627 558 61 75 and
1706 558 30 75 if
1755 558 134 75 infinite,
1914 558 146 75 whether
2077 558 78 75 pure
2172 558 40 75 or
2226 558 106 75 mist;

1297 605 77 75 with
1388 605 55 75 the
1455 605 134 75 number
1605 605 41 75 of
1657 605 118 75 places,
1793 605 65 75 foe.
1883 605 35 75 in
1929 605 62 75 the’
2000 605 171 75 following
2188 605 144 75 manner.

1345 653 133 75 Reduce
1495 653 56 75 the
1567 653 95 75 given
1678 653 112 75 vulgar
1813 653 136 75 fra&ion
1975 653 36 75 to
2034 653 41 75 its
2093 653 110 75 lowed
2219 653 111 75 terms,

1299 699 76 75 then
1392 699 108 75 divide
1516 699 58 75 the
1590 699 222 75 denominator
1827 699 45 75 by
1893 699 55 75 jo,
1976 699 32 75 5,
2034 699 38 75 or
2091 699 32 75 2,
2142 699 33 75 as
2192 699 89 75 often
2299 699 32 75 as

1298 746 148 75 poifible;
1473 746 64 75 and
1558 746 31 75 if
1608 746 56 75 the
1688 746 57 75 lad
1762 746 80 75 quot
1860 746 39 75 be
1916 746 105 75 unity,
2046 746 138 75 without
2198 746 65 75 any
2281 746 51 75 re-

1297 793 157 75 mainder,
1479 793 56 75 the
1550 793 136 75 decimal
1708 793 28 75 is
1753 793 100 75 finite,
1879 793 73 75 amd
1969 793 56 75 the
2041 793 135 75 number
2199 793 40 75 of
2250 793 81 75 divi-

1296 840 66 75 fors
1380 840 98 75 fhews
1496 840 55 75 the
1567 840 135 75 number
1717 840 40 75 of
1767 840 135 75 decimal
1919 840 119 75 places.

1344 887 37 75 If
1399 887 56 75 the
1471 887 203 75 ladquotbe
1692 887 37 75 3,
1750 887 38 75 or
1805 887 62 75 any
1883 887 108 75 power
2003 887 39 75 of
2056 887 33 75 3,
2107 887 55 75 the
2179 887 153 75 refulting

1296 934 135 75 decimal
1448 934 67 75 will
1527 934 40 75 be
1582 934 19 75 a
1617 934 86 75 mixt
1717 934 156 75 repeater,
1898 934 56 75 the
1970 934 134 75 number
2120 934 41 75 of
2172 934 105 75 whole
2293 934 38 75 fi-

1296 981 65 75 nite
1378 981 105 75 places
1500 981 67 75 will
1583 981 40 75 be
1639 981 96 75 equal
1752 981 35 75 to
1803 981 55 75 the
1871 981 134 75 number
2021 981 41 75 of
2071 981 148 75 divifors.

1344 1027 36 75 If
1399 1027 55 75 the
1471 1027 57 75 lad
1545 1027 80 75 quot
1641 1027 117 75 cannot
1770 1027 40 75 be
1827 1027 131 75 divided
1973 1027 44 75 by
2034 1027 39 75 2,
2097 1027 31 75 5,
2160 1027 53 75 10,
2239 1027 39 75 or
2296 1027 34 75 3,

1295 1074 54 75 die
1366 1074 152 75 refulting
1533 1074 139 75 decimal
1687 1074 67 75 will
1779 1074 40 75 be
1844 1074 18 75 a
1886 1074 83 75 mixt
1994 1074 173 75 circulate;
2194 1074 63 75 and
2273 1074 59 75 the

1294 1121 70 75 way
1380 1121 40 75 of
1438 1121 121 75 finding
1575 1121 57 75 the
1647 1121 134 75 number
1797 1121 40 75 of
1854 1121 120 75 places,
1997 1121 80 75 both
2106 1121 33 75 in
2163 1121 56 75 the
2241 1121 89 75 finite

1293 1168 71 75 part
1382 1168 62 75 and
1461 1168 109 75 circle,
1595 1168 28 75 is
1639 1168 114 75 taught
1771 1168 113 75 above.

1341 1215 37 75 If
1396 1215 55 75 the
1466 1215 227 75 denominator
1713 1215 40 75 of
1772 1215 56 75 the
1852 1215 92 75 given
1970 1215 114 75 vulgar
2107 1215 135 75 fraction
2271 1215 59 75 can

1291 1263 40 75 be
1343 1263 142 75 divided,
1511 1263 124 75 neither
1652 1263 41 75 by
1714 1263 32 75 2,
1775 1263 32 75 5,
1833 1263 59 75 nor
1913 1263 54 75 10,
1992 1263 56 75 the
2073 1263 153 75 refulting
2240 1263 85 75 deci-

1293 1309 62 75 mal
1373 1309 68 75 will
1463 1309 40 75 be
1519 1309 18 75 a
1553 1309 78 75 pure
1656 1309 156 75 repeater,
1837 1309 38 75 or
1899 1309 21 75 a
1934 1309 76 75 pure
2028 1309 169 75 circulate,
2219 1309 110 75 accor-

1293 1355 76 75 ding
1387 1355 34 75 as
1438 1355 55 75 the
1510 1355 223 75 denominator
1748 1355 27 75 is
1795 1355 17 75 3
1832 1355 38 75 or
1883 1355 33 75 9,
1941 1355 39 75 or
1995 1355 86 75 fome
2098 1355 39 75 of
2156 1355 55 75 the
2228 1355 102 75 prime

1293 1403 165 75 numbers,
1475 1403 36 75 7,
1531 1403 54 75 ir,
1608 1403 58 75 13,
1682 1403 86 75 foe.;
1788 1403 32 75 as
1833 1403 57 75 has
1903 1403 80 75 been
1996 1403 130 75 already
2143 1403 185 75 explained.

1340 1449 110 75 Every
1466 1449 112 75 vulgar
1600 1449 135 75 frafticn
1752 1449 74 75 may
1850 1449 40 75 be
1913 1449 141 75 reduced
2077 1449 35 75 to
2138 1449 18 75 a
2179 1449 149 75 decimal,

1294 1497 88 75 finite
1398 1497 37 75 or
1451 1497 144 75 infintte;
1627 1497 72 75 that
1723 1497 41 75 is,
1797 1497 35 75 to
1859 1497 18 75 a
1900 1497 88 75 finite
2012 1497 148 75 decimal,
2185 1497 40 75 to-
2243 1497 19 75 a
2278 1497 51 75 re-

1294 1543 121 75 peater,
1439 1543 39 75 or
1502 1543 20 75 a
1548 1543 165 75 circulate.
1763 1543 67 75 For
1851 1543 31 75 if
1901 1543 57 75 the
1981 1543 223 75 denominator
2220 1543 108 75 divide

1294 1591 56 75 the
1366 1591 183 75 numerator
1565 1591 79 75 with
1669 1591 124 75 ciphers
1816 1591 160 75 annexed,
2003 1591 35 75 fo
2061 1591 34 75 as
2120 1591 35 75 to
2178 1591 90 75 leave
2285 1591 42 75 no

1295 1636 193 75 remainder,
1521 1636 56 75 the
1600 1636 152 75 refulting
1775 1636 135 75 decimal
1932 1636 27 75 is
1984 1636 102 75 finite.
2140 1636 38 75 If
2196 1636 59 75 the
2276 1636 52 75 re-

1295 1683 141 75 maining
1451 1683 103 75 figure
1567 1683 41 75 be
1624 1683 120 75 always
1760 1683 56 75 die
1831 1683 97 75 fame,
1952 1683 59 75 the
2025 1683 151 75 refoiting
2192 1683 138 75 decimal

1295 1730 65 75 will
1374 1730 39 75 be
1429 1730 19 75 a
1464 1730 157 75 repeater.
1670 1730 37 75 If
1726 1730 124 75 neither
1865 1730 39 75 of
1923 1730 89 75 thefe
2027 1730 39 75 he
2082 1730 58 75 die
2156 1730 79 75 cafe,
2258 1730 74 75 yet,

1293 1778 133 75 becaufe
1441 1778 58 75 die
1520 1778 118 75 divifor
1652 1778 29 75 is
1698 1778 19 75 a
1739 1778 89 75 finite
1850 1778 147 75 number,
2021 1778 56 75 the
2099 1778 179 75 remainder
2294 1778 35 75 at

1294 1823 57 75 laft
1367 1823 81 75 mull
1464 1823 104 75 either
1591 1823 39 75 be
1646 1823 57 75 the
1727 1823 84 75 fame
1835 1823 80 75 with
1931 1823 56 75 the
2003 1823 186 75 numerator
2212 1823 41 75 of
2270 1823 58 75 the

1293 1871 113 75 vulgar
1421 1871 150 75 fraction,
1587 1871 38 75 or
1641 1871 55 75 the
1712 1871 83 75 fame
1811 1871 79 75 with
1907 1871 86 75 fonae
2004 1871 172 75 preceding
2192 1871 139 75 remain-

1293 1917 70 75 der,
1390 1917 62 75 and
1469 1917 77 75 then
1564 1917 18 75 a
1598 1917 68 75 new
1685 1917 95 75 circle
1796 1917 111 75 begins
1919 1917 10 75 ;
1956 1917 63 75 and
2031 1917 229 75 confequently
2272 1917 60 75 the

1294 1965 152 75 refalting
1463 1965 135 75 decimal
1616 1965 68 75 will
1698 1965 39 75 be
1756 1965 21 75 a
1790 1965 166 75 circulate.

1342 2011 143 75 Becaufe
1500 2011 33 75 in
1550 2011 172 75 circulates
1741 2011 57 75 the
1820 2011 96 75 circle
1939 2011 76 75 runs
2037 2011 41 75 on
2094 2011 180 75 fometimes
2292 2011 41 75 ta

1297 2059 60 75 16*
1382 2059 56 75 18,
1463 2059 61 75 22*.
1547 2059 59 75 28,
1630 2059 58 75 8i,
1715 2059 81 75 243,
1823 2059 65 75 foe.
1912 2059 121 75 places,
2048 2059 64 75 and
2128 2059 143 75 becaufe,
2293 2059 34 75 in

1292 2106 150 75 decimals
1458 2106 41 75 of
1518 2106 97 75 every
1631 2106 78 75 fort,
1734 2106 54 75 the
1805 2106 89 75 finite
1910 2106 73 75 part
1997 2106 79 75 runs
2089 2106 180 75 fometimes
2284 2106 53 75 on.

1293 2151 37 75 to
1352 2151 96 75 many
1471 2151 118 75 places,
1622 2151 76 75 fuch
1723 2151 180 75 circulates,
1937 2151 37 75 or
1998 2151 88 75 finite
2111 2151 103 75 parts,
2238 2151 87 75 may,

1292 2197 138 75 without
1447 2197 62 75 any
1525 2197 128 75 fenfible
1665 2197 103 75 error,
1784 2197 40 75 be
1836 2197 122 75 limited
1973 2197 35 75 at
2022 2197 60 75 five
2095 2197 37 75 or
2147 2197 49 75 fix
2207 2197 119 75 places,

1293 2245 63 75 and
1372 2245 76 75 ufed
1470 2245 37 75 as
1526 2245 126 75 finites:
1679 2245 53 75 for
1756 2245 60 75 live
1840 2245 134 75 decimal
2001 2245 121 75 places*
2146 2245 108 75 divide
2271 2245 56 75 the

1292 2292 126 75 integer
1439 2292 70 75 into
1538 2292 149 75 100,000
1711 2292 95 75 equal
1828 2292 100 75 parts,
1953 2292 64 75 and
2038 2292 42 75 all
2105 2292 58 75 the
2176 2292 62 75 lofs
2256 2292 71 75 that

1294 2337 57 75 can
1368 2337 40 75 be
1423 2337 184 75 occafioned
1620 2337 43 75 by
1674 2337 77 75 fuch
1763 2337 184 75 limitation,
1964 2337 27 75 is
2008 2337 59 75 Ids
2081 2337 76 75 than
2166 2337 62 75 one
2243 2337 83 75 hun-

1294 2384 80 75 dred
1390 2384 194 75 thoufandth
1600 2384 71 75 part
1683 2384 40 75 of
1735 2384 54 75 the
1805 2384 136 75 integer.
1990 2384 78 75 And
2084 2384 33 75 in
2133 2384 79 75 moft
2226 2384 109 75 cafes,,

1294 2430 55 75 the
1365 2430 135 75 decimal
1517 2430 72 75 may
1606 2430 39 75 be
1661 2430 127 75 limited
1800 2430 33 75 at
1845 2430 91 75 three
1951 2430 119 75 places,
2096 2430 107 75 which
2218 2430 111 75 divide

1294 2477 55 75 the
1360 2477 122 75 integer
1498 2477 69 75 into
1588 2477 89 75 1000
1693 2477 94 75 equal
1799 2477 98 75 parts.

1342 2524 192 75 Circulates,
1559 2524 37 75 or
1612 2524 88 75 finite
1712 2524 99 75 parts,
1836 2524 75 75 thus
1923 2524 136 75 limited,
2078 2524 53 75 are
2144 2524 107 75 called
2267 2524 50 75 ^/>-

1287 2571 185 75 proximate
1489 2571 173 75 decimals;
1689 2571 62 75 and
1768 2571 53 75 are
1843 2571 180 75 fometimes
2041 2571 132 75 marked
2189 2571 79 75 with
2286 2571 39 75 +

1293 2615 37 75 or
1345 2615 48 75 —
1409 2615 156 75 annexed,
1590 2615 171 75 according
1777 2615 34 75 as
1827 2615 57 75 the
1903 2615 186 75 right-hand
2107 2615 100 75 figure
2222 2615 27 75 is
2275 2615 48 75 ta-

1291 2662 63 75 ken
1370 2662 60 75 lefs
1447 2662 37 75 or
1499 2662 127 75 greater
1640 2662 77 75 than
1730 2662 64 75 juft
1806 2662 12 75 :
1843 2662 52 75 for
1910 2662 32 75 in
1954 2662 137 75 limiting
2103 2662 55 75 the
2173 2662 149 75 decimal,

1291 2709 31 75 if
1346 2709 64 75 you
1435 2709 119 75 forefoe
1579 2709 69 75 that
1676 2709 55 75 the
1753 2709 187 75 fucceeding
1963 2709 101 75 figure
2089 2709 39 75 of
2155 2709 57 75 the
2240 2709 84 75 quot

1291 2756 108 75 would
1421 2756 39 75 be
1485 2756 20 75 6
1523 2756 37 75 or
1578 2756 33 75 7,
1636 2756 38 75 or
1698 2756 62 75 any
1776 2756 101 75 figure
1895 2756 100 75 above
2014 2756 33 75 5,
2074 2756 65 75 you
2155 2756 95 75 lefien
2267 2756 55 75 the

1290 2801 88 75 error
1389 2801 49 75 by
1453 2801 173 75 increafing
1641 2801 56 75 the
1712 2801 192 75 right-hand
1919 2801 100 75 figure
2036 2801 40 75 of
2095 2801 56 75 the
2169 2801 152 75 approxi-

1289 2849 84 75 mate
1389 2849 43 75 by
1444 2849 104 75 unity.

1336 2898 119 75 Pros.
1472 2898 49 75 II.
1569 2898 57 75 To
1642 2898 117 75 reduce
1776 2898 56 75 the
1848 2898 87 75 parts
1952 2898 41 75 of
2012 2898 97 75 coin,,
2122 2898 66 75 foe.
2214 2898 35 75 to
2265 2898 56 75 de-

1287 2944 123 75 cimals.

1333 2992 124 75 Rule.
1508 2992 145 75 Convert
1669 2992 55 75 the
1742 2992 93 75 given
1852 2992 71 75 part
1940 2992 37 75 or
1993 2992 88 75 parts
2104 2992 35 75 to
2167 2992 19 75 a
2207 2992 119 75 vulgar-

2183 3042 137 75 fraftiun
