2517 3387
771 190 34 75 B
924 190 40 75 O
1082 190 40 75 T

166 266 93 75 gated
276 266 30 75 in
321 266 17 75 a
355 266 63 75 few
433 266 91 75 years
541 266 47 75 far
600 266 128 75 beyond
743 266 86 75 what
841 266 94 75 could
948 266 78 75 have
1039 266 79 75 been
1132 266 59 75 ex-

166 311 121 75 pected,
308 311 170 75 efpecially
495 311 92 75 when
603 311 54 75 the
681 311 77 75 Hate
785 311 39 75 of
847 311 55 75 the
929 311 135 75 country
1082 311 111 75 before

166 357 69 75 that
253 357 111 75 petiod
378 357 27 75 is
422 357 95 75 taken
533 357 68 75 into
618 357 241 75 conuderation.

212 404 67 75 We
295 404 79 75 have
391 404 41 75 no
448 404 103 75 doubt
566 404 39 75 of
617 404 94 75 being
728 404 69 75 able
814 404 34 75 to
865 404 93 75 fnew,
976 404 70 75 that
1058 404 131 75 botany,

166 450 77 75 even
260 450 31 75 in
303 450 42 75 its
357 450 124 75 prefent
498 450 89 75 (late,
612 450 27 75 is
658 450 34 75 fo
709 450 48 75 far
774 450 84 75 front
874 450 88 75 lying
986 450 80 75 open
1085 450 34 75 to
1136 450 56 75 the

167 493 173 75 objections
357 493 140 75 brought
514 493 116 75 againil
648 493 24 75 it
685 493 42 75 by
744 493 90 75 thofe
855 493 71 75 who
944 493 52 75 are
1017 493 101 75 either
1136 493 56 75 un-

167 541 190 75 acquainted
373 541 77 75 with
469 541 38 75 it,
532 541 37 75 or
586 541 94 75 affeCt
704 541 34 75 to
763 541 117 75 defpife
896 541 25 75 it
947 541 32 75 as
1003 541 111 75 ufelefs
1132 541 62 75 and

169 588 130 75 trifling,
317 588 70 75 that
405 588 47 75 we
470 588 80 75 have
562 588 83 75 little
662 588 106 75 reafon
785 588 34 75 to
836 588 82 75 hope
934 588 53 75 for
1003 588 62 75 any
1081 588 112 75 exten-

167 635 60 75 five
243 635 114 75 infight
380 635 67 75 into
465 635 53 75 the
536 635 132 75 medical
686 635 117 75 virtues
820 635 40 75 of
883 635 103 75 plants
1011 635 43 75 by
1078 635 61 75 any
1157 635 35 75 o-

167 680 71 75 ther
256 680 119 75 means.

215 727 38 75 In
273 727 96 75 order
385 727 36 75 to
436 727 92 75 bring
551 727 55 75 the
630 727 168 75 numerous
826 727 99 75 tribes
952 727 40 75 of
1013 727 182 75 vegetables

169 772 98 75 under
284 772 119 75 certain
421 772 105 75 claffes
544 772 37 75 or
602 772 265 75 denominations,
892 772 125 75 various
1046 772 148 75 methods

168 820 80 75 have
265 820 78 75 been
371 820 137 75 adopted
536 820 43 75 by
605 820 150 75 different
782 820 143 75 authors.
991 820 97 75 Some
1114 820 81 75 have

169 866 113 75 clafled
298 866 85 75 them
402 866 41 75 by
460 866 54 75 the
531 866 100 75 figure
647 866 39 75 of
699 866 83 75 their
807 866 87 75 roots
907 866 10 75 ;
956 866 86 75 fume
1071 866 42 75 by
1139 866 56 75 the

168 911 96 75 caulis
288 911 37 75 or
341 911 114 75 flems;
481 911 84 75 fome
589 911 42 75 by
648 911 55 75 the
719 911 117 75 leaves.
884 911 150 75 Linnceus
1051 911 56 75 has
1124 911 70 75 pre-

168 957 104 75 ferred
294 957 53 75 the
365 957 86 75 parts
468 957 39 75 of
527 957 234 75 fruCHfrcation,
786 957 131 75 becaafe
939 957 88 75 thefe
1057 957 54 75 are
1140 957 56 75 not

168 1003 75 75 only
259 1003 56 75 the
331 1003 79 75 moH
426 1003 152 75 effential,
603 1003 57 75 but
684 1003 138 75 likewife
838 1003 56 75 the
910 1003 79 75 moft
1004 1003 167 75 univerfal.

214 1048 85 75 This
316 1048 132 75 method
464 1048 39 75 of
515 1048 124 75 claffing
655 1048 27 75 is
698 1048 177 75 preferable
902 1048 36 75 to
955 1048 60 75 any
1043 1048 70 75 that
1139 1048 57 75 has

170 1097 77 75 been
265 1097 165 75 propofed,
457 1097 40 75 on
522 1097 93 75 many
638 1097 163 75 accounts.
850 1097 32 75 It
899 1097 26 75 is
941 1097 101 75 found
1069 1097 41 75 by
1138 1097 59 75 ex-

172 1140 155 75 perience,
351 1140 72 75 that
440 1140 102 75 plants
555 1140 107 75 which
679 1140 52 75 are
748 1140 220 75 diltinguiflied
985 1140 42 75 by
1045 1140 54 75 the
1113 1140 84 75 lame

172 1186 175 75 characters
363 1186 32 75 in
413 1186 53 75 the
478 1186 108 75 flower
603 1186 63 75 and
682 1186 89 75 fruit,
789 1186 80 75 have
886 1186 151 75 precifely
1047 1186 54 75 the
1113 1186 82 75 fame

171 1232 160 75 qualities,
356 1232 122 75 though
508 1232 57 75 not
592 1232 117 75 always
737 1232 33 75 in
794 1232 39 75 an
858 1232 94 75 equal
979 1232 115 75 degree
1111 1232 33 75 as
1162 1232 35 75 to

171 1277 138 75 llrength
334 1277 38 75 or
398 1277 159 75 weaknefs
571 1277 11 75 ;
607 1277 35 75 fo
669 1277 83 75 that,
778 1277 82 75 upon
884 1277 170 75 infpeClion
1080 1277 39 75 of
1136 1277 61 75 the

170 1324 109 75 flower
295 1324 61 75 and
373 1324 89 75 fruit,
480 1324 18 75 a
509 1324 133 75 botanill
658 1324 57 75 can
731 1324 174 75 determine
923 1324 18 75 a
955 1324 109 75 frltri
1080 1324 54 75 the
1150 1324 47 75 ef-

170 1371 83 75 fects-
265 1371 71 75 that
352 1371 65 75 will
433 1371 97 75 refult
545 1371 85 75 from
658 1371 54 75 the
737 1371 87 75 plant
840 1371 92 75 when
948 1371 95 75 taken
1060 1371 68 75 into
1144 1371 55 75 the

170 1417 152 75 ftomach.
371 1417 89 75 Here
478 1417 77 75 then
570 1417 27 75 is
613 1417 18 75 a
649 1417 186 75 foundation
853 1417 50 75 for
928 1417 124 75 natural
1074 1417 120 75 clafles.

171 1462 38 75 In
234 1462 107 75 drder,
367 1462 173 75 therefore,
565 1462 34 75 to
616 1462 173 75 determine
806 1462 54 75 the
879 1462 130 75 medical
1029 1462 116 75 virtues
1163 1462 39 75 of

173 1507 41 75 all
238 1507 55 75 the
311 1507 101 75 plants
429 1507 176 75 belonging,
614 1507 35 75 to
673 1507 19 75 a
712 1507 120 75 natural
851 1507 66 75 clal'
917 1507 26 75 s,
968 1507 55 75 the
1041 1507 156 75 phyfician

173 1554 56 75 has
246 1554 133 75 nothing
395 1554 124 75 further
536 1554 35 75 to
587 1554 43 75 do
646 1554 78 75 than
740 1554 36 75 to
803 1554 165 75 afcertain,
991 1554 44 75 by
1052 1554 18 75 a
1092 1554 46 75 fet
1162 1554 40 75 of

172 1601 85 75 clear
286 1601 62 75 and
382 1601 258 75 unqueftionable
667 1601 227 75 experiments,
934 1601 56 75 the
1018 1601 119 75 virtues
1164 1601 40 75 of

173 1646 62 75 any
254 1646 61 75 one
332 1646 40 75 of
382 1646 101 75 them.
530 1646 84 75 This
643 1646 123 75 greatly
792 1646 143 75 fliortens
959 1646 55 75 the
1037 1646 113 75 labour
1165 1646 40 75 of

173 1693 229 75 invelHgation.
451 1693 175 75 Suppofing
652 1693 55 75 the
735 1693 131 75 number
883 1693 38 75 of
943 1693 116 75 known
1083 1693 116 75 fpecies

174 1737 35 75 tu
226 1737 39 75 be
287 1737 141 75 20,000,
453 1737 43 75 by
523 1737 208 75 ascertaining
745 1737 55 75 the
815 1737 120 75 virtues
954 1737 39 75 of
1012 1737 66 75 one.
1089 1737 109 75 genus,

174 1782 33 75 at
223 1782 17 75 a
256 1782 152 75 medium,
433 1782 64 75 you
521 1782 175 75 determine
720 1782 56 75 the
799 1782 119 75 virtues
944 1782 39 75 of
1006 1782 38 75 12
1070 1782 129 75 Ipecies.

174 1829 78 75 But,
277 1829 43 75 by
335 1829 205 75 afcertaining
557 1829 55 75 the
628 1829 118 75 virtues
769 1829 40 75 of
832 1829 60 75 one
909 1829 99 75 genus,
1029 1829 171 75 belonging

175 1875 34 75 to
225 1875 18 75 a
259 1875 122 75 natural
399 1875 105 75 order,
531 1875 54 75 the
602 1875 119 75 virtues
750 1875 40 75 of
809 1875 136 75 perhaps
974 1875 67 75 300
1070 1875 37 75 or
1133 1875 68 75 400

173 1923 116 75 fpecies
305 1923 53 75 are
374 1923 205 75 afcertained.
630 1923 117 75 Again,
772 1923 43 75 by
842 1923 206 75 afcertaining
1066 1923 54 75 the
1137 1923 62 75 vir-

174 1968 69 75 tues
260 1968 39 75 of
311 1968 60 75 one
387 1968 96 75 genus
501 1968 171 75 belonging
696 1968 35 75 to
754 1968 18 75 a
794 1968 123 75 natural
942 1968 101 75 clafs,.
1058 1968 63 75 you
1138 1968 63 75 dif*

173 2014 92 75 cover
281 2014 55 75 the
353 2014 118 75 virtues
489 2014 40 75 of
546 2014 136 75 perhaps
704 2014 70 75 800
798 2014 37 75 or
864 2014 87 75 10.00
975 2014 130 75 fpecies.

221 2061 47 75 As
285 2061 64 75 this
364 2061 121 75 branch
502 2061 39 75 of
557 2061 54 75 the
630 2061 130 75 materia
776 2061 122 75 medica
909 2061 57 75 has
982 2061 80 75 been
1078 2061 122 75 hither-

175 2105 34 75 to
221 2105 123 75 greatly
361 2105 174 75 negleCled,
563 2105 47 75 we
626 2105 75 75 {hall
719 2105 122 75 fubjpin
869 2105 19 75 a
908 2105 63 75 few
988 2105 161 75 examples
1166 2105 40 75 of

175 2151 123 75 natural
315 2151 109 75 orders
442 2151 62 75 and
520 2151 120 75 daffes,
665 2151 78 75 with
760 2151 53 75 the
828 2151 118 75 virtues
968 2151 84 75 they,
1063 2151 51 75 are
1130 2151 70 75 fup-

176 2197 97 75 pofed
289 2197 35 75 to
341 2197 124 75 poflefs.

221 2244 76 75 The
324 2244 216 75 Stellatje
570 2244 40 75 of
628 2244 58 75 Mr
703 2244 87 75 Ray,
815 2244 109 75 which,
938 2244 90 75 make
1046 2244 62 75 the.
1119 2244 82 75 44th

174 2291 131 75 natural,
325 2291 97 75 order
443 2291 39 75 of
506 2291 164 75 Linnseus,
694 2291 54 75 are
773 2291 65 75 faid
863 2291 34 75 to
921 2291 41 75 be
979 2291 222 75 all.diuretics.

175 2337 53 75 Of
238 2337 98 75 thefe,
354 2337 55 75 the
425 2337 91 75 rubia
533 2337 62 75 and
611 2337 142 75 afperula
768 2337 53 75 are
839 2337 195 75 remarkable
1051 2337 52 75 for
1119 2337 84 75 their

174 2383 137 75 diuretic
326 2383 62 75 and
404 2383 165 75 detergent
587 2383 161 75 qualities,
774 2383 62 75 and
864 2383 34 75 as
926 2383 74 75 fuch
1018 2383 52 75 are
1087 2383 113 75 admit-

176 2428 53 75 ted
245 2428 69 75 into
329 2428 78 75 both
425 2428 55 75 the
497 2428 191 75 Edinburgh
707 2428 62 75 and
787 2428 137 75 London
949 2428 251 75 difpenfatories.

175 2474 76 75 The
275 2474 138 75 aparine,
438 2474 143 75 gallium.,
607 2474 64 75 <bc.
705 2474 112 75 poflefs
845 2474 56 75 the
927 2474 84 75 fame
1040 2474 161 75 qualities,

177 2521 122 75 though
317 2521 55 75 not
389 2521 132 75 perhaps
538 2521 31 75 in
588 2521 38 75 an
639 2521 94 75 equal
745 2521 128 75 degree.

228 2567 76 75 The
317 2567 282 75 AspERifOLiiE
610 2567 39 75 of
656 2567 86 75 Ray,
758 2567 122 75 belong,
895 2567 34 75 to
948 2567 56 75 the
1015 2567 188 75 pentandria

178 2613 189 75 monogynia
382 2613 91 75 clafs,
497 2613 79 75 with
592 2613 60 75 one
669 2613 85 75 petal
776 2613 62 75 and
855 2613 72 75 four
943 2613 101 75 feeds,
1069 2613 40 75 of
1119 2613 81 75 Lin-

178 2658 97 75 nasus,
302 2658 61 75 end
388 2658 83 75 form
495 2658 50 75 his
563 2658 68 75 43d
651 2658 124 75 natural
799 2658 106 75 order.
952 2658 78 75 The
1047 2658 102 75 plants
1166 2658 40 75 of

175 2705 65 75 tlris
257 2705 95 75 order
368 2705 54 75 are
439 2705 64 75 faid
520 2705 34 75 to
570 2705 39 75 be
627 2705 168 75 aftringent
812 2705 62 75 and
898 2705 181 75 v-dneraryv
1128 2705 71 75 Un-

177 2751 56 75 der
248 2751 26 75 it
290 2751 55 75 the
362 2751 165 75 following
543 2751 115 75 genera
674 2751 53 75 are
747 2751 252 75 comprehended
1014 2751 8 75 :
1051 2751 148 75 Tourne.-

1240 184 40 75 A
1396 184 43 75 N
1553 184 52 75 Y.

2184 184 76 75 63*

1240 254 109 75 fortia,
1375 254 153 75 cerinthe,
1554 254 216 75 fymphytum,
1796 254 208 75 pulmonaria,
2029 254 151 75 borrago,
2208 254 56 75 cy-

1240 301 187 75 noglolfum,
1452 301 147 75 anchufa,
1616 301 252 75 lithofpermum,
1887 301 162 75 myofotis,
2073 301 190 75 heliotropi-

1240 348 66 75 um,
1331 348 164 75 afperugo,
1521 348 146 75 lycopfis,
1690 348 138 75 echium.

1285 393 76 75 The
1379 393 102 75 plants
1509 393 151 75 inqluded
1687 393 101 75 under
1812 393 55 75 the
1891 393 269 75 Pentandria,
2186 393 88 75 with-

1241 440 59 75 one
1317 440 109 75 ftylus,
1452 440 60 75 one
1529 440 199 75 flower-leaf,
1747 440 63 75 and
1821 440 105 75 which
1941 440 76 75 bear
2034 440 131 75 berries,
2181 440 85 75 form

1241 487 54 75 the
1316 487 65 75 33d
1397 487 124 75 natural
1537 487 108 75 order,
1664 487 62 75 and
1743 487 52 75 are
1812 487 160 75 generally
1991 487 179 75 poifonous.
2209 487 57 75 To

1241 533 63 75 this
1322 533 95 75 order
1440 533 118 75 belong
1584 533 43 75 all
1656 533 55 75 the
1737 533 118 75 folana,
1881 533 38 75 or
1944 533 216 75 night-fliades
2176 533 9 75 ;
2212 533 56 75 the

1242 578 208 75 mandragora
1474 578 63 75 and
1560 578 122 75 atropa,
1707 578 106 75 which
1840 578 54 75 are
1921 578 72 75 well
2021 578 117 75 known
2165 578 36 75 to
2227 578 41 75 be

1240 625 189 75 poifonous;
1456 625 54 75 the
1526 625 207 75 hyofeyamus
1757 625 62 75 and
1834 625 114 75 datura
1964 625 140 75 occafion
2124 625 147 75 madnefs.

1243 671 61 75 and
1320 671 96 75 death
1429 671 9 75 ;
1465 671 55 75 the
1535 671 182 75 verbafeum
1734 671 188 75 intoxicates
1947 671 62 75 and
2031 671 73 75 kills
2121 671 102 75 fifltes.

1289 718 76 75 The
1382 718 270 75 Umbellate,
1677 718 106 75 which
1806 718 91 75 make
1921 718 55 75 the
1994 718 66 75 23d
2077 718 122 75 natural
2216 718 53 75 or-

1242 764 70 75 der,
1337 764 54 75 are
1407 764 65 75 faid
1488 764 36 75 to
1537 764 38 75 be
1592 764 165 75 aromatic,
1781 764 168 75 refolvent,
1975 764 61 75 and
2054 764 215 75 carminative,

1242 810 167 75 efpecially
1424 810 90 75 thofe
1531 810 71 75 that
1619 810 88 75 grow
1730 810 33 75 in
1792 810 18 75 a
1837 810 61 75 dry
1924 810 79 75 foil;
2045 810 59 75 but
2130 810 75 75 fuch
2234 810 40 75 of

1244 857 87 75 them
1348 857 33 75 as
1399 857 89 75 grow
1504 857 32 75 in
1554 857 17 75 a
1590 857 61 75 wet
1666 857 58 75 foil
1741 857 53 75 are
1810 857 65 75 faid
1891 857 35 75 to
1937 857 40 75 be
1989 857 179 75 poifqnous.
2193 857 78 75 The

1242 903 118 75 virtues
1379 903 96 75 refide
1497 903 32 75 in
1546 903 54 75 the
1617 903 88 75 roots
1722 903 61 75 and
1791 903 111 75 .feeds.
1950 903 57 75 To
2024 903 63 75 this
2103 903 95 75 order
2215 903 54 75 be-

1243 950 74 75 long
1332 950 57 75 the
1405 950 119 75 daucus
1544 950 147 75 creticus,
1716 950 146 75 gentiana
1878 950 85 75 alba,
1988 950 69 75 filer
2073 950 195 75 montanum,

1245 996 93 75 ammi
1356 996 119 75 verum,
1501 996 224 75 pet-rofdinum
1743 996 249 75 macedonicum,
2017 996 65 75 <bc.

1291 1043 74 75 The
1382 1043 88 75 foots
1487 1043 40 75 of
1538 1043 55 75 the
1611 1043 102 75 plants
1729 1043 170 75 belonging
1916 1043 33 75 to
1966 1043 54 75 the
2033 1043 235 75 Hexandria

1245 1089 91 75 clafs,
1360 1089 53 75 are
1429 1089 101 75 either
1547 1089 138 75 efcelent
1709 1089 37 75 or
1774 1089 178 75 poilonous,
1999 1089 108 75 Thefe
2124 1089 146 75 qualities

1244 1136 73 75 may
1334 1136 38 75 be
1385 1136 221 75 dillinguiflied
1621 1136 44 75 by
1681 1136 55 75 the
1753 1136 76 75 tafte
1847 1136 174 75 andfmeil.
2069 1136 38 75 In
2123 1136 56 75 the
2196 1136 73 75 7th,

1244 1183 72 75 8th,
1335 1183 71 75 qth,
1433 1183 62 75 and
1513 1183 76 75 toth
1602 1183 124 75 natural
1742 1183 124 75 orders,
1891 1183 56 75 the
1964 1183 167 75 following
2146 1183 123 75 poifou-

1244 1227 57 75 ous
1314 1227 103 75 plants
1434 1227 40 75 of
1485 1227 58 75 the
1556 1227 177 75 hexandria
1743 1227 76 75 clafs
1833 1227 52 75 are
1898 1227 213 75 enumerated,
2129 1227 68 75 viz.
2217 1227 55 75 the

1244 1275 171 75 leucoium,
1440 1275 180 75 galanthus,
1654 1275 208 75 pancratium,
1895 1275 172 75 amaryllis,
2099 1275 170 75 fritillaria,

1246 1322 121 75 corona
1393 1322 185 75 imperialis,
1610 1322 148 75 gloriofa,
1783 1322 202 75 ccnvallaria,
2009 1322 202 75 hyacinth.us,
2238 1322 33 75 a-

1246 1368 80 75 loes,
1351 1368 66 75 isc.
1472 1368 78 75 The
1577 1368 120 75 allium,
1724 1368 88 75 cepa,
1837 1368 61 75 and
1926 1368 124 75 parum,
2082 1368 53 75 are
2162 1368 108 75 acrid;

1244 1414 74 75 and,
1342 1414 93 75 when
1451 1414 96 75 taken
1559 1414 8 75 i
1567 1414 24 75 r>
1605 1414 55 75 top
1677 1414 88 75 great
1783 1414 18 75 a
1817 1414 160 75 quantity,
2003 1414 52 75 are
2071 1414 112 75 highly
2200 1414 65 75 cor-

1247 1460 118 75 rofive;
1391 1460 70 75 but,
1486 1460 33 75 as
1538 1460 62 75 this
1624 1460 124 75 hurtful
1773 1460 123 75 quality
1915 1460 26 75 is
1969 1460 106 75 owing
2099 1460 35 75 to
2150 1460 18 75 a
2185 1460 87 75 vola-

1246 1507 56 75 tile
1318 1507 137 75 alkaline
1471 1507 158 75 fubilance
1645 1507 31 75 in
1694 1507 54 75 the
1766 1507 101 75 roots,
1893 1507 90 75 when
2000 1507 76 75 they
2092 1507 54 75 ate
2173 1507 95 75 roail-

1247 1554 38 75 ed
1302 1554 37 75 or
1355 1554 109 75 boiled
1480 1554 26 75 it
1522 1554 66 75 flies
1605 1554 58 75 off,
1682 1554 62 75 and
1757 1554 77 75 they
1850 1554 72 75 may
1939 1554 46 75 be
1994 1554 51 75 eat
2061 1554 77 75 with
2156 1554 114 75 fafety.

1293 1599 75 75 The
1386 1599 77 75 fruit
1478 1599 40 75 of
1528 1599 47 75 all
1589 1599 54 75 the
1658 1599 104 75 plants
1780 1599 170 75 belonging
1974 1599 36 75 to
2033 1599 55 75 the
2111 1599 161 75 Pcos^n-

1251 1646 92 75 dp.ia
1362 1646 90 75 clafs,
1479 1646 103 75 which
1610 1646 54 75 are
1688 1646 205 75 enumerated
1920 1646 36 75 iu
1977 1646 53 75 the
2056 1646 93 75 36th,
2173 1646 99 75 37th,

1251 1693 92 75 38th,
1369 1693 73 75 and.
1458 1693 85 75 39th.
1562 1693 124 75 aatural
1710 1693 137 75 ordprs,.
1870 1693 53 75 are
1951 1693 149 75 efculent,
2126 1693 62 75 and
2215 1693 58 75 not

1248 1739 60 75 one
1324 1739 39 75 of
1381 1739 91 75 them
1485 1739 181 75 poifonous.
1713 1739 57 75 To
1793 1739 64 75 this
1880 1739 79 75 class
1974 1739 116 75 belong
2104 1739 57 75 the
2177 1739 94 75 eugc-

1248 1785 62 75 nia,
1328 1785 126 75 punica,
1470 1785 136 75 cerafus,
1624 1785 158 75 crategus,
1801 1785 108 75 pyrus^
1928 1785 80 75 rofa,
2032 1785 148 75 fragaria,
2206 1785 65 75 be.

1294 1830 80 75 The.
1382 1830 103 75 plants
1497 1830 173 75 belonging
1678 1830 35 75 to
1726 1830 53 75 the
1792 1830 254 75 Polyandria
2060 1830 90 75 clafs,
2169 1830 36 75 or
2218 1830 55 75 the

1251 1877 66 75 23d
1333 1877 124 75 natural
1473 1877 107 75 order,
1606 1877 52 75 are
1676 1877 113 75 moftly
1810 1877 179 75 poifonous,
2014 1877 73 75 e.g.
2112 1877 158 75 thenym-

1249 1925 101 75 phtea,
1376 1925 180 75 argemone,
1581 1925 278 75 papaver,.adaea,
1893 1925 165 75 bocconia,
2087 1925 185 75 euphorbia,

1250 1971 207 75 delphinium,
1483 1971 228 75 Haphifagria,.
1720 1971 172 75 aconitum,
1916 1971 129 75 nigella,
2070 1971 138 75 errhina,
2239 1971 32 75 a-

1251 2017 152 75 quilegia,
1429 2017 195 75 hclleborus,
1648 2017 64 75 be.

1295 2064 75 75 The
1382 2064 104 75 leaves
1498 2064 40 75 of
1550 2064 53 75 the
1617 2064 103 75 plants
1732 2064 214 75 belongingto
1963 2064 55 75 the
2035 2064 236 75 Didynamia

1248 2109 333 75 GYMNasTERMiA,
1608 2109 37 75 oc
1664 2109 80 75 58th
1763 2109 123 75 natural
1902 2109 106 75 order,
2033 2109 54 75 are
2100 2109 67 75 faid
2183 2109 35 75 to
2234 2109 39 75 be

1250 2154 141 75 cephalic
1417 2154 63 75 and
1496 2154 167 75 refolvent.
1705 2154 85 75 This
1807 2154 95 75 order
1921 2154 143 75 contains
2087 2154 55 75 the
2166 2154 106 75 ajuga,

1250 2201 166 75 teucrium,
1434 2201 148 75 hyfopus,
1600 2201 178 75 lavendula,
1795 2201 139 75 mentha,
1951 2201 142 75 lamium,
2112 2201 158 75 betonica,

1250 2251 130 75 ballota,
1414 2251 176 75 leonurus,.
1611 2251 184 75 origanum,,
1820 2251 141 75 thymus,
1994 2251 129 75 melifla,
2159 2251 112 75 draco-

1251 2293 181 75 cephalum,
1456 2293 64 75 be.

1297 2342 77 75 The
1388 2342 103 75 plants
1508 2342 169 75 belonging
1705 2342 108 75 to.the
1832 2342 324 75 Tetradynamia
2182 2342 90 75 clafs,

1250 2386 37 75 or
1303 2386 55 75 the
1377 2386 80 75 57th
1470 2386 122 75 natural
1609 2386 107 75 order,
1742 2386 53 75 are
1813 2386 235 75 antifcorbutic,
2074 2386 61 75 and
2153 2386 18 75 a
2189 2386 85 75 little

1250 2433 108 75 acrid.;
1387 2433 77 75 e.g.
1489 2433 55 75 the
1565 2433 164 75 lepidiura,
1754 2433 187 75 cochlsaria,
1968 2433 169 75 raphanus,
2163 2433 109 75 carda-

1250 2479 95 75 mine,
1354 2479 4 75 .
1370 2479 122 75 finapis,
1517 2479 164 75 eryfimum
1702 2479 164 75 barbarea,
1892 2479 209 75 fifymbrium,
2136 2479 65 75 be.

1301 2525 55 75 All
1382 2525 55 75 the
1464 2525 102 75 plants
1594 2525 44 75 of.
1655 2525 54 75 the
1729 2525 290 75 Monodelphia
2050 2525 90 75 clafs,
2166 2525 105 75 which

1249 2571 83 75 form
1342 2571 61 75 .the
1423 2571 86 75 34th.
1529 2571 122 75 natural
1676 2571 110 75 order,
1810 2571 52 75 are
1878 2571 162 75 emollient
2064 2571 61 75 and
2142 2571 130 75 mucila-

1248 2617 127 75 ginous.
1424 2617 167 75 Whoever
1606 2617 110 75 knows
1732 2617 55 75 the
1804 2617 145 75 qualities
1967 2617 39 75 of
2017 2617 55 75 the
2089 2617 104 75 althea
2210 2617 63 75 and

1249 2664 113 75 malva,
1387 2664 109 75 knows
1522 2664 54 75 the
1604 2664 147 75 qualities
1777 2664 39 75 of
1839 2664 54 75 the
1921 2664 103 75 whole
2051 2664 91 75 clafs,
2169 2664 102 75 which

1247 2712 226 75 comprehends
1491 2712 97 75 about
1607 2712 209 75 180.fpecies.
1856 2712 76 75 The
1950 2712 162 75 emollient
2129 2712 62 75 and
2203 2712 68 75 mu-

1248 2761 174 75 cilaginous
1436 2761 120 75 virtues
1580 2761 52 75 are
1649 2761 58 75 not
1729 2761 146 75 confined
1893 2761 36 75 to
1952 2761 178 75 the.leaves
2158 2761 36 75 or
2211 2761 62 75 any

2201 2811 71 75 par-

177 2886 100 75 plants
297 2886 149 75 prepared
461 2886 32 75 in
508 2886 51 75 the
585 2886 129 75 manner
729 2886 38 75 of
784 2886 20 75 a
823 2886 107 75 hortus
943 2886 117 75 fitcus..
1092 2886 71 75 The
1176 2886 207 75 oonfequence
1405 2886 37 75 of
1456 2886 60 75 this
1536 2886 73 75 plan
1634 2886 80 75 fully
1732 2886 159 75 anfwered
1907 2886 49 75 his
1972 2886 218 75 expectation-:.
2233 2886 39 75 In

178 2925 16 75 a
211 2925 62 75 few
293 2925 100 75 years,
416 2925 39 75 he
468 2925 63 75 was
544 2925 31 75 in
594 2925 154 75 pofleilion
762 2925 38 75 of
808 2925 92 75 many
922 2925 83 75 more
1020 2925 101 75 plants
1136 2925 74 75 than
1225 2925 81 75 were
1320 2925 72 75 ever
1403 2925 147 75 formerly
1564 2925 142 75 fuppofed
1719 2925 31 75 to
1763 2925 87 75 grow
1865 2925 30 75 in
1907 2925 156 75 Scotland.
2105 2925 90 75 After
2210 2925 61 75 this

177 2964 187 75 acquifition,
388 2964 51 75 the
454 2964 48 75 Dr
513 2964 184 75 judicioufly
709 2964 141 75 changed
863 2964 53 75 the
939 2964 100 75 object
1061 2964 38 75 of
1114 2964 47 75 his
1177 2964 126 75 medals,
1325 2964 63 75 and
1406 2964 115 75 offered
1543 2964 83 75 them
1647 2964 50 75 for
1711 2964 52 75 the
1780 2964 65 75 heft
1858 2964 147 75 accounts
2019 2964 38 75 of
2073 2964 52 75 the
2148 2964 122 75 fenfibli

177 3007 141 75 qualities
330 3007 62 75 and
402 3007 129 75 medical
552 3007 115 75 virtues
688 3007 37 75 of
734 3007 62 75 any
809 3007 131 75 number
954 3007 37 75 of
1003 3007 105 75 native
1123 3007 110 75 plants.
1276 3007 61 75 But
1352 3007 47 75 we
1415 3007 52 75 are
1488 3007 82 75 forry
1590 3007 32 75 to
1637 3007 75 75 find,
1735 3007 67 75 that
1816 3007 41 75 no
1872 3007 176 75 gentlemen
2062 3007 79 75 have
2153 3007 119 75 hither*

175 3046 34 75 ta
224 3046 126 75 become
369 3046 177 75 candidates
561 3046 50 75 for
628 3046 81 75 thefe
727 3046 117 75 medals
859 3046 78 75 fmee
956 3046 73 75 they
1044 3046 80 75 were
1145 3046 114 75 oixbred
1272 3046 84 75 upon
1370 3046 61 75 this
1443 3046 127 75 fenfible
1583 3046 62 75 and
1667 3046 104 75 ufefuL
1780 3046 104 75 plan..
