2428 3377
127 162 77 75 242

689 162 360 75 ANA
1165 162 39 75 T

172 226 39 75 In
229 226 140 75 general,
395 226 56 75 the
462 226 146 75 external
621 226 36 75 or
670 226 174 75 fuperficial
858 226 88 75 veins
960 226 41 75 of
1013 226 56 75 the
1081 226 85 75 fore-

130 274 70 75 arm
217 274 53 75 are
281 274 105 75 larger
401 274 78 75 than
496 274 56 75 the
568 274 149 75 internal.

173 320 77 75 The
257 320 134 75 inferior
398 320 109 75 Vena
518 320 108 75 Cava
635 320 184 75 havingrun
830 320 95 75 down
935 320 97 75 about
1042 320 18 75 a
1071 320 97 75 quar-

128 364 50 75 ter
194 364 40 75 of
253 364 39 75 an
308 364 74 75 inch
398 364 86 75 from
508 364 56 75 the
581 364 86 75 right
683 364 117 75 auricle
816 364 40 75 of
875 364 55 75 the
942 364 106 75 heart,
1072 364 95 75 with-

128 410 34 75 in
179 410 56 75 the
253 410 225 75 pericardium,
504 410 120 75 pierces
642 410 71 75 that
735 410 184 75 membrane
944 410 63 75 and
1023 410 56 75 the
1095 410 71 75 ten-

129 457 115 75 dinous
262 457 131 75 portion
408 457 41 75 of
467 457 56 75 the
540 457 201 75 diaphragm.

176 504 48 75 At
241 504 64 75 this
322 504 91 75 place
430 504 26 75 it
473 504 87 75 gives
578 504 52 75 off
647 504 54 75 the
717 504 87 75 vence
821 504 291 75 diaphragmaticce,
1130 504 37 75 or

132 550 172 75 phrenicae,
329 550 106 75 which
456 550 54 75 are
537 550 190 75 diftributed
754 550 35 75 to
805 550 56 75 the
879 550 200 75 diaphragm,
1105 550 62 75 and

130 596 116 75 appear
262 596 116 75 chiefly
405 596 41 75 on
474 596 42 75 its
544 596 101 75 lower
667 596 76 75 fide,
769 596 60 75 one
845 596 141 75 towards
1003 596 55 75 the
1081 596 100 75 right'

128 643 101 75 hand,
253 643 61 75 and
332 643 60 75 one
409 643 140 75 towards
566 643 57 75 the
635 643 72 75 feft.
756 643 78 75 The
850 643 88 75 right
954 643 72 75 vein
1038 643 27 75 is
1078 643 90 75 more

129 689 173 75 backward
317 689 63 75 and
395 689 101 75 lower
510 689 78 75 than
610 689 58 75 the
685 689 73 75 left.
806 689 77 75 The
899 689 61 75 left
976 689 27 75 is
1019 689 147 75 diftribu-

128 735 57 75 ted
208 735 106 75 partly
341 735 35 75 to
400 735 57 75 the
481 735 224 75 pericardium,
731 735 63 75 and
820 735 108 75 partly
956 735 35 75 to
1019 735 55 75 the
1098 735 68 75 dia-

131 782 133 75 phragm
277 782 10 75 ;
314 782 63 75 and
392 782 179 75 fometimes
599 782 78 75 they
704 782 76 75 fend
805 782 80 75 rami
911 782 35 75 to
962 782 55 75 the
1034 782 131 75 capfuke

129 828 137 75 renales.

174 875 77 75 The
275 875 134 75 inferior
433 875 75 75 cava
532 875 119 75 hiving
674 875 186 75 perforated
885 875 55 75 the
966 875 199 75 diaphragm,

130 921 104 75 ’pafles
251 921 142 75 through
408 921 55 75 the
480 921 154 75 pofterior
657 921 73 75 part
757 921 41 75 of
816 921 56 75 the
899 921 89 75 great
1004 921 104 75 fiffure
1131 921 41 75 of

132 968 57 75 the
206 968 93 75 liver,
324 968 200 75 penetrating
542 968 18 75 a
576 968 84 75 little
684 968 69 75 into
776 968 55 75 the
847 968 162 75 fubftance
1036 968 41 75 of
1096 968 71 75 that

133 1013 108 75 vifetiS'
241 1013 10 75 ,
276 1013 145 75 between
437 1013 56 75 the
517 1013 91 75 great
624 1013 73 75 lobe
722 1013 63 75 and
806 1013 54 75 the
877 1013 127 75 lobulus
1023 1013 145 75 Spigelii.

178 1060 38 75 In
225 1060 42 75 its
276 1060 135 75 paffage,
425 1060 25 75 it
456 1060 92 75 fends
558 1060 51 75 off
614 1060 183 75 commonly
806 1060 90 75 three
902 1060 87 75 large
997 1060 170 75 branches,

128 1106 107 75 called
251 1106 87 75 vena
365 1106 163 75 hepatica,
553 1106 107 75 which
686 1106 53 75 are
763 1106 144 75 ramified
928 1106 33 75 in
977 1106 56 75 the
1049 1106 93 75 liver.

178 1152 129 75 Befides
324 1152 87 75 thefe
432 1152 89 75 large
543 1152 169 75 branches,
738 1152 25 75 it
788 1152 91 75 fends
897 1152 57 75 out
971 1152 84 75 feme
1072 1152 96 75 other

130 1199 92 75 fmall
246 1199 91 75 ones,
361 1199 104 75 either
487 1199 117 75 before
626 1199 39 75 or
688 1199 219 75 immediately
932 1199 84 75 after
1039 1199 26 75 it
1091 1199 75 75 goes

133 1245 58 75 out
208 1245 40 75 of
267 1245 55 75 the
338 1245 92 75 liver.

180 1291 37 75 In
242 1291 56 75 the
322 1291 111 75 fetus,
460 1291 33 75 as
521 1291 56 75 the
605 1291 81 75 vena
710 1291 78 75 cava
810 1291 98 75 paffes
932 1291 45 75 by
1001 1291 56 75 the
1073 1291 93 75 liver,

133 1337 28 75 it
178 1337 86 75 gives
282 1337 52 75 off
345 1337 183 75 theAuftus
542 1337 144 75 venofus,
711 1337 106 75 which
829 1337 246 75 communicates
1088 1337 79 75 with

132 1384 57 75 the
205 1384 80 75 fmus
303 1384 40 75 of
362 1384 55 75 the
433 1384 80 75 vena
537 1384 122 75 portae;
687 1384 62 75 and
764 1384 34 75 in
815 1384 104 75 adults
936 1384 26 75 is
976 1384 145 75 changed
1131 1384 37 75 to

132 1430 22 75 a
169 1430 57 75 flat
241 1430 165 75 ligament.

181 1476 100 75 After
304 1476 42 75 its
375 1476 131 75 paffage,
521 1476 142 75 through
696 1476 56 75 the
779 1476 91 75 liver,
896 1476 56 75 the
983 1476 82 75 vena
1092 1476 77 75 cava

131 1523 94 75 turns
241 1523 86 75 from
344 1523 111 75 before
471 1523 186 75 backward,
682 1523 63 75 and
760 1523 85 75 from
865 1523 87 75 right
968 1523 34 75 to
1018 1523 74 75 left,
1117 1523 51 75 to-

133 1569 92 75 ward
239 1569 55 75 the
326 1569 87 75 fpina
439 1569 98 75 dorfi,
562 1569 126 75 placing
715 1569 91 75 itfelf
816 1569 41 75 on
879 1569 56 75 the
952 1569 87 75 right
1055 1569 62 75 fide
1134 1569 41 75 of

133 1616 58 75 the
208 1616 101 75 aorta,
334 1616 106 75 which
457 1616 25 75 it
506 1616 216 75 accompanies
739 1616 85 75 from
840 1616 114 75 thence
970 1616 198 75 downward.

182 1662 129 75 Having
327 1662 58 75 got
401 1662 33 75 as
451 1662 65 75 low
540 1662 33 75 as
599 1662 55 75 the
679 1662 122 75 arteriae
819 1662 134 75 renales,
978 1662 26 75 it
1020 1662 87 75 gives
1124 1662 52 75 off

133 1708 57 75 the
207 1708 87 75 veins
322 1708 40 75 of
381 1708 55 75 the
463 1708 83 75 fame
574 1708 104 75 name,
702 1708 126 75 termed
853 1708 158 75 formerly
1034 1708 88 75 vena
1138 1708 30 75 e-

134 1755 189 75 mulgentes.

183 1801 77 75 The
276 1801 87 75 right
384 1801 88 75 renal
490 1801 74 75 runs
583 1801 95 75 down
695 1801 18 75 a
730 1801 83 75 little
830 1801 180 75 obliquely,
1036 1801 134 75 becaufe

138 1847 40 75 of
189 1847 55 75 the
260 1847 146 75 fituation
423 1847 40 75 of
480 1847 56 75 the
552 1847 131 75 kidney.
731 1847 78 75 The
828 1847 61 75 left
904 1847 71 75 vein
1000 1847 113 75 croffes
1130 1847 42 75 on

138 1894 56 75 the
212 1894 134 75 forefide
359 1894 40 75 of
410 1894 54 75 the
480 1894 98 75 trunk
594 1894 40 75 of
645 1894 56 75 the
718 1894 102 75 aorta,
838 1894 333 75 immediately-above

138 1940 57 75 the
212 1940 140 75 fuperior
368 1940 187 75 mefenteric
571 1940 120 75 artery.

186 1986 99 75 They
301 1986 77 75 fend
403 1986 43 75 up
471 1986 56 75 the
555 1986 86 75 venae
665 1986 190 75 capfulares,
879 1986 106 75 which
1005 1986 42 75 go
1064 1986 33 75 to
1115 1986 55 75 the

139 2032 158 75 glandulae
324 2032 136 75 renales,
495 2032 64 75 and
586 2032 205 75 downward;
825 2032 56 75 the
907 2032 86 75 venas
1022 2032 148 75 adipofe,

139 2078 107 75 which
263 2078 42 75 go
316 2078 36 75 to
368 2078 55 75 the
435 2078 86 75 fatty
537 2078 150 75 covering
703 2078 40 75 of
754 2078 56 75 the
825 2078 154 75 kidneys;
1006 2078 62 75 and
1084 2078 87 75 ordi-

139 2124 105 75 narily
260 2124 56 75 the
332 2124 60 75 left
409 2124 87 75 renal
512 2124 73 75 vein
602 2124 154 75 furnilhes
769 2124 55 75 the
836 2124 59 75 left
908 2124 166 75 fpermatic
1086 2124 84 75 vein.

141 2170 204 75 Afterwards
373 2170 79 75 they
468 2170 58 75 run
549 2170 35 75 to
600 2170 55 75 the
671 2170 94 75 finus,
791 2170 38 75 or
845 2170 106 75 cavity
977 2170 40 75 of
1029 2170 55 75 the
1099 2170 73 75 kid-

142 2217 92 75 neys,
258 2217 31 75 in
306 2217 56 75 the
378 2217 161 75 fubftance
555 2217 40 75 of
605 2217 106 75 which
736 2217 79 75 they
839 2217 54 75 are
916 2217 189 75 diftributed
1128 2217 44 75 by

141 2263 174 75 numerous
336 2263 236 75 ramifications.

193 2310 32 75 A
242 2310 85 75 little
343 2310 104 75 below
463 2310 56 75 the
538 2310 86 75 renal
648 2310 102 75 veins,
776 2310 55 75 the
847 2310 97 75 trunk
960 2310 41 75 of
1018 2310 56 75 the
1097 2310 77 75 cava

144 2355 92 75 fends
254 2355 58 75 out
328 2355 185 75 anteriorly,
538 2355 125 75 toward
679 2355 55 75 the
750 2355 87 75 right
853 2355 75 75 fide,
947 2355 55 75 the
1018 2355 87 75 right
1120 2355 54 75 ve-

145 2402 43 75 na
202 2402 197 75 fpermatica.
446 2402 78 75 The
543 2402 61 75 left
619 2402 167 75 fpermatic
803 2402 72 75 vein
891 2402 105 75 comes
1013 2402 162 75 common-

145 2448 35 75 ly
196 2448 85 75 from
297 2448 55 75 the
368 2448 60 75 left
445 2448 127 75 renalis.

195 2494 39 75 In
253 2494 85 75 their
351 2494 135 75 paffage,
511 2494 79 75 they
613 2494 76 75 fend
710 2494 88 75 fever
803 2494 30 75 al
854 2494 88 75 fmall
961 2494 156 75 branches
1134 2494 42 75 on

147 2540 78 75 each
245 2540 75 75 fide,
345 2540 36 75 to
400 2540 55 75 the
471 2540 205 75 peritoneum
693 2540 63 75 and
767 2540 188 75 mefentery,
979 2540 108 75 where
1099 2540 79 75 they

148 2587 81 75 feem
246 2587 36 75 to
297 2587 40 75 be
357 2587 112 75 joined
491 2587 43 75 by
549 2587 206 75 anaftomofes
780 2587 79 75 with
883 2587 54 75 the
965 2587 85 75 vense
1076 2587 100 75 mefa-

149 2633 107 75 raicae.

196 2680 77 75 The
288 2680 76 75 cava
382 2680 90 75 fends
489 2680 139 75 likewife
645 2680 54 75 off
707 2680 188 75 pofteriorly
910 2680 57 75 the
982 2680 88 75 venae
1094 2680 83 75 lum-

149 2726 106 75 bares,
280 2726 105 75 which
410 2726 182 75 commonly
615 2726 78 75 arife
717 2726 32 75 in
773 2726 98 75 pairs.
919 2726 109 75 Thefe
1050 2726 129 75 maybe

149 2771 132 75 divided
296 2771 68 75 into
380 2771 141 75 fuperior
537 2771 63 75 and
615 2771 132 75 inferior
763 2771 101 75 veins.

199 2818 106 75 Their
320 2818 121 75 origins
461 2818 79 75 vary
556 2818 33 75 in
605 2818 150 75 different
777 2818 159 75 manners.
987 2818 192 75 Sometimes

152 2865 56 75 the
225 2865 76 75 cava
317 2865 86 75 gives
420 2865 50 75 off
489 2865 19 75 a
530 2865 117 75 branch
665 2865 35 75 to
716 2865 78 75 each
821 2865 64 75 fide
909 2865 104 75 below
1036 2865 56 75 the
1116 2865 64 75 firft

152 2910 147 75 vertebra
314 2910 41 75 of
376 2910 55 75 the
446 2910 95 75 loins,
566 2910 118 75 which,
709 2910 63 75 like
789 2910 19 75 a
823 2910 146 75 common
986 2910 109 75 trunk,
1114 2910 66 75 fur-

154 2956 100 75 nifties
270 2956 55 75 the
341 2956 124 75 lumbar
476 2956 101 75 veins.
608 2956 86 75 This
706 2956 119 75 branch
843 2956 247 75 communicates
1102 2956 79 75 with

154 3003 56 75 the
226 3003 132 75 azygos.

1321 158 40 75 O
1478 158 48 75 M
1640 158 53 75 Y.

2055 158 100 75 Part
2175 158 68 75 IV.

1265 230 189 75 Sometimes
1484 230 18 75 a
1529 230 214 75 confiderable
1765 230 121 75 branch
1912 230 75 75 goes
2015 230 57 75 out
2088 230 85 75 from
2190 230 55 75 the

1216 274 98 75 lower
1330 274 175 75 extremity
1521 274 40 75 of
1578 274 56 75 the
1651 274 88 75 cava,
1757 274 76 75 near
1847 274 56 75 the
1921 274 205 75 bifurcation,
2144 274 99 75 chief-

1216 321 33 75 ly
1266 321 41 75 on
1332 321 56 75 the
1405 321 88 75 right
1510 321 75 75 fide,
1612 321 105 75 which
1751 321 186 75 afterwards
1963 321 136 75 running
2123 321 42 75 up
2188 321 55 75 be-

1213 367 104 75 tween
1328 367 56 75 the
1395 367 112 75 bodies
1520 367 62 75 and
1593 367 173 75 tranfverfe
1779 367 173 75 apophyfes
1965 367 40 75 of
2012 367 54 75 the
2075 367 169 75 vertebrae,

1212 415 151 75 detaches
1379 415 55 75 the
1451 415 86 75 venae
1553 415 173 75 lumbares,
1750 415 64 75 and
1830 415 248 75 communicates
2094 415 79 75 with
2190 415 55 75 the

1214 460 134 75 azygos.

1264 507 189 75 Sometimes
1469 507 18 75 a
1507 507 65 75 like
1589 507 120 75 branch
1726 507 107 75 comes
1849 507 84 75 from
1951 507 54 75 the
2021 507 172 75 beginning
2209 507 42 75 of

1214 552 55 75 the
1293 552 61 75 left
1374 552 81 75 vena
1476 552 105 75 ilfiica,
1607 552 76 75 and,
1705 552 135 75 running
1856 552 41 75 up
1914 552 42 75 on
1973 552 71 75 that
2060 552 63 75 fide
2139 552 32 75 in
2188 552 57 75 the

1213 598 84 75 fame
1320 598 142 75 manner,
1488 598 157 75 produces
1661 598 55 75 the
1732 598 173 75 lumbares.

1260 647 76 75 The
1353 647 85 75 venae
1455 647 159 75 lumbares
1632 647 40 75 on
1689 647 61 75 one
1761 647 64 75 fide
1842 647 230 75 communicate
2087 647 45 75 by
2144 647 100 75 tranf-

1213 691 88 75 verfe
1318 691 155 75 branches
1490 691 79 75 with
1586 691 91 75 thofe
1693 691 40 75 of
1748 691 56 75 the
1816 691 93 75 other
1925 691 75 75 fide,
2026 691 63 75 and
2105 691 140 75 likewife

1214 736 78 75 with
1321 736 79 75 each
1429 736 95 75 other
1551 736 43 75 by
1611 736 153 75 branches
1781 736 90 75 more
1888 736 38 75 or
1942 736 59 75 lefs
2018 736 227 75 longitudinal.

1213 783 76 75 The
1313 783 65 75 firft
1402 783 61 75 and
1492 783 117 75 fecond
1634 783 93 75 often
1750 783 42 75 go
1817 783 85 75 from
1931 783 55 75 the
2016 783 133 75 azygos,
2182 783 64 75 and

1213 829 136 75 thereby
1364 829 79 75 they
1459 829 231 75 communicate
1706 829 79 75 with
1801 829 57 75 the
1873 829 182 75 intercoftal
2072 829 100 75 veins.

1258 875 77 75 The
1351 875 124 75 lumbar
1493 875 86 75 veins
1597 875 75 75 fend
1687 875 90 75 fmall
1801 875 191 75 capillaries,
2017 875 32 75 in
2067 875 84 75 their
2174 875 70 75 paf-

1213 921 83 75 fage,
1321 921 35 75 to
1380 921 57 75 the
1456 921 161 75 fubftance
1637 921 39 75 of
1696 921 55 75 the
1774 921 110 75 bodies
1912 921 41 75 of
1975 921 56 75 the
2058 921 155 75 vertebras
2228 921 16 75 j

1213 968 63 75 and
1291 968 78 75 they
1392 968 52 75 are
1460 968 187 75 diftributed
1663 968 35 75 to
1719 968 54 75 the
1791 968 132 75 mufcles
1940 968 40 75 of
2001 968 56 75 the
2074 968 168 75 abdomen,

1214 1014 174 75 quadratus
1420 1014 194 75 lumborum,
1639 1014 103 75 pfoas,
1766 1014 124 75 iliacus,
1925 1014 63 75 fee.
2045 1014 100 75 They
2169 1014 76 75 fend

1213 1060 154 75 branches
1383 1060 172 75 backward
1569 1060 35 75 to
1616 1060 55 75 the
1683 1060 232 75 neighbouring
1926 1060 158 75 vertebral
2097 1060 147 75 mufcles,

1214 1107 62 75 and
1291 1107 34 75 to
1342 1107 56 75 the
1415 1107 90 75 canal
1521 1107 40 75 of
1572 1107 57 75 the
1645 1107 99 75 fpine,
1770 1107 63 75 and
1848 1107 231 75 communicate
2096 1107 80 75 with
2188 1107 57 75 the

1213 1153 93 75 venal
1322 1153 126 75 finufes.

1260 1199 76 75 The
1351 1199 133 75 inferior
1500 1199 89 75 cava,
1620 1199 118 75 having
1761 1199 139 75 reached
1924 1199 31 75 as
1980 1199 66 75 low
2061 1199 33 75 as
2111 1199 55 75 the
2186 1199 58 75 laft

1213 1244 150 75 vertebra
1378 1244 40 75 of
1440 1244 55 75 the
1511 1244 96 75 loins,
1633 1244 62 75 and
1721 1244 77 75 near
1824 1244 56 75 the
1907 1244 191 75 bifurcation
2123 1244 40 75 of
2185 1244 58 75 the

1214 1291 101 75 aorta,
1341 1291 75 75 runs
1433 1291 32 75 in
1481 1291 121 75 behind
1617 1291 56 75 the
1689 1291 87 75 right
1792 1291 74 75 iliac
1882 1291 120 75 artery,
2028 1291 62 75 and
2107 1291 90 75 there
2215 1291 28 75 is

1215 1337 129 75 divided
1363 1337 69 75 into
1452 1337 65 75 two
1534 1337 159 75 fubaltern
1711 1337 125 75 trunks,
1862 1337 104 75 called
1983 1337 55 75 the
2066 1337 88 75 right
2179 1337 68 75 And

1216 1383 63 75 left
1295 1383 80 75 iliac
1390 1383 103 75 veins.

1264 1430 96 75 From
1377 1430 64 75 this
1457 1430 194 75 bifurcation
1664 1430 39 75 of
1714 1430 55 75 the
1781 1430 80 75 vena
1877 1430 88 75 cava,
1990 1430 55 75 the
2062 1430 80 75 vena
2157 1430 88 75 facra

1215 1477 75 75 goes
1308 1477 70 75 out,
1404 1477 63 75 and
1483 1477 217 75 accompanies
1716 1477 57 75 the
1792 1477 107 75 artery
1915 1477 41 75 of
1974 1477 55 75 the
2045 1477 83 75 fame
2152 1477 92 75 name

1214 1523 32 75 in
1260 1523 42 75 its
1314 1523 200 75 diftribution
1530 1523 36 75 to
1577 1523 56 75 the
1645 1523 36 75 os
1693 1523 134 75 facrum,
1844 1523 36 75 to
1893 1523 55 75 the
1960 1523 111 75 nerves
2085 1523 104 75 which
2200 1523 44 75 lie

1214 1569 104 75 there,
1344 1569 63 75 and
1434 1569 35 75 to
1496 1569 57 75 the
1568 1569 197 75 membranes
1782 1569 106 75 which
1906 1569 94 75 cover
2016 1569 80 75 both
2113 1569 78 75 fides
2209 1569 42 75 of

1213 1616 70 75 that
1298 1616 96 75 bone.

1263 1661 91 75 Each
1371 1661 134 75 original
1521 1661 74 75 iliac
1610 1661 72 75 vein
1695 1661 27 75 is
1734 1661 130 75 divided
1881 1661 39 75 on
1938 1661 55 75 the
2008 1661 64 75 fide
2089 1661 39 75 of
2139 1661 55 75 the
2206 1661 37 75 os

1216 1708 133 75 facrum,
1374 1708 95 75 much
1487 1708 83 75 after
1586 1708 55 75 the
1657 1708 83 75 fame
1756 1708 130 75 manner
1898 1708 32 75 as
1944 1708 54 75 the
2015 1708 143 75 arteries,
2175 1708 70 75 into

1217 1753 65 75 two
1297 1753 89 75 large
1403 1753 124 75 trunks.

1264 1800 73 75 One
1354 1800 39 75 of
1405 1800 87 75 thefe
1509 1800 112 75 trunks
1649 1800 26 75 is
1698 1800 114 75 named
1833 1800 84 75 vena
1932 1800 101 75 iliaca
2051 1800 134 75 externa
2209 1800 37 75 or

1217 1845 148 75 anterior
1376 1845 10 75 ;
1414 1845 56 75 the
1486 1845 95 75 other
1597 1845 132 75 interna
1746 1845 37 75 or
1795 1845 166 75 pofterior.

1264 1891 108 75 Thefe
1392 1891 87 75 veins
1498 1891 112 75 follow
1631 1891 113 75 nearly
1766 1891 56 75 the
1842 1891 109 75 courfe
1968 1891 62 75 and
2046 1891 200 75 diftribution

1217 1935 40 75 of
1267 1935 54 75 the
1336 1935 75 75 iliac
1426 1935 145 75 arteries,
1588 1935 116 75 except
1721 1935 70 75 that
1803 1935 54 75 the
1869 1935 200 75 hypogaftric
2086 1935 70 75 vein
2168 1935 79 75 does

1217 1981 56 75 not
1291 1981 74 75 fend
1382 1981 52 75 off
1445 1981 55 75 the
1516 1981 81 75 vena
1611 1981 203 75 umbilicalis.

1263 2028 97 75 From
1376 2028 57 75 the
1450 2028 147 75 common
1612 2028 98 75 trunk
1726 2028 39 75 of
1776 2028 55 75 the
1847 2028 74 75 iliac
1937 2028 101 75 veins,
2063 2028 62 75 and
2143 2028 100 75 fome-

1217 2074 92 75 times
1326 2074 85 75 from
1426 2074 56 75 the
1500 2074 102 75 origin
1617 2074 41 75 of
1677 2074 54 75 the
1747 2074 94 75 iliaca
1865 2074 145 75 externa,
2036 2074 18 75 a
2076 2074 172 75 particular

1217 2120 119 75 branch
1348 2120 77 75 goes
1434 2120 70 75 out,
1513 2120 106 75 which
1631 2120 26 75 is
1668 2120 187 75 diftrib&ted
1866 2120 36 75 to
1913 2120 56 75 the
1980 2120 158 75 mufculus
2145 2120 102 75 pfoas,

1218 2166 123 75 iliacus,
1363 2166 61 75 and
1444 2166 173 75 quadratus
1638 2166 182 75 lumborum
1834 2166 9 75 ;
1871 2166 62 75 and
1954 2166 187 75 afterwards
2157 2166 91 75 fends

1219 2213 18 75 a
1253 2213 105 75 ramus
1375 2213 41 75 on
1440 2213 55 75 the
1523 2213 151 75 fore-fide
1690 2213 40 75 of
1740 2213 56 75 the
1819 2213 57 75 laft
1892 2213 172 75 tranfverfe
2081 2213 166 75 apophyfis

1221 2259 38 75 of
1271 2259 56 75 the
1342 2259 96 75 loins,
1463 2259 36 75 to
1516 2259 230 75 communicate
1762 2259 79 75 with
1857 2259 55 75 the
1935 2259 56 75 laft
2008 2259 123 75 lumbar
2146 2259 86 75 vein.

1267 2306 76 75 The
1359 2306 144 75 external
1518 2306 87 75 iliac,
1631 2306 18 75 a
1664 2306 85 75 little
1771 2306 112 75 before
1906 2306 26 75 it
1954 2306 107 75 leaves
2077 2306 56 75 the
2150 2306 99 75 abdo-

1221 2352 85 75 men,
1332 2352 75 75 near
1422 2352 56 75 the
1496 2352 208 75 ligamentum
1728 2352 149 75 Fallopii,
1902 2352 89 75 lying
2016 2352 40 75 on
2080 2352 55 75 the
2159 2352 91 75 pfoas

1223 2398 61 75 and
1307 2398 74 75 iliac
1404 2398 147 75 mufcles,
1584 2398 88 75 gives
1697 2398 52 75 off
1770 2398 111 75 almoft
1909 2398 56 75 the
1987 2398 84 75 feme
2095 2398 154 75 branches

1223 2444 79 75 with
1319 2444 56 75 the
1390 2444 108 75 artery
1514 2444 40 75 of
1565 2444 56 75 the
1645 2444 83 75 fame
1744 2444 104 75 name,
1873 2444 63 75 and
1954 2444 127 75 follows
2095 2444 55 75 the
2166 2444 85 75 fame

1224 2491 121 75 courfe.
1394 2491 76 75 The
1486 2491 91 75 chief
1587 2491 154 75 branches
1756 2491 54 75 are
1826 2491 107 75 thefe:

1272 2537 31 75 A
1321 2537 84 75 little
1427 2537 112 75 before
1566 2537 26 75 it
1614 2537 76 75 goes
1707 2537 57 75 out
1781 2537 40 75 of
1842 2537 56 75 the
1926 2537 167 75 abdomen,
2118 2537 25 75 it
2159 2537 92 75 fends

1225 2582 51 75 off
1286 2582 85 75 from
1387 2582 56 75 the
1459 2582 133 75 outfide,
1619 2582 18 75 a
1655 2582 90 75 fmall
1769 2582 132 75 branch,
1928 2582 105 75 which
2058 2582 74 75 runs
2156 2582 42 75 up
2217 2582 33 75 a-

1225 2629 76 75 long
1317 2629 55 75 the
1396 2629 92 75 crifta
1504 2629 40 75 of
1561 2629 55 75 the
1644 2629 37 75 os
1700 2629 104 75 ilium,
1831 2629 63 75 and
1917 2629 86 75 gives
2030 2629 155 75 branches
2210 2629 41 75 on

1225 2674 77 75 each
1319 2674 61 75 fide
1396 2674 35 75 to
1446 2674 55 75 the
1519 2674 111 75 lateral
1660 2674 62 75 and
1749 2674 153 75 pofterior
1927 2674 101 75 lower
2049 2674 144 75 portions
2216 2674 41 75 of

1226 2721 58 75 the
1300 2721 132 75 mufeuli
1450 2721 190 75 abdominis,
1664 2721 35 75 to
1716 2721 55 75 the
1789 2721 157 75 mufculus
1962 2721 122 75 iliacus,
2110 2721 65 75 fee.

1274 2768 97 75 From
1388 2768 55 75 the
1454 2768 108 75 infide,
1578 2768 111 75 before
1705 2768 28 75 it
1749 2768 105 75 leaves
1866 2768 54 75 the
1933 2768 168 75 abdomen,
2120 2768 25 75 it
2161 2768 91 75 fends

1228 2814 51 75 off
1298 2814 54 75 the
1376 2814 82 75 vena
1479 2814 203 75 epigaftrica;
1715 2814 106 75 which
1845 2814 117 75 having
1984 2814 160 75 furnilhed
2167 2814 87 75 feme

1227 2860 90 75 fmall
1334 2860 78 75 rami
1428 2860 35 75 to
1480 2860 55 75 the
1555 2860 234 75 neighbouring
1805 2860 213 75 conglobated
2036 2860 123 75 glands,
2178 2860 75 75 runs

1227 2906 43 75 up
1294 2906 96 75 along
1406 2906 56 75 the
1477 2906 96 75 infide
1590 2906 40 75 of
1651 2906 57 75 the
1728 2906 134 75 mufeuli
1879 2906 88 75 refti,
1993 2906 41 75 on
2061 2906 107 75 which
2184 2906 27 75 it
2226 2906 28 75 is

1226 2951 144 75 ramified
1387 2951 77 75 both
1483 2951 97 75 ways.

2053 2991 200 75 Afterwards
