2428 3377
134 157 76 75 178

675 157 42 75 A
828 157 43 75 N
990 157 43 75 A
1147 157 39 75 T

128 225 57 75 the
201 225 154 75 pofterior
370 225 106 75 cavity
492 225 54 75 are
566 225 157 75 flretched
742 225 59 75 out
816 225 68 75 into
907 225 66 75 two
991 225 168 75 procefles,

130 271 61 75 one
206 271 42 75 on
264 271 77 75 each
359 271 83 75 fide:
469 271 111 75 Thefe
597 271 53 75 are
667 271 104 75 called
787 271 143 75 condyles
938 271 14 75 ;
979 271 84 75 from
1080 271 77 75 each

130 317 41 75 of
189 317 106 75 which
311 317 19 75 a
346 317 107 75 ftrong
469 317 151 75 ligament
637 317 76 75 goes
730 317 57 75 out
804 317 35 75 to
855 317 56 75 the
930 317 99 75 bones
1046 317 39 75 of
1105 317 55 75 the

132 364 294 75 fore-arm.—The
442 364 147 75 external
608 364 149 75 condyle,
781 364 106 75 which
905 364 56 75 has
979 364 39 75 an
1030 364 132 75 oblique

132 409 154 75 direction
304 409 65 75 alfo
386 409 157 75 forwards
566 409 32 75 in
624 409 117 75 refpeft
766 409 39 75 of
825 409 54 75 the
896 409 148 75 internal,
1070 409 92 75 when
1183 409 15 75 -

132 455 56 75 the
206 455 66 75 arm
289 455 25 75 is
331 455 33 75 in
380 455 57 75 the
449 455 80 75 molt
545 455 125 75 natural
687 455 137 75 pofture,
847 455 27 75 is
898 455 128 75 equally
1049 455 113 75 broad,

132 501 63 75 and
207 501 57 75 has
282 501 39 75 an
337 501 111 75 obtufe
464 501 124 75 fmooth
601 501 90 75 head'
691 501 97 75 rifing
804 501 84 75 from
905 501 26 75 it
947 501 218 75 forwards.—

132 547 98 75 From
248 547 55 75 the
326 547 103 75 rough
444 547 72 75 part
532 547 41 75 of
592 547 55 75 the
671 547 149 75 condyle,
845 547 55 75 the
922 547 133 75 inferior
1081 547 85 75 head

133 593 41 75 of
193 593 54 75 the
262 593 152 75 bicornis,
439 593 56 75 the
519 593 150 75 extenfor
692 593 175 75 digitorum
892 593 188 75 communis,
1106 593 59 75 ex-

135 640 107 75 tenfor
258 640 86 75 carpi
363 640 131 75 ulnaris,
519 640 184 75 anconceus,
730 640 63 75 and
808 640 85 75 fome
910 640 72 75 part
998 640 40 75 of
1049 640 55 75 the
1116 640 49 75 fu-

132 686 127 75 pinator
283 686 79 75 radii
378 686 119 75 brevis,
522 686 74 75 take
612 686 84 75 their
713 686 81 75 rife;
820 686 63 75 and
905 686 42 75 on
971 686 54 75 the
1041 686 126 75 fmooth

133 732 83 75 head
240 732 54 75 the
319 732 99 75 upper
445 732 63 75 end
532 732 40 75 of
591 732 55 75 the
669 732 106 75 radius
791 732 377 75 plays.—Immediately

133 778 42 75 on
192 778 56 75 the
263 778 121 75 outfide
401 778 39 75 of
458 778 77 75 this,
560 778 91 75 there
667 778 27 75 is
711 778 19 75 a
756 778 146 75 finuofity
926 778 92 75 made
1041 778 45 75 by
1110 778 56 75 the

134 824 122 75 fliorter
270 824 84 75 head
367 824 39 75 of
425 824 55 75 the
496 824 139 75 bicornis
653 824 129 75 mufcle,
799 824 84 75 upon
898 824 106 75 which
1016 824 54 75 the
1083 824 83 75 muf-

132 871 92 75 cular
239 871 95 75 nerve
350 871 27 75 is
394 871 125 75 placed.
614 871 77 75 The
715 871 136 75 internal
876 871 134 75 condyle
1034 871 27 75 is
1078 871 88 75 more

134 918 133 75 pointed
283 918 61 75 and
361 918 208 75 protuberant
586 918 77 75 than
679 918 56 75 the
752 918 157 75 external,
928 918 35 75 to
975 918 70 75 give
1062 918 104 75 origin

133 964 36 75 to
196 964 85 75 fome
306 964 72 75 part
399 964 41 75 of
457 964 56 75 the
529 964 103 75 flexor
649 964 85 75 carpi
752 964 140 75 radialis,
917 964 152 75 pronator
1085 964 81 75 radii

132 1010 99 75 teres,
256 1010 149 75 palmaris
432 1010 128 75 longus,
590 1010 105 75 flexor
722 1010 175 75 digitorum
925 1010 153 75 fublimis,
1104 1010 63 75 and

133 1056 104 75 flexor
254 1056 86 75 carpi
355 1056 336 75 ulnaris.—Between
707 1056 56 75 the
780 1056 66 75 two
869 1056 164 75 condyles,
1057 1056 28 75 is
1110 1056 56 75 the

133 1103 144 75 trochlea
292 1103 37 75 or
349 1103 100 75 pully,
475 1103 106 75 which
598 1103 122 75 confifts
745 1103 40 75 of
803 1103 66 75 two
885 1103 113 75 lateral
1012 1103 154 75 protube-

134 1148 123 75 rances,
284 1148 60 75 and
370 1148 163 75 ^middle
557 1148 118 75 cavity,
701 1148 71 75 that
796 1148 53 75 are
869 1148 138 75 fmooth,
1033 1148 63 75 and
1111 1148 55 75 co-

133 1195 99 75 vered
246 1195 80 75 with
342 1195 325 75 cartilage.—Wheij
685 1195 55 75 the
757 1195 153 75 fore-arm
934 1195 28 75 is
990 1195 174 75 extended,

133 1240 57 75 the
206 1240 119 75 tendon
342 1240 40 75 of
400 1240 55 75 the
471 1240 137 75 internal
623 1240 179 75 brachioeus
820 1240 117 75 mufcle
953 1240 26 75 is
998 1240 120 75 lodged
1133 1240 32 75 in

132 1287 58 75 the
206 1287 158 75 fore-part
380 1287 39 75 of
437 1287 57 75 the
510 1287 106 75 cavity
632 1287 40 75 of
691 1287 64 75 this
777 1287 227 75 pully.—The
1021 1287 145 75 external

133 1334 243 75 protuberance,
401 1334 105 75 which
522 1334 26 75 is
566 1334 58 75 lefs
642 1334 78 75 than
743 1334 55 75 the
822 1334 106 75 other,
952 1334 59 75 has
1035 1334 19 75 a
1075 1334 90 75 (harp

133 1380 82 75 edge
230 1380 141 75 behind;
397 1380 58 75 but
470 1380 171 75 forwards,
665 1380 65 75 this
743 1380 89 75 ridge
848 1380 27 75 is
892 1380 123 75 obtufe,
1034 1380 62 75 and
1107 1380 58 75 on-

133 1426 35 75 ly
184 1426 166 75 feparated
365 1426 84 75 from
466 1426 55 75 the
537 1426 85 75 little
643 1426 96 75 head,
765 1426 130 75 already
920 1426 176 75 defcribed,
1122 1426 44 75 by

134 1471 20 75 a
169 1471 89 75 fmall
276 1471 90 75 fofla,
389 1471 32 75 in
438 1471 106 75 which
561 1471 54 75 the
628 1471 113 75 joined
757 1471 96 75 edges
870 1471 40 75 of
930 1471 55 75 the
1012 1471 76 75 ulna
1104 1471 61 75 and

134 1517 108 75 radius
259 1517 231 75 move.—The
505 1517 136 75 internal
657 1517 230 75 protuberance
903 1517 40 75 of
962 1517 56 75 the
1034 1517 90 75 pully
1138 1517 27 75 is

133 1564 114 75 largeft
264 1564 63 75 and
343 1564 144 75 higheft;
513 1564 63 75 and
587 1564 175 75 therefore,
787 1564 32 75 in
831 1564 55 75 the
902 1564 140 75 motions
1059 1564 40 75 of
1110 1564 56 75 the

134 1610 76 75 ulna
221 1610 83 75 upon
322 1610 38 75 it,
385 1610 71 75 that
471 1610 83 75 bone
572 1610 107 75 would
690 1610 39 75 be
745 1610 139 75 inclined
900 1610 174 75 outwards,
1100 1610 65 75 was

134 1656 26 75 it
174 1656 57 75 not
246 1656 171 75 fupported
432 1656 44 75 by
492 1656 55 75 the
563 1656 107 75 radius
687 1656 41 75 on
753 1656 70 75 that
848 1656 76 75 fide.
1011 1656 153 75 Between

134 1703 66 75 this
227 1703 135 75 internal
384 1703 229 75 protuberance
638 1703 63 75 and
722 1703 148 75 condyle,
896 1703 19 75 a
930 1703 144 75 finuofity
1091 1703 75 75 may

135 1749 41 75 be
188 1749 179 75 remarked,
393 1749 107 75 where
516 1749 55 75 the
582 1749 92 75 ulnar
690 1749 95 75 nerve
801 1749 111 75 pafies.

181 1794 78 75 The
272 1794 102 75 round
389 1794 83 75 head
482 1794 38 75 at
532 1794 56 75 the
603 1794 101 75 upper
724 1794 63 75 end
802 1794 41 75 of
861 1794 64 75 this
947 1794 81 75 bone
1045 1794 26 75 is
1089 1794 75 75 arti-

134 1840 129 75 culated
286 1840 79 75 with
387 1840 56 75 the
466 1840 130 75 glenoid
620 1840 106 75 cavity
749 1840 40 75 of
808 1840 55 75 the
886 1840 148 75 fcapula;
1059 1840 106 75 which

134 1886 97 75 being
246 1886 187 75 fuperficial,
459 1886 63 75 and
541 1886 118 75 having
679 1886 77 75 long
771 1886 181 75 ligaments,
977 1886 110 75 allows
1111 1886 54 75 the

135 1933 68 75 arm
221 1933 19 75 a
250 1933 68 75 free
335 1933 61 75 and
408 1933 159 75 extenfive
583 1933 136 75 motion.

183 1979 77 75 The
275 1979 138 75 motions
429 1979 106 75 which
547 1979 55 75 the
615 1979 67 75 arm
694 1979 111 75 enjoys
817 1979 44 75 by
872 1979 65 75 this
950 1979 214 75 articulation,

135 2024 55 75 are
208 2024 34 75 to
258 2024 97 75 every
368 2024 82 75 fide;
479 2024 63 75 and
557 2024 43 75 by
616 2024 56 75 the
696 2024 165 75 fucceffion
885 2024 41 75 of
944 2024 87 75 thefe
1054 2024 110 75 differ-

135 2070 55 75 ent
206 2070 152 75 motions,
384 2070 18 75 a
418 2070 96 75 circle
530 2070 74 75 may
620 2070 39 75 be
678 2070 175 75 defcribed.
902 2070 129 75 Befides
1045 2070 120 75 which,

135 2117 56 75 the
207 2117 81 75 bone
301 2117 156 75 performs
474 2117 18 75 a
507 2117 90 75 fmall
614 2117 140 75 rotation
770 2117 104 75 round
890 2117 41 75 its
945 2117 71 75 own
1034 2117 83 75 axis.

182 2162 76 75 The
278 2162 202 75 Fore-arm
507 2162 123 75 confills
646 2162 40 75 of
705 2162 66 75 two
787 2162 76 75 long
885 2162 111 75 bones,
1021 2162 55 75 the
1092 2162 75 75 ulna

135 2208 64 75 and
214 2208 106 75 radius
332 2208 9 75 ;
368 2208 106 75 whofe
490 2208 158 75 fituation,
674 2208 32 75 in
723 2208 117 75 refpett
856 2208 39 75 of
913 2208 78 75 each
1008 2208 105 75 other,
1138 2208 26 75 is

135 2255 131 75 oblique
278 2255 32 75 in
327 2255 55 75 the
398 2255 75 75 leaft
486 2255 148 75 firaining
646 2255 37 75 or
699 2255 78 75 moft
789 2255 124 75 natural
930 2255 123 75 pofture
1065 2255 10 75 ;
1094 2255 71 75 that

134 2300 41 75 is,
202 2300 56 75 the
273 2300 76 75 ulna
364 2300 27 75 is
407 2300 57 75 not
479 2300 134 75 dire&ly
629 2300 131 75 behind,
784 2300 59 75 nor
856 2300 41 75 on
922 2300 55 75 the
993 2300 120 75 outfide
1130 2300 40 75 of

135 2346 56 75 the
214 2346 120 75 radius,
360 2346 57 75 but
433 2346 32 75 in
483 2346 19 75 a
517 2346 119 75 middle
652 2346 144 75 fituation
819 2346 145 75 between
981 2346 87 75 thefe
1084 2346 79 75 two,

134 2391 65 75 and
215 2391 54 75 the
286 2391 105 75 radius
414 2391 114 75 croffes
555 2391 126 75 it.—In
705 2391 55 75 the
775 2391 168 75 following
959 2391 203 75 defcription,

135 2439 45 75 by
196 2439 55 75 the
267 2439 81 75 term
360 2439 154 75 pojlerier
530 2439 26 75 is
573 2439 106 75 meant
703 2439 71 75 that
796 2439 72 75 part
884 2439 104 75 which
1004 2439 26 75 is
1047 2439 32 75 in
1107 2439 55 75 the

135 2484 83 75 fame
234 2484 154 75 diredtion
405 2484 78 75 with
499 2484 56 75 the
571 2484 81 75 back
669 2484 40 75 of
728 2484 54 75 the
809 2484 107 75 hand;
943 2484 43 75 by
1002 2484 159 75 anterior,

135 2529 71 75 that
231 2529 174 75 anfwering
429 2529 35 75 to
490 2529 56 75 the
570 2529 106 75 palm;
703 2529 42 75 by
770 2529 158 75 internal,
954 2529 71 75 that
1048 2529 41 75 on
1107 2529 54 75 the

135 2576 84 75 fame
235 2576 63 75 fide
310 2576 78 75 with
405 2576 55 75 the
477 2576 133 75 thumb;
641 2576 43 75 by
706 2576 163 75 external,
893 2576 54 75 the
963 2576 64 75 fide
1043 2576 120 75 neareft

138 2622 55 75 the
209 2622 84 75 little
305 2622 113 75 finger.

183 2668 125 75 Ulna,
332 2668 34 75 fo
382 2668 113 75 named
511 2668 83 75 from
607 2668 42 75 its
666 2668 94 75 being
776 2668 76 75 ufed
875 2668 33 75 as
926 2668 18 75 a
958 2668 151 75 meafure,
1133 2668 28 75 is

135 2713 55 75 the
206 2713 121 75 longeft
343 2713 40 75 of
401 2713 55 75 the
473 2713 65 75 two
554 2713 97 75 bones
669 2713 40 75 of
726 2713 56 75 the
798 2713 167 75 fore-arm,
990 2713 64 75 and
1067 2713 94 75 fitua-

136 2759 55 75 ted
208 2759 39 75 on
265 2759 55 75 the
336 2759 120 75 outfide
472 2759 41 75 of
531 2759 55 75 the
602 2759 120 75 radius.

182 2804 47 75 At
247 2804 54 75 the
317 2804 100 75 upper
432 2804 62 75 end
509 2804 40 75 of
567 2804 55 75 the
633 2804 76 75 ulna
724 2804 53 75 are
792 2804 66 75 two
869 2804 292 75 proceffes.—The

135 2852 151 75 pofterior
317 2852 27 75 is
361 2852 55 75 the
439 2852 126 75 largeft,
591 2852 62 75 and
675 2852 125 75 formed
816 2852 64 75 like
897 2852 19 75 a
931 2852 98 75 hook,
1055 2852 106 75 whofe

135 2897 137 75 concave
287 2897 122 75 furface
426 2897 108 75 moves
550 2897 85 75 upon
656 2897 55 75 the
727 2897 90 75 pully
840 2897 41 75 of
899 2897 55 75 the
970 2897 38 75 os
1023 2897 136 75 humeri,

135 2941 64 75 and
212 2941 27 75 is
257 2941 102 75 called
383 2941 182 75 olecranon,
590 2941 37 75 or
643 2941 55 75 top
715 2941 39 75 of
772 2941 55 75 the
843 2941 225 75 cubit.—The
1084 2941 75 75 con-

134 2989 64 75 vex
213 2989 168 75 back-part
393 2989 40 75 of
442 2989 26 75 it
483 2989 27 75 is
522 2989 102 75 rough
642 2989 63 75 and
718 2989 162 75 fcabrous,
897 2989 107 75 where
1017 2989 55 75 the
1088 2989 70 75 lon-

1306 152 39 75 O
1462 152 49 75 M
1627 152 55 75 Y.

2091 152 147 75 Partr.

1206 221 72 75 gus,
1300 221 120 75 brevis,
1439 221 63 75 and
1516 221 180 75 brachioeus
1712 221 166 75 externus,
1895 221 52 75 are
1963 221 151 75 inferted.
2162 221 77 75 The

1208 267 182 75 olecranum
1413 267 107 75 makes
1537 267 27 75 it
1579 267 202 75 unneceffary
1805 267 72 75 that
1892 267 55 75 the
1973 267 135 75 tendons
2126 267 40 75 of
2184 267 56 75 the

1208 313 148 75 extenfor
1372 313 133 75 mufcles
1522 313 113 75 ftiould
1656 313 68 75 pafs
1745 313 76 75 over
1839 313 56 75 the
1915 313 63 75 end
1993 313 41 75 of
2052 313 55 75 the
2127 313 35 75 os
2178 313 60 75 hu-

1209 359 101 75 meri;
1336 359 106 75 which
1455 359 203 75 would-have
1674 359 80 75 been
1778 359 39 75 of
1835 359 36 75 ill
1889 359 216 75 confequence
2127 359 32 75 in
2185 359 55 75 the

1190 405 110 75 -great
1323 405 141 75 fledtions
1488 405 41 75 of
1546 405 65 75 this
1634 405 97 75 joint,
1756 405 38 75 or
1817 405 93 75 when
1938 405 61 75 any
2023 405 220 75 confiderable

1211 452 145 75 external
1372 452 88 75 force
1477 452 26 75 is
1520 452 127 75 applied
1662 452 35 75 to
1713 452 65 75 this
1794 452 209 75 part.—The
2015 452 140 75 anterior
2166 452 74 75 pro-

1212 498 64 75 cefs
1294 498 26 75 is
1338 498 56 75 not
1413 498 34 75 fo
1464 498 100 75 large,
1590 498 58 75 nor
1667 498 78 75 does
1761 498 25 75 it
1805 498 93 75 reach
1914 498 34 75 fo
1964 498 78 75 high
2059 498 33 75 as
2109 498 55 75 the
2181 498 60 75 one

1212 545 139 75 behind;
1377 545 59 75 but
1452 545 26 75 is
1496 545 124 75 (harper
1637 545 32 75 at
1685 545 43 75 its
1744 545 74 75 end,
1837 545 62 75 and
1915 545 161 75 therefore
2088 545 26 75 is
2128 545 112 75 named

1213 592 363 75 coronoid.—Between
1593 592 88 75 thefe
1696 592 68 75 two
1779 592 166 75 procefits,
1971 592 18 75 a
2000 592 87 75 large
2103 592 137 75 femicir-

1214 637 87 75 cular
1318 637 37 75 or
1370 637 132 75 figmoid
1519 637 168 75 concavity
1702 637 27 75 is
1741 637 82 75 left;
1849 637 55 75 the
1920 637 122 75 furfacd
2064 637 40 75 of
2121 637 119 75 which,

1213 683 42 75 on
1278 683 78 75 each
1380 683 62 75 fide
1459 683 40 75 of
1517 683 19 75 a
1551 683 119 75 middle
1687 683 105 75 rifing,
1817 683 27 75 is
1867 683 146 75 flanting,
2038 683 62 75 and
2116 683 127 75 exadlly

1214 730 137 75 adapted
1366 730 35 75 to
1417 730 55 75 the
1484 730 90 75 pully
1589 730 40 75 of
1648 730 55 75 the
1719 730 82 75 bone
1818 730 40 75 of
1875 730 55 75 the
1947 730 80 75 arm.
2123 730 119 75 Acrofs

1213 776 56 75 the
1286 776 119 75 middle
1421 776 40 75 of
1479 776 38 75 it,
1543 776 91 75 there
1658 776 26 75 is
1710 776 19 75 a
1755 776 89 75 fmall
1869 776 145 75 finuofity
2037 776 52 75 for
2111 776 135 75 lodging

1214 824 228 75 mucilaginous
1458 824 112 75 glands
1582 824 10 75 ;
1617 824 119 75 where,
1754 824 33 75 as
1804 824 73 75 well
1894 824 33 75 as
1939 824 32 75 in
1985 824 18 75 a
2018 824 89 75 fmall
2123 824 120 75 hollow

1214 868 41 75 on
1267 868 55 75 the
1333 868 136 75 internal
1485 868 63 75 fide
1560 868 40 75 of
1617 868 38 75 it,
1681 868 55 75 tbe
1755 868 152 75 cartilage
1928 868 71 75 that
2014 868 78 75 lines
2110 868 55 75 the
2182 868 62 75 reft

1215 914 38 75 of
1269 914 41 75 its
1327 914 121 75 furface
1460 914 25 75 is
1498 914 211 75 wanting.—
1715 914 122 75 Round
1854 914 54 75 the
1920 914 99 75 brims
2036 914 39 75 of
2087 914 63 75 this
2167 914 75 75 con-

1215 961 105 75 cavity
1343 961 56 75 the
1424 961 82 75 bone
1529 961 27 75 is
1582 961 115 75 rough,
1722 961 107 75 where
1848 961 56 75 the
1929 961 141 75 capfular
2091 961 156 75 ligament

1214 1007 40 75 of
1271 1007 56 75 the
1339 1007 87 75 joint
1438 1007 27 75 is
1480 1007 188 75 implanted.
1755 1007 223 75 Immediately
1993 1007 105 75 below
2109 1007 55 75 the
2177 1007 66 75 ole-

1215 1054 129 75 cranon,
1369 1054 41 75 on
1429 1054 55 75 the
1500 1054 170 75 back-part
1687 1054 40 75 of
1744 1054 56 75 the
1822 1054 87 75 ulna,
1936 1054 95 75 aflat,
2056 1054 186 75 triangular,

1213 1100 121 75 fpongy
1351 1100 123 75 furface
1498 1100 142 75 appears,
1666 1100 41 75 on
1724 1100 106 75 which
1847 1100 49 75 we
1916 1100 181 75 commonly
2112 1100 133 75 lean.—

1214 1145 48 75 At
1278 1145 56 75 the
1349 1145 136 75 internal
1496 1145 62 75 fide
1575 1145 41 75 of
1633 1145 78 75 this,
1736 1145 91 75 there
1844 1145 26 75 is
1889 1145 18 75 a
1921 1145 104 75 larger
2041 1145 120 75 hollow
2176 1145 69 75 fur-

1214 1193 83 75 face,
1322 1193 108 75 where
1446 1193 55 75 the
1524 1193 158 75 mufcidus
1706 1193 171 75 anconoeus
1894 1193 26 75 is
1937 1193 138 75 lodged;
2102 1193 62 75 and
2187 1193 56 75 the

1213 1238 90 75 ridge
1320 1238 33 75 at
1377 1238 56 75 the
1449 1238 95 75 infide
1560 1238 41 75 of
1618 1238 65 75 this
1706 1238 87 75 gives
1819 1238 58 75 rife
1894 1238 35 75 to
1946 1238 55 75 the
2017 1238 158 75 mufculus
2192 1238 50 75 fu-

1213 1284 126 75 pinator
1363 1284 80 75 radii
1468 1284 117 75 brevis.
1665 1284 153 75 Between
1847 1284 54 75 the
1928 1284 57 75 top
2007 1284 42 75 of
2068 1284 55 75 the
2151 1284 91 75 ridge

1214 1330 62 75 and
1292 1330 55 75 the
1363 1330 155 75 coronoid
1534 1330 139 75 procefs,
1697 1330 27 75 is
1748 1330 55 75 the
1820 1330 207 75 femijunated
2043 1330 124 75 fmooth
2190 1330 52 75 ca-

1212 1376 81 75 vity,
1318 1376 88 75 lined
1420 1376 80 75 with
1516 1376 166 75 cartilage,
1707 1376 31 75 in
1758 1376 119 75 which,
1904 1376 62 75 and
1982 1376 19 75 a
2015 1376 152 75 ligament
2184 1376 58 75 ex-

1213 1423 119 75 tended
1348 1423 83 75 from
1448 1423 55 75 the
1522 1423 61 75 one
1600 1423 34 75 to
1647 1423 56 75 the
1719 1423 94 75 other
1830 1423 62 75 end
1909 1423 40 75 of
1968 1423 63 75 this
2044 1423 117 75 cavity,
2187 1423 56 75 the

1196 1469 4 75 .
1211 1469 104 75 round
1330 1469 83 75 head
1434 1469 39 75 of
1491 1469 55 75 the
1570 1469 106 75 radius
1692 1469 375 75 plays.—Immediately
2082 1469 105 75 below
2203 1469 38 75 it,

1213 1516 18 75 a
1248 1516 102 75 rough
1365 1516 122 75 hollow
1502 1516 88 75 gives
1613 1516 132 75 lodging
1766 1516 36 75 to
1825 1516 228 75 mucilaginous
2069 1516 174 75 glands.—

1214 1562 112 75 Below
1337 1562 56 75 the
1409 1562 73 75 root
1499 1562 40 75 of
1557 1562 55 75 the
1628 1562 155 75 coronoid
1794 1562 137 75 procefs,
1956 1562 64 75 this
2037 1562 83 75 bone
2134 1562 27 75 is
2173 1562 69 75 fca-

1213 1608 96 75 brous
1326 1608 60 75 and
1412 1608 149 75 unequal,
1584 1608 108 75 where
1708 1608 56 75 the
1780 1608 180 75 brachiceus
1983 1608 142 75 internus
2142 1608 27 75 is
2193 1608 49 75 in-

1211 1654 220 75 ferted.—On
1443 1654 55 75 the
1510 1654 121 75 outfide
1643 1654 40 75 of
1694 1654 83 75 that,
1795 1654 48 75 we
1855 1654 129 75 obferve
1997 1654 17 75 a
2026 1654 125 75 fmooth
2164 1654 77 75 con-

1213 1700 116 75 cavity,
1354 1700 106 75 where
1477 1700 55 75 the
1544 1700 171 75 beginning
1731 1700 40 75 of
1790 1700 55 75 the
1860 1700 104 75 flexor
1976 1700 172 75 digitorum
2165 1700 76 75 pro-

1212 1748 116 75 fundus
1344 1748 124 75 fprouts
1485 1748 70 75 out.

1261 1793 76 75 The
1354 1793 86 75 body
1457 1793 40 75 of
1508 1793 55 75 the
1575 1793 75 75 ulna
1661 1793 27 75 is
1699 1793 313 75 triangular.—The
2027 1793 134 75 internal
2185 1793 54 75 an-

1212 1840 50 75 gle
1288 1840 26 75 is
1337 1840 79 75 very
1439 1840 90 75 (harp
1554 1840 108 75 where
1687 1840 56 75 the
1766 1840 153 75 ligament
1934 1840 71 75 that
2023 1840 145 75 connects
2185 1840 56 75 the

1213 1885 64 75 two
1297 1885 97 75 bones
1410 1885 27 75 is
1454 1885 215 75 fixed;—the
1684 1885 92 75 fides,
1802 1885 105 75 which
1931 1885 92 75 make
2047 1885 63 75 this
2135 1885 105 75 angle,

1213 1931 53 75 are
1282 1931 55 75 flat
1353 1931 64 75 and
1431 1931 118 75 rough,
1575 1931 44 75 by
1634 1931 55 75 the
1702 1931 101 75 aftion
1815 1931 61 75 and
1893 1931 145 75 adhefion
2051 1931 41 75 of
2101 1931 54 75 the
2172 1931 66 75 ma-

1213 1977 42 75 ny
1271 1977 132 75 mufcles
1420 1977 105 75 which
1554 1977 52 75 are
1623 1977 135 75 fituated
1773 1977 186 75 here.—At
1977 1977 54 75 the
2055 1977 136 75 diftance
2203 1977 41 75 of

1214 2023 58 75 one
1288 2023 90 75 third
1393 2023 41 75 of
1445 2023 55 75 the
1527 2023 111 75 length
1656 2023 41 75 of
1715 2023 55 75 the
1787 2023 76 75 ulna
1879 2023 84 75 from
1978 2023 56 75 the
2052 2023 70 75 top,
2146 2023 40 75 in.
2195 2023 43 75 its

1214 2070 169 75 fore-part,
1408 2070 55 75 the
1487 2070 121 75 paffage
1636 2070 38 75 of
1687 2070 55 75 the
1761 2070 179 75 medullary
1963 2070 110 75 veffels
2097 2070 27 75 is
2147 2070 35 75 to
2198 2070 41 75 be

1214 2116 167 75 remarked
1402 2116 133 75 flanting
1551 2116 285 75 upwards.—The
1858 2116 146 75 external
2022 2116 62 75 fide
2111 2116 41 75 of
2174 2116 64 75 this

1215 2163 82 75 bone
1324 2163 27 75 is
1374 2163 137 75 fmooth,
1535 2163 172 75 fomewhat
1731 2163 137 75 convex,
1905 2163 61 75 and
1989 2163 55 75 the
2069 2163 107 75 angles
2204 2163 33 75 at

1214 2209 75 75 each
1307 2209 80 75 edge
1403 2209 40 75 of
1460 2209 25 75 it
1514 2209 53 75 are
1594 2209 133 75 blunted
1743 2209 41 75 by
1801 2209 55 75 the
1873 2209 136 75 preffure
2026 2209 40 75 of
2084 2209 55 75 the
2155 2209 83 75 muf-

1213 2256 64 75 cles
1293 2256 131 75 equally
1439 2256 144 75 difpofed
1603 2256 96 75 about
1714 2256 101 75 them.

1259 2302 48 75 As
1325 2302 64 75 this
1406 2302 82 75 bone
1504 2302 163 75 defcends,
1691 2302 26 75 it
1741 2302 146 75 becomes
1904 2302 168 75 gradually
2087 2302 147 75 fmaller;

1212 2347 35 75 fo
1262 2347 69 75 that
1348 2347 41 75 its
1407 2347 99 75 lower
1520 2347 62 75 end
1598 2347 183 75 termihates
1797 2347 33 75 in
1850 2347 18 75 a
1884 2347 84 75 little
1983 2347 94 75 head,
2094 2347 143 75 ftanding

1211 2393 41 75 on
1269 2393 19 75 a
1304 2393 89 75 fmall
1416 2393 93 75 neck.
1605 2393 159 75 Towards
1787 2393 55 75 the
1870 2393 68 75 fore
1965 2393 57 75 but
2050 2393 92 75 outer
2165 2393 71 75 part

1211 2439 38 75 of
1256 2439 107 75 which
1375 2439 68 75 laft,
1461 2439 37 75 an
1512 2439 131 75 oblique
1656 2439 89 75 ridge
1762 2439 87 75 runs,
1866 2439 71 75 that
1954 2439 86 75 gives
2057 2439 59 75 rife
2133 2439 35 75 to
2180 2439 55 75 the

1209 2486 150 75 pronator
1375 2486 80 75 radii
1472 2486 186 75 quadratus.
1754 2486 75 75 The
1839 2486 82 75 head
1932 2486 26 75 is
1972 2486 112 75 round,
2095 2486 138 75 fmooth,

1209 2533 62 75 and
1287 2533 136 75 covered
1434 2533 78 75 with
1530 2533 18 75 a
1564 2533 150 75 cartilage
1739 2533 41 75 on
1807 2533 42 75 its
1873 2533 137 75 internal
2032 2533 74 75 fide,
2131 2533 35 75 to
2194 2533 40 75 be

1210 2578 144 75 received
1369 2578 69 75 into
1454 2578 56 75 the
1525 2578 168 75 femilunar
1704 2578 107 75 cavity
1827 2578 39 75 of
1877 2578 55 75 the
1949 2578 105 75 radius
2065 2578 10 75 ;
2101 2578 94 75 while
2216 2578 19 75 a

1208 2624 115 75 ftyloid
1338 2624 125 75 procefs
1479 2624 76 75 rifes
1572 2624 84 75 from
1672 2624 41 75 its
1730 2624 134 75 outfide,
1888 2624 36 75 to
1940 2624 104 75 which
2061 2624 26 75 is
2110 2624 87 75 fixed
2216 2624 19 75 a

1208 2671 105 75 ftrong
1324 2671 150 75 ligament
1491 2671 69 75 that
1574 2671 28 75 is
1620 2671 161 75 extended
1795 2671 36 75 to
1846 2671 56 75 the
1918 2671 35 75 os
1966 2671 192 75 cuneiforme
2170 2671 64 75 and

1209 2716 156 75 pififorme
1382 2716 39 75 of
1433 2716 56 75 the
1504 2716 298 75 wrift.—Bet\veen
1830 2716 55 75 the
1912 2716 168 75 back-part
2103 2716 40 75 of
2162 2716 70 75 that

1208 2764 135 75 internal
1359 2764 124 75 fmooth
1501 2764 64 75 fide
1581 2764 62 75 and
1657 2764 64 75 this
1738 2764 137 75 procefs*
1901 2764 19 75 a
1946 2764 145 75 finuofity
2117 2764 27 75 is
2171 2764 62 75 left

1210 2809 51 75 for
1277 2809 55 75 the
1350 2809 118 75 tendon
1489 2809 39 75 of
1538 2809 56 75 the
1610 2809 149 75 extenfor
1775 2809 86 75 carpi
1878 2809 130 75 ulnaris,
2072 2809 86 75 —On
2176 2809 56 75 the

1207 2854 157 75 fore-part
1380 2854 40 75 of
1431 2854 55 75 the
1503 2854 73 75 root
1591 2854 40 75 of
1642 2854 54 75 the
1708 2854 137 75 procefs,
1862 2854 75 75 fuch
1955 2854 134 75 another
2104 2854 126 75 depref-

1206 2902 64 75 fion
1290 2902 74 75 may
1387 2902 40 75 be
1454 2902 168 75 remarked
1637 2902 52 75 for
1706 2902 55 75 the
1776 2902 123 75 paffage
1915 2902 40 75 of
1965 2902 55 75 the
2037 2902 91 75 ulnar
2147 2902 83 75 arte-

1207 2949 37 75 ry
1261 2949 62 75 and
1345 2949 233 75 nerve.—The
1594 2949 63 75 end
1672 2949 41 75 of
1723 2949 55 75 the
1795 2949 81 75 bone
1892 2949 26 75 is
1935 2949 137 75 fmooth,
2097 2949 62 75 and
2175 2949 54 75 co-

1205 2997 97 75 vered
1329 2997 78 75 with
1425 2997 19 75 a
1460 2997 367 75 cartilage.—Between
1850 2997 25 75 it
1903 2997 62 75 and
1988 2997 54 75 the
2069 2997 97 75 bones
2194 2997 37 75 of
