2477 3395
185 228 84 75 650

825 228 37 75 B
980 228 42 75 O
1137 228 40 75 T

183 295 40 75 of
234 295 181 75 deception.
463 295 80 75 But,
569 295 84 75 after
669 295 18 75 a
703 295 90 75 more
820 295 147 75 accurate
991 295 229 75 examination,

184 344 56 75 the
265 344 110 75 notion
392 344 40 75 of
448 344 18 75 a
476 344 154 75 fj>urious
654 344 76 75 iflue
757 344 213 75 opportunely
997 344 89 75 came
1112 344 36 75 to
1170 344 52 75 his

183 389 65 75 aid.
296 389 78 75 The
390 389 138 75 thought
546 389 123 75 pleafed
686 389 66 75 him
769 389 40 75 on
828 389 17 75 a
860 389 118 75 double
995 389 157 75 account:
1190 389 32 75 It

183 436 65 75 had
269 436 18 75 a
309 436 100 75 direct
425 436 157 75 tendency
598 436 36 75 to
650 436 206 75 corroborate
873 436 50 75 his
943 436 160 75 favourite
1119 436 102 75 hypo-

185 482 107 75 thelis,
318 482 63 75 and
407 482 65 75 laid
494 482 56 75 the
567 482 189 75 foundation
772 482 40 75 of
830 482 134 75 another
980 482 60 75 ftill
1058 482 88 75 more
1163 482 58 75 ex-

183 530 181 75 travagant.
413 530 100 75 Now,
538 530 108 75 thinks
664 530 55 75 he,
745 530 44 75 by
816 530 64 75 this
907 530 194 75 ineftimable
1117 530 103 75 difco-

183 576 90 75 very,
300 576 49 75 we
365 576 77 75 Ihall
459 576 39 75 be
527 576 137 75 enabled
688 576 35 75 to
751 576 73 75 take
842 576 19 75 a
877 576 61 75 dry
955 576 62 75 and
1034 576 83 75 rigid
1134 576 87 75 plant

185 623 85 75 from
288 623 56 75 the
360 623 191 75 mountain’s
572 623 69 75 top,
667 623 92 75 make
781 623 24 75 it
828 623 148 75 copulate
1001 623 77 75 with
1096 623 18 75 a
1131 623 90 75 moift

184 670 64 75 and
264 670 120 75 fpungy
401 670 141 75 aquatic,
567 670 63 75 and
657 670 84 75 their
769 670 157 75 offspring
943 670 66 75 will
1034 670 188 75 participate

186 718 41 75 of
249 718 55 75 the
334 718 131 75 rigidity
489 718 61 75 and
578 718 150 75 hardnefs
760 718 41 75 of
819 718 55 75 the
899 718 132 75 former,
1072 718 149 75 together

185 764 80 75 with
284 764 55 75 the
355 764 148 75 moifture
521 764 62 75 arid
598 764 162 75 flaccidity
777 764 39 75 of
827 764 56 75 the
901 764 117 75 latter;
1045 764 61 75 and
1124 764 99 75 hence

187 810 154 75 mankind
357 810 75 75 fhall
451 810 74 75 foon
543 810 39 75 be
599 810 117 75 blefled
744 810 78 75 with
850 810 39 75 an
917 810 73 75 eafy
1017 810 152 75 purchafe
1186 810 41 75 of

192 857 86 75 their
293 857 108 75 united
420 857 118 75 virtues
555 857 92 75 when
664 857 183 75 flourifliing
870 857 32 75 in
930 857 56 75 the
1003 857 220 75 intermediate

186 905 72 75 vale
272 905 8 75 !
315 905 99 75 More
442 905 177 75 wonderful
637 905 76 75 ftill,
737 905 49 75 we
813 905 75 75 fhall
917 905 90 75 caufe
1035 905 55 75 the
1118 905 105 75 plants

186 951 107 75 which
310 951 97 75 dwell
425 951 82 75 upon
528 951 55 75 the
599 951 115 75 frozen
731 951 178 75 mountains
926 951 39 75 of
985 951 187 75 Greenland
1189 951 35 75 to

187 997 198 75 intermarry
403 997 78 75 with
499 997 54 75 the
571 997 88 75 more
679 997 137 75 delicate
836 997 60 75 and
916 997 160 75 wayward
1098 997 125 75 inhabi-

188 1045 85 75 tants
291 1045 40 75 of
351 1045 55 75 the
423 1045 103 75 torrid
543 1045 94 75 zone,
663 1045 63 75 and
753 1045 56 75 the
837 1045 219 75 conftitutions
1081 1045 39 75 of
1141 1045 84 75 their

187 1092 146 75 children
357 1092 76 75 fhall
451 1092 38 75 be
507 1092 33 75 fo
556 1092 152 75 moulded
736 1092 62 75 and
822 1092 211 75 attempered,
1058 1092 71 75 that
1146 1092 78 75 they

187 1139 67 75 will
274 1139 64 75 live
355 1139 78 75 moft
450 1139 216 75 comfortably
690 1139 31 75 in
744 1139 95 75 every
867 1139 176 75 temperate
1059 1139 165 75 clime!—

189 1186 71 75 Not
278 1186 172 75 contented
477 1186 79 75 with
584 1186 179 75 extracting
785 1186 67 75 two
880 1186 139 75 theories
1036 1186 56 75 out
1109 1186 41 75 of
1159 1186 65 75 this

186 1232 100 75 iingle
306 1232 100 75 plant,
433 1232 151 75 Linnaeus
613 1232 99 75 forms
738 1232 19 75 a
778 1232 90 75 third
882 1232 61 75 ftill
962 1232 88 75 more
1070 1232 75 75 wild
1162 1232 63 75 and

191 1278 198 75 fantaftical:
420 1278 22 75 “
462 1278 98 75 From
578 1278 63 75 this
658 1278 128 75 curious
803 1278 266 75 phenomenon,”
1084 1278 70 75 fays
1170 1278 54 75 he,

191 1326 24 75 “
240 1326 26 75 it
286 1326 26 75 is
329 1326 124 75 natural
470 1326 34 75 to
526 1326 105 75 think,
656 1326 71 75 that
751 1326 77 75 only
855 1326 66 75 two
942 1326 119 75 fpecies
1086 1326 40 75 of
1145 1326 79 75 each

190 1373 98 75 genus
305 1373 124 75 exifted
445 1373 40 75 ab
501 1373 137 75 origins,
664 1373 62 75 and
742 1373 70 75 that
829 1373 42 75 all
893 1373 56 75 the
965 1373 122 75 variety
1103 1373 40 75 of
1155 1373 68 75 fpe-

189 1419 64 75 cies
270 1419 105 75 which
393 1419 72 75 now
486 1419 115 75 appear
627 1419 53 75 are
714 1419 77 75 only
818 1419 55 75 the
895 1419 74 75 fpan
994 1419 40 75 of
1051 1419 172 75 fortuitous

188 1465 231 75 commixtures
438 1465 35 75 !”

239 1512 37 75 If
287 1512 103 75 either
408 1512 55 75 the
480 1512 175 75 fortuitous
671 1512 38 75 or
729 1512 143 75 artificial
890 1512 182 75 copulation
1101 1512 40 75 of
1159 1512 67 75 two

189 1559 151 75 different
358 1559 117 75 fpecies
499 1559 86 75 were
605 1559 131 75 capable
759 1559 40 75 of
819 1559 177 75 producing
1013 1559 18 75 a
1048 1559 88 75 third
1153 1559 70 75 per-

190 1606 98 75 fectly
311 1606 123 75 diftinCt
457 1606 83 75 from
558 1606 55 75 the
633 1606 94 75 other
744 1606 78 75 two,
847 1606 55 75 the
919 1606 134 75 number
1063 1606 39 75 of
1108 1606 120 75 fpecies

189 1653 108 75 would
310 1653 41 75 be
362 1653 133 75 infinite.
546 1653 185 75 According
747 1653 35 75 to
799 1653 59 75 our
875 1653 129 75 author,
1029 1653 97 75 every
1148 1653 79 75 blaft

189 1699 42 75 of
242 1699 97 75 wind,
364 1699 98 75 every
478 1699 162 75 butterfly,
667 1699 107 75 would
789 1699 89 75 daily
901 1699 140 75 produce
1063 1699 163 75 hundreds

191 1746 40 75 of
242 1746 71 75 new
328 1746 129 75 fpecies.
523 1746 140 75 Neither
687 1746 55 75 the
767 1746 155 75 gardener
938 1746 60 75 nor
1014 1746 213 75 hufbandman

192 1793 98 75 could
306 1793 151 75 purchafe
473 1793 88 75 feeds
579 1793 78 75 with
670 1793 113 75 fafety,
802 1793 103 75 unlefs
921 1793 78 75 they
1015 1793 94 75 cotild
1126 1793 101 75 difco-

189 1839 70 75 ver,
278 1839 84 75 from
376 1839 183 75 inipeCfion,
578 1839 144 75 whether
739 1839 77 75 they
832 1839 65 75 had
914 1839 80 75 been
1009 1839 219 75 impregnated

191 1887 44 75 by
248 1887 54 75 the
319 1887 103 75 femen
441 1887 39 75 of
490 1887 57 75 the
558 1887 101 75 fame,
672 1887 38 75 or
726 1887 40 75 of
779 1887 18 75 a
813 1887 151 75 different
982 1887 131 75 fpecies.
1147 1887 64 75 Lin

191 1933 86 75 naeus
294 1933 108 75 would
417 1933 79 75 have
515 1933 36 75 us
575 1933 35 75 to
637 1933 134 75 believe,
797 1933 56 75 not
880 1933 77 75 only
984 1933 69 75 that
1078 1933 150 75 different

191 1979 117 75 fpecies
332 1979 41 75 of
390 1979 55 75 the
470 1979 83 75 fame
577 1979 97 75 genus
699 1979 147 75 copulate
870 1979 161 75 together,
1067 1979 58 75 but
1150 1979 78 75 even

192 2026 71 75 that
280 2026 115 75 genera
411 2026 172 75 belonging
611 2026 36 75 to
670 2026 150 75 different
844 2026 108 75 claffes
969 2026 171 75 engender,
1167 2026 62 75 and

193 2072 96 75 beget
311 2072 112 75 mules.
473 2072 65 75 For
555 2072 161 75 example,
741 2072 42 75 he
799 2072 108 75 makes
922 2072 56 75 the
994 2072 158 75 poterium
1169 2072 59 75 hy-

192 2119 127 75 bridum
336 2119 19 75 a

485 2119 88 75 begot
592 2119 32 75 by
643 2119 56 75 the
715 2119 175 75 agrimonia
901 2119 164 75 eupatoria
1173 2119 57 75 the

194 2165 161 75 poterium
367 2165 213 75 fanguiforba.
630 2165 77 75 The
723 2165 178 75 agrimonia
914 2165 130 75 belongs
1058 2165 35 75 to
1105 2165 54 75 the
1171 2165 56 75 do-

196 2212 170 75 decandria
386 2212 129 75 digynia
530 2212 94 75 clafs,
639 2212 61 75 and
713 2212 55 75 the
785 2212 158 75 poterium
955 2212 35 75 to
1002 2212 55 75 the
1074 2212 157 75 moncecia

194 2259 202 75 polyandria.
429 2259 99 75 Now,
552 2259 46 75 let
615 2259 61 75 any
688 2259 72 75 man
777 2259 150 75 ferioufly
943 2259 141 75 confider
1101 2259 54 75 the
1172 2259 58 75 un-

194 2306 167 75 avoidable
381 2306 231 75 confequences
629 2306 70 75 that
716 2306 110 75 would
843 2306 111 75 follow
970 2306 41 75 on
1026 2306 54 75 the
1094 2306 135 75 fuppofi-

194 2353 69 75 tion
276 2353 71 75 that
358 2353 67 75 this
438 2353 125 75 wanton
578 2353 199 75 proftitution
793 2353 41 75 of
844 2353 90 75 fexes
947 2353 100 75 really
1060 2353 122 75 exifted
1198 2353 31 75 a-

196 2400 98 75 mong
310 2400 181 75 vegetables
553 2400 38 75 In
608 2400 55 75 the
680 2400 64 75 firft
759 2400 100 75 place,
886 2400 25 75 it
925 2400 106 75 would
1056 2400 40 75 be
1114 2400 116 75 impofi-

196 2446 75 75 fible
295 2446 35 75 to
357 2446 116 75 reduce
489 2446 122 75 botany
627 2446 35 75 to
678 2446 63 75 any
759 2446 126 75 regular
901 2446 110 75 fyftem
1024 2446 10 75 ;
1061 2446 51 75 for
1135 2446 97 75 every

197 2493 107 75 feafon
326 2493 108 75 would
451 2493 138 75 produce
607 2493 74 75 fuch
708 2493 17 75 a
750 2493 94 75 troop
868 2493 41 75 of
928 2493 71 75 new
1022 2493 62 75 and
1108 2493 124 75 ftrange

198 2539 117 75 plants,
341 2539 33 75 as
404 2539 109 75 would
532 2539 162 75 confound
709 2539 96 75 every
830 2539 125 75 fcheme
981 2539 39 75 or
1039 2539 132 75 method
1196 2539 41 75 of

199 2585 208 75 claffification
422 2585 71 75 that
512 2585 74 75 ever
607 2585 79 75 was,
704 2585 37 75 or
757 2585 75 75 ever
848 2585 66 75 will
929 2585 40 75 be
986 2585 162 75 invented.
1197 2585 34 75 A

197 2632 149 75 botanift,
364 2632 52 75 for
432 2632 150 75 inftance,
600 2632 156 75 carefully
772 2632 128 75 collects
922 2632 60 75 and
1001 2632 158 75 preferves
1176 2632 58 75 the

198 2680 88 75 f^eds
312 2680 40 75 of
372 2680 56 75 the
451 2680 171 75 poterium,
648 2680 31 75 in
697 2680 95 75 order
814 2680 34 75 to
865 2680 80 75 raife
962 2680 70 75 that
1048 2680 88 75 plant
1153 2680 81 75 next

198 2726 128 75 feafon;
351 2726 71 75 but,
448 2726 86 75 after
556 2726 119 75 fowing
699 2726 55 75 the
770 2726 101 75 feeds,
897 2726 35 75 to
960 2726 50 75 bis
1039 2726 86 75 utter
1150 2726 78 75 afto-

199 2771 167 75 mfhment,
391 2771 57 75 not
472 2771 18 75 a
514 2771 98 75 Angle
627 2771 157 75 poterium
800 2771 145 75 appears,
968 2771 57 75 but
1047 2771 98 75 every
1171 2771 62 75 one

200 2819 40 75 of
252 2819 86 75 them
356 2819 26 75 is
399 2819 275 75 metamorphofed
692 2819 69 75 into
782 2819 19 75 a
816 2819 116 75 fpecies
949 2819 40 75 of
1000 2819 189 75 agrimonia,
1215 2819 18 75 a

201 2866 89 75 plant
307 2866 33 75 fo
357 2866 115 75 totally
489 2866 150 75 different
664 2866 70 75 that
751 2866 25 75 it
794 2866 114 75 cannot
926 2866 79 75 even
1022 2866 39 75 be
1079 2866 154 75 arranged

200 2912 100 75 under
317 2912 54 75 the
387 2912 83 75 fame
494 2912 90 75 clafs.
608 2912 5 75 '
635 2912 90 75 adly,
751 2912 149 75 Linnasus
916 2912 27 75 is
960 2912 126 75 obliged
1104 2912 35 75 to
1156 2912 81 75 con-

201 2955 74 75 fiefs,
300 2955 70 75 that
393 2955 48 75 his
463 2955 162 75 vegetable
642 2955 113 75 mules,
780 2955 54 75 are
861 2955 56 75 not
934 2955 158 75 fubjeCted
1109 2955 35 75 to
1161 2955 71 75 that

201 3005 145 75 perverfe
369 3005 62 75 law
449 3005 39 75 of
506 3005 124 75 nature,
655 3005 105 75 which
793 3005 121 75 cruelly
943 3005 147 75 prevents
1116 3005 115 75 animal

202 3052 100 75 mules
319 3052 82 75 from
416 3052 210 75 propagating
645 3052 85 75 their
745 3052 129 75 fpecies.
926 3052 53 75 On
999 3052 55 75 the
1071 3052 158 75 contraty,

200 3100 52 75 lus
268 3100 281 75 vegetable.mules
567 3100 95 75 enjoy
679 3100 42 75 all
739 3100 67 75 the,
822 3100 113 75 fweets
963 3100 41 75 of
1024 3100 123 75 mutual
1163 3100 66 75 em-

1296 229 41 75 A
1452 229 44 75 N
1610 229 56 75 Y.

1269 299 123 75 braces,
1417 299 63 75 and
1500 299 41 75 all
1559 299 56 75 the
1631 299 155 75 comforts
1807 299 71 75 that
1895 299 77 75 arife
1990 299 124 75 fronma
2137 299 152 75 nomerou

1271 346 141 75 progeny
1428 346 7 75 !
1472 346 34 75 It
1526 346 25 75 is
1569 346 18 75 a
1608 346 109 75 happy
1737 346 224 75 circumftance
1977 346 72 75 that
2066 346 55 75 the
2138 346 174 75 oeconomy

1272 392 39 75 of
1322 392 112 75 nature
1450 392 26 75 is
1494 392 56 75 not
1567 392 177 75 influenced
1767 392 44 75 by
1833 392 55 75 the
1905 392 114 75 whims
2036 392 63 75 and
2116 392 140 75 caprices
2273 392 41 75 of

1273 439 87 75 thofe
1377 439 78 75 very
1470 439 165 75 ingenious
1661 439 61 75 and
1742 439 129 75 learned
1889 439 180 75 gentlemen
2087 439 106 75 whofe
2209 439 100 75 heads

1272 486 53 75 are
1358 486 177 75 conftantly
1573 486 136 75 hunting
1740 486 84 75 after
1862 486 221 75 hypothetical
2124 486 184 75 phantoms.

1271 533 112 75 There
1399 533 26 75 is
1443 533 116 75 hardly
1583 533 19 75 a
1624 533 128 75 general
1770 533 116 75 theory
1902 533 41 75 of
1954 533 56 75 the
2034 533 171 75 oeconomy
2220 533 41 75 of
2275 533 34 75 a-

1272 579 125 75 nimals,
1421 579 38 75 or
1486 579 196 75 vegetables,
1707 579 119 75 which,
1852 579 44 75 on
1915 579 55 75 the
1994 579 190 75 fuppofition
2208 579 40 75 of
2266 579 42 75 its

1271 625 102 75 truth,
1399 625 108 75 would
1532 625 56 75 not
1605 625 30 75 in
1653 625 19 75 a
1688 625 79 75 very
1783 625 86 75 fhort
1894 625 78 75 time
1999 625 161 75 extirpate
2176 625 80 75 both
2275 625 33 75 a-

1271 672 113 75 nimals
1400 672 63 75 and
1478 672 181 75 vegetables
1681 672 83 75 from
1781 672 56 75 the
1853 672 71 75 face
1940 672 41 75 of
1991 672 56 75 the
2063 672 102 75 earth.
2202 672 37 75 In
2254 672 56 75 the

1271 720 116 75 theory
1395 720 107 75 under
1514 720 241 75 confideration,
1780 720 50 75 we
1850 720 80 75 have
1947 720 57 75 not
2022 720 76 75 only
2114 720 101 75 mules
2233 720 75 75 pro-

1271 766 103 75 duced
1400 766 43 75 by
1467 766 150 75 different
1645 766 117 75 genera
1785 766 62 75 and
1874 766 129 75 fpecies,
2041 766 57 75 but
2124 766 86 75 thefe
2230 766 80 75 very

1273 813 99 75 mules
1397 813 203 75 fuccefsfully
1620 813 208 75 propagating
1854 813 85 75 their
1964 813 108 75 kinds,
2098 813 63 75 and
2189 813 121 75 fubjeCt

1272 859 35 75 to
1335 859 40 75 be
1399 859 276 75 metamorphofed
1699 859 47 75 ad
1767 859 165 75 infinitum
1959 859 43 75 by
2027 859 191 75 fubfequent
2246 859 60 75 im-

1273 905 216 75 pregnations.
1536 905 86 75 This
1640 905 108 75 would
1765 905 38 75 be
1821 905 122 75 ftrange
1955 905 90 75 work
2057 905 114 75 indeed
2183 905 8 75 !
2220 905 89 75 How

1275 952 106 75 unlike
1397 952 54 75 the
1468 952 170 75 oeconomy
1654 952 41 75 of
1710 952 112 75 nature
1838 952 134 75 !—Let
1988 952 37 75 us
2049 952 74 75 take
2139 952 40 75 an
2196 952 111 75 exam-

1273 999 64 75 ple,
1362 999 62 75 and
1440 999 87 75 trace
1543 999 25 75 it
1585 999 140 75 through
1743 999 17 75 a
1776 999 64 75 few
1857 999 280 75 metamorphofes.
2187 999 33 75 A
2238 999 70 75 net-

1274 1046 43 75 tle
1338 1046 138 75 receives
1494 1046 37 75 an
1549 1046 231 75 impregnation
1797 1046 85 75 from
1906 1046 39 75 an
1970 1046 75 75 oak,
2071 1046 56 75 the
2143 1046 73 75 feed
2234 1046 74 75 falls

1274 1092 34 75 to
1328 1092 54 75 the
1398 1092 139 75 ground,
1563 1092 18 75 a
1604 1092 88 75 plant
1709 1092 38 75 of
1770 1092 19 75 a
1815 1092 79 75 very
1911 1092 139 75 uncouth
2068 1092 101 75 afpeCI
2187 1092 121 75 fprings

1274 1138 41 75 up
1330 1138 8 75 ;
1366 1138 26 75 it
1408 1138 26 75 is
1452 1138 41 75 no
1510 1138 111 75 longer
1649 1138 18 75 a
1695 1138 113 75 nettle,
1836 1138 124 75 neither
1979 1138 27 75 is
2029 1138 25 75 it
2075 1138 38 75 an
2139 1138 82 75 oak;
2248 1138 61 75 but

1274 1186 75 75 then
1365 1186 26 75 it
1408 1186 107 75 makes
1533 1186 39 75 an
1592 1186 159 75 excellent
1777 1186 85 75 mule
1875 1186 14 75 !
1927 1186 85 75 This
2041 1186 85 75 mule
2151 1186 78 75 next
2257 1186 51 75 re-

1274 1233 103 75 ceives
1394 1233 38 75 an
1449 1233 230 75 impregnation
1696 1233 84 75 from
1793 1233 19 75 a
1824 1233 104 75 turnip
1940 1233 9 75 ;
1969 1233 55 75 the
2033 1233 73 75 feed
2115 1233 73 75 now
2198 1233 110 75 brings

1275 1278 90 75 forth
1381 1278 123 75 neither
1520 1278 19 75 a
1555 1278 112 75 nettle,
1693 1278 39 75 an
1750 1278 74 75 oak,
1850 1278 59 75 nor
1925 1278 19 75 a
1963 1278 147 75 common
2126 1278 97 75 mule,
2250 1278 58 75 but

1273 1324 177 75 fomething
1474 1324 33 75 fo
1533 1324 198 75 monftruous
1755 1324 70 75 that
1843 1324 41 75 no
1907 1324 156 75 language
2083 1324 69 75 can*
2167 1324 104 75 afford
2288 1324 19 75 a

1274 1371 90 75 name
1381 1371 51 75 for
1448 1371 48 75 it!
1547 1371 107 75 Thefe
1671 1371 54 75 are
1741 1371 20 75 a
1781 1371 63 75 few
1861 1371 40 75 of
1912 1371 55 75 the
1989 1371 231 75 confequences
2234 1371 74 75 that

1273 1417 108 75 would
1404 1417 174 75 inevitably
1601 1417 138 75 happen,
1764 1417 31 75 if
1811 1417 63 75 this
1902 1417 116 75 theory
2041 1417 41 75 of
2108 1417 109 75 fexual
2237 1417 68 75 em-

1273 1465 110 75 braces
1400 1465 84 75 were
1501 1465 101 75 really
1619 1465 140 75 founded
1776 1465 32 75 in
1825 1465 125 75 nature.

1320 1511 31 75 It
1367 1511 27 75 is
1407 1511 122 75 natural
1546 1511 36 75 to
1598 1511 103 75 think,
1718 1511 71 75 that
1805 1511 43 75 no
1865 1511 115 75 author
1996 1511 109 75 would
2121 1511 132 75 venture
2269 1511 37 75 to

1275 1558 121 75 publifli
1414 1558 17 75 a
1447 1558 116 75 theory
1578 1558 40 75 of
1638 1558 63 75 this
1719 1558 89 75 kind,
1834 1558 136 75 without
1997 1558 117 75 having
2130 1558 179 75 previoufly

1275 1605 92 75 made
1380 1605 18 75 a
1414 1605 90 75 great
1515 1605 123 75 variety
1655 1605 40 75 of
1705 1605 168 75 fuccefsful
1890 1605 226 75 experiments.
2154 1605 37 75 If
2202 1605 104 75 plants

1275 1651 83 75 were
1371 1651 98 75 really
1486 1651 129 75 capable
1627 1651 41 75 of
1678 1651 167 75 unnatural
1858 1651 247 75 commixtures^
2122 1651 61 75 any
2194 1651 112 75 perfou

1275 1697 104 75 might
1394 1697 92 75 make
1510 1697 94 75 many
1627 1697 147 75 hundred
1790 1697 100 75 mules
1906 1697 32 75 in
1954 1697 55 75 the
2025 1697 91 75 fpace
2139 1697 35 75 of
2190 1697 116 75 twelve

1276 1744 142 75 months.
1466 1744 66 75 But
1555 1744 49 75 we
1621 1744 57 75 can
1695 1744 101 75 affirm
1814 1744 77 75 with
1910 1744 193 75 confidence,
2130 1744 71 75 that
2224 1744 81 75 Lin-

1277 1791 83 75 naeus
1377 1791 96 75 never
1489 1791 91 75 made
1597 1791 18 75 a
1631 1791 95 75 Angle
1741 1791 163 75 vegetable
1920 1791 84 75 mule
2019 1791 32 75 in
2068 1791 49 75 his
2133 1791 70 75 life.
2251 1791 58 75 He

1276 1838 57 75 has
1341 1838 114 75 indeed
1465 1838 153 75 collefted
1627 1838 196 75 forty-feven
1833 1838 104 75 plants
1944 1838 103 75 which
2057 1838 42 75 he
2108 1838 77 75 calls
2192 1838 113 75 mules.

1276 1884 92 75 Why
1382 1884 12 75 ?
1433 1884 56 75 not
1511 1884 131 75 becaufe
1669 1884 78 75 they
1762 1884 85 75 were
1863 1884 162 75 produced
2042 1884 43 75 by
2104 1884 39 75 an
2160 1884 147 75 artificial

1277 1930 37 75 or
1341 1930 175 75 fortuitous
1549 1930 233 75 impregnation
1802 1930 10 75 ;
1850 1930 59 75 but
1936 1930 133 75 becaufe
2098 1930 54 75 the
2183 1930 122 75 leaves.

1276 1977 88 75 Item,
1384 1977 36 75 or
1438 1977 86 75 parts
1536 1977 40 75 of
1588 1977 220 75 fruAification
1825 1977 80 75 have
1918 1977 18 75 a
1949 1977 212 75 refemblance
2173 1977 35 75 to
2220 1977 88 75 fome

1278 2022 91 75 other
1386 2022 98 75 genus
1501 2022 37 75 or
1555 2022 141 75 fpecies;
1723 2022 79 75 even
1819 2022 40 75 of
1879 2022 88 75 thefe
1984 2022 195 75 forty-feven
2196 2022 41 75 he
2254 2022 51 75 ac-

1274 2070 203 75 knowledges
1494 2070 71 75 that
1577 2070 138 75 thirteen
1731 2070 116 75 cannot
1865 2070 41 75 be
1922 2070 166 75 depended
2096 2070 98 75 upon.
2226 2070 81 75 The

1276 2116 75 75 only
1369 2116 150 75 attempts
1535 2116 41 75 he
1593 2116 57 75 has
1672 2116 93 75 made
1780 2116 37 75 to
1835 2116 139 75 produce
1998 2116 115 75 mules,
2130 2116 79 75 have
2225 2116 81 75 been

1276 2163 146 75 confined
1448 2163 36 75 to
1501 2163 19 75 a
1534 2163 63 75 few
1620 2163 259 75 hermaphrodite
1896 2163 122 75 plants:
2051 2163 114 75 When
2190 2163 117 75 endea-

1276 2210 134 75 vouring
1426 2210 35 75 to
1480 2210 200 75 impregnate
1696 2210 19 75 a
1731 2210 100 75 plant,
1857 2210 150 75 Linnaeus
2024 2210 152 75 proceeds
2193 2210 30 75 in
2242 2210 65 75 this

1277 2255 149 75 manner:
1454 2255 53 75 He
1523 2255 69 75 lays
1606 2255 80 75 hold
1701 2255 39 75 of
1754 2255 18 75 a
1783 2255 260 75 hermaphrodite
2060 2255 89 75 plant
2173 2255 64 75 juft
2252 2255 56 75 be-

1277 2302 68 75 fore
1362 2302 56 75 the
1434 2302 124 75 flowers
1589 2302 94 75 begin
1700 2302 35 75 to
1750 2302 106 75 blow;
1880 2302 129 75 unfolds
2026 2302 55 75 the
2098 2302 113 75 petals,
2237 2302 71 75 cuts

1277 2350 51 75 off
1339 2350 45 75 all
1410 2350 55 75 the
1481 2350 142 75 ftamina,
1649 2350 61 75 and
1738 2350 76 75 then
1843 2350 78 75 with
1938 2350 50 75 his
2016 2350 74 75 own
2105 2350 101 75 hands
2235 2350 72 75 per-

1277 2396 99 75 forms
1392 2396 56 75 the
1468 2396 92 75 office
1583 2396 37 75 of
1646 2396 18 75 a
1680 2396 84 75 male
1791 2396 101 75 plant,
1917 2396 44 75 by
1977 2396 128 75 {baking
2128 2396 56 75 the
2201 2396 107 75 pollen

1277 2443 39 75 of
1338 2443 19 75 a
1373 2443 150 75 different
1539 2443 117 75 fpecies
1672 2443 79 75 over
1767 2443 41 75 its
1826 2443 163 75 piftillum.
2037 2443 87 75 This
2143 2443 164 75 operation

1276 2489 96 75 being
1387 2489 142 75 finiffied,
1554 2489 41 75 he
1611 2489 81 75 fows
1709 2489 55 75 the
1781 2489 89 75 feeds
1886 2489 79 75 next
1983 2489 106 75 feafon
2102 2489 160 75 :—Now,
2281 2489 34 75 if

1277 2535 179 75 Linnaeus’s
1473 2535 116 75 theory
1605 2535 85 75 were
1709 2535 75 75 juft,
1810 2535 88 75 thefe
1915 2535 88 75 feeds
2030 2535 109 75 {houfd
2167 2535 140 75 produce

1277 2582 112 75 mules,
1416 2582 37 75 or
1469 2582 103 75 plants
1589 2582 103 75 which
1713 2582 115 75 cannot
1844 2582 40 75 be
1905 2582 142 75 referred
2063 2582 35 75 to
2114 2582 63 75 any
2193 2582 49 75 of-
2252 2582 56 75 the

1277 2629 65 75 two
1358 2629 117 75 fpecies
1492 2629 84 75 upon
1596 2629 105 75 which
1719 2629 55 75 the
1790 2629 199 75 experiment
2006 2629 63 75 was
2086 2629 105 75 made.
2240 2629 68 75 But

1276 2676 42 75 all
1335 2676 55 75 the
1407 2676 137 75 changes
1566 2676 41 75 he
1623 2676 57 75 has
1698 2676 74 75 ever
1799 2676 80 75 been
1895 2676 71 75 able
1989 2676 36 75 to
2041 2676 140 75 produce
2197 2676 44 75 by
2257 2676 53 75 his

1276 2720 124 75 manual
1429 2720 248 75 impregnations
1694 2720 53 75 are
1764 2720 145 75 confined
1931 2720 36 75 to
1983 2720 55 75 the
2067 2720 111 75 colour
2194 2720 39 75 of
2252 2720 56 75 the

1277 2767 130 75 flower;
1434 2767 19 75 a
1468 2767 150 75 different
1644 2767 102 75 ftreak
1762 2767 37 75 or
1826 2767 93 75 ffiade
1944 2767 33 75 in
1998 2767 56 75 the
2081 2767 100 75 petals
2209 2767 97 75 paffes

1277 2814 78 75 with
1372 2814 67 75 him
1455 2814 52 75 for
1523 2814 19 75 a
1554 2814 85 75 mule
1656 2814 37 75 or
1708 2814 141 75 mixture
1866 2814 41 75 of
1917 2814 56 75 the
1989 2814 129 75 fpecies,
2137 2814 168 75 although,
2321 2814 5 75 ,

1278 2861 30 75 in
1325 2861 94 75 other
1435 2861 86 75 parts
1544 2861 40 75 of
1603 2861 49 75 his
1670 2861 118 75 works,
1814 2861 42 75 he
1872 2861 164 75 pofitively
2054 2861 153 75 declares,
2237 2861 71 75 that

1278 2908 125 75 generic
1419 2908 38 75 or
1483 2908 125 75 fpecific
1631 2908 187 75 differences
1834 2908 59 75 can
1921 2908 95 75 never
2043 2908 39 75 be
2099 2908 96 75 taken
2223 2908 84 75 from

1278 2953 54 75 the
1344 2953 112 75 colour
1467 2953 182 75 offlowers,
1666 2953 33 75 as
1709 2953 25 75 it
1745 2953 26 75 is
1785 2953 177 75 conftantly
1970 2953 95 75 liable
2077 2953 35 75 to
2125 2953 18 75 a
2152 2953 171 75 thoufand"

1278 3001 135 75 changes
1431 3001 83 75 from
1530 3001 107 75 caufes
1654 3001 69 75 that
1740 3001 53 75 are
1810 3001 120 75 merely
1942 3001 187 75 fortuitous.

1323 3046 65 75 But
1401 3046 42 75 no
1455 3046 199 75 experiment
1667 3046 57 75 can
1736 3046 39 75 be
1788 3046 91 75 made
1892 3046 79 75 with
1984 3046 61 75 any
2057 3046 117 75 degYee
2186 3046 41 75 of
2233 3046 74 75 can-

1274 3095 61 75 dor
1351 3095 85 75 upon
1452 3095 258 75 hermaphrodite
1726 3095 139 75 flowers.
1896 3095 57 75 No
1969 3095 74 75 man
2060 3095 57 75 can
2129 3095 178 75 determine
2228 3135 81 75 with
