2381 3327
445 125 225 75 ALB

1015 125 20 75 (
1095 125 17 75 7

121 195 115 75 except
252 195 65 75 two
332 195 33 75 in
380 195 57 75 the
460 195 119 75 middle
603 195 106 75 which
736 195 54 75 are
817 195 111 75 white,
953 195 63 75 and
1037 195 56 75 the

113 241 109 75 throat
247 241 63 75 and
337 241 102 75 bread
466 241 54 75 are
548 241 176 75 yellowiih.
784 241 33 75 5.
841 241 77 75 The
944 241 148 75 trivialis,

115 287 106 75 whofe
244 287 91 75 chief
353 287 141 75 feathers
511 287 42 75 on
570 287 55 75 the
641 287 56 75 tail
716 287 52 75 are
786 287 123 75 brown,
933 287 77 75 only
1025 287 74 75 half

112 332 40 75 of
163 332 55 75 the
236 332 173 75 outermoft
424 332 27 75 is
468 332 110 75 white,
604 332 63 75 and
682 332 55 75 the
753 332 116 75 feqond
892 332 26 75 is
946 332 96 75 white
1060 332 34 75 at

112 378 55 75 the
184 378 73 75 end,
284 378 32 75 in
341 378 55 75 the
413 378 91 75 fliape
522 378 39 75 of
574 378 18 75 a
607 378 111 75 wedge
730 378 9 75 ;
768 378 92 75 there
877 378 26 75 is
920 378 138 75 likewife
1075 378 20 75 a

107 424 119 75 double
243 424 125 75 whitilh
384 424 64 75 line
472 424 43 75 on
531 424 56 75 the
602 424 115 75 wings,
767 424 33 75 it
826 424 26 75 is
882 424 18 75 a
927 424 107 75 native
1058 424 41 75 of

110 470 149 75 Sweden,
286 470 63 75 and
365 470 133 75 perches
514 470 42 75 on
573 470 54 75 the
651 470 72 75 tops
751 470 41 75 of
810 470 96 75 trees.
956 470 35 75 6.
1015 470 78 75 The

111 516 145 75 criftata;
283 516 55 75 the
365 516 91 75 chief
483 516 216 75 tail-feathers
727 516 55 75 are
812 516 106 75 black,
953 516 59 75 but
1036 516 56 75 the

108 563 67 75 two
191 563 174 75 outermoft
383 563 52 75 are
463 563 104 75 edged
592 563 79 75 with
698 563 110 75 white,
838 563 62 75 and
927 563 55 75 the
1009 563 84 75 head

105 609 28 75 is
150 609 135 75 crefted.
334 609 34 75 It
388 609 26 75 is
431 609 19 75 a
468 609 107 75 native
591 609 41 75 of
643 609 141 75 Europe.
838 609 32 75 7.
894 609 78 75 The
985 609 105 75 fpino-

103 655 96 75 letta,
226 655 58 75 the
300 655 92 75 chief
403 655 212 75 tail-feathers
633 655 53 75 are
707 655 107 75 black,
839 655 78 75 only
940 655 56 75 the
1018 655 72 75 out-

105 701 80 75 moft
213 701 65 75 two
294 701 54 75 are
363 701 167 75 obliquely
545 701 74 75 half
631 701 110 75 white.
799 701 32 75 It
847 701 26 75 is
892 701 18 75 a
925 701 107 75 native
1055 701 41 75 of

108 747 100 75 Italy.
258 747 34 75 8.
316 747 78 75 The
411 747 139 75 alpeftris
566 747 10 75 ;
604 747 55 75 the
676 747 91 75 chief
778 747 241 75 wing-feathers
1036 747 53 75 are

103 794 76 75 half
190 794 110 75 white,
326 794 55 75 the
394 794 109 75 throat
515 794 130 75 yellow,
664 794 63 75 and
738 794 25 75 it
780 794 58 75 has
851 794 18 75 a
880 794 94 75 black
986 794 103 75 ftreak

103 839 103 75 under
222 839 57 75 the
295 839 73 75 eyes
394 839 63 75 and
475 839 41 75 on
539 839 56 75 the
618 839 115 75 bread.
783 839 33 75 It
838 839 26 75 is
889 839 18 75 a
930 839 107 75 native
1054 839 42 75 of

103 887 50 75 N.
171 887 165 75 America.
387 887 34 75 9.
446 887 77 75 The
540 887 125 75 raagna,
683 887 26 75 is
727 887 118 75 yellow
860 887 43 75 on
920 887 54 75 the
986 887 101 75 belly,

104 932 79 75 with
201 932 19 75 a
238 932 143 75 crooked
407 932 95 75 black
526 932 104 75 dreak
654 932 41 75 on
725 932 55 75 the
805 932 113 75 bread,
943 932 63 75 and
1033 932 56 75 the

102 978 91 75 three
208 978 220 75 lide-feathers
445 978 41 75 of
501 978 57 75 the
575 978 56 75 tail
648 978 110 75 white.
808 978 32 75 It
856 978 27 75 is
901 978 18 75 a
935 978 106 75 native
1053 978 41 75 of

102 1024 116 75 Africa
233 1024 63 75 and
311 1024 163 75 America.

56 1070 169 75 Alauda
244 1070 144 75 marina,
414 1070 85 75 dint,
516 1070 38 75 or
568 1070 226 75 water-ouzel,
819 1070 33 75 in
868 1070 219 75 ornithology,

103 1116 39 75 an
166 1116 141 75 obfolete
327 1116 90 75 name
445 1116 41 75 of
508 1116 19 75 a
549 1116 118 75 fpecies
694 1116 40 75 of
756 1116 218 75 the'durnus.
1025 1116 63 75 See

104 1162 197 75 Sturnus.

54 1209 181 75 Alaujja,
260 1209 32 75 in
304 1209 226 75 ichthyology,
556 1209 40 75 an
612 1209 142 75 obfolete
770 1209 91 75 name
879 1209 40 75 of
931 1209 18 75 a
964 1209 121 75 fpecies

102 1254 39 75 of
152 1254 55 75 the
231 1254 158 75 blennius.
440 1254 62 75 Scc
519 1254 217 75 Blennius.

58 1301 211 75 ALAUSA,
294 1301 32 75 in
341 1301 224 75 ichthyology.
615 1301 62 75 See
694 1301 145 75 Alosa.

57 1347 218 75 ALAUTA,
301 1347 19 75 a
346 1347 211 75 confiderable
586 1347 81 75 river
690 1347 39 75 of
746 1347 120 75 Turky
890 1347 32 75 in
940 1347 144 75 Europe,

100 1392 119 75 which,
248 1392 85 75 after
347 1392 157 75 watering
525 1392 54 75 the
597 1392 175 75 north-ead
788 1392 72 75 part
880 1392 40 75 of
929 1392 156 75 Tranfyl-

101 1439 104 75 vania,
222 1439 63 75 and
297 1439 72 75 part
380 1439 39 75 of
426 1439 195 75 Wallachia,
639 1439 72 75 falls
726 1439 69 75 into
812 1439 55 75 the
885 1439 138 75 Danube
1040 1439 45 75 ai-

99 1485 79 75 med
193 1485 140 75 oppofite
349 1485 35 75 to
400 1485 181 75 Nicopolis.

54 1531 110 75 ALB,
194 1531 38 75 or
249 1531 118 75 Albe,
393 1531 31 75 in
442 1531 54 75 the
517 1531 129 75 Romirti
665 1531 134 75 church,
825 1531 18 75 a
869 1531 155 75 vedment
1049 1531 43 75 of

102 1577 98 75 white
215 1577 86 75 linen
313 1577 141 75 hanging
471 1577 94 75 down
582 1577 35 75 to
634 1577 85 75 their
736 1577 79 75 feet,
834 1577 62 75 and
912 1577 172 75 anfwering

101 1623 35 75 to
153 1623 54 75 the
224 1623 134 75 furplice
377 1623 40 75 of
428 1623 60 75 our
504 1623 122 75 clergy.
676 1623 37 75 In
738 1623 55 75 the
809 1623 125 75 ancient
950 1623 132 75 church,

103 1667 26 75 it
152 1667 34 75 w'
186 1667 32 75 as
244 1667 102 75 ufual,
371 1667 79 75 with
474 1667 91 75 thofe
581 1667 105 75 newly
702 1667 163 75 baptized,
892 1667 34 75 to
943 1667 86 75 wear
1045 1667 39 75 an

101 1711 64 75 alb,
191 1711 38 75 or
245 1711 98 75 white
359 1711 174 75 vedment;
560 1711 62 75 and
645 1711 100 75 hence
772 1711 55 75 the
853 1711 132 75 Sunday
1001 1711 83 75 after

101 1758 98 75 eader
215 1758 66 75 was
299 1758 102 75 called
414 1758 164 75 dominica
595 1758 34 75 in
646 1758 97 75 albis,
769 1758 41 75 on
827 1758 134 75 account
978 1758 40 75 of
1028 1758 56 75 the

107 1805 67 75 albs
193 1805 88 75 worn
298 1805 44 75 by
357 1805 90 75 thofe
464 1805 141 75 baptifed
621 1805 41 75 on
678 1805 191 75 eader-day.

54 1850 81 75 Alb
152 1850 27 75 is
195 1850 65 75 alfo
277 1850 55 75 the
343 1850 92 75 name
450 1850 41 75 of
501 1850 18 75 a
533 1850 141 75 Turkilh
692 1850 84 75 coin,
795 1850 167 75 otherwife
979 1850 103 75 called

101 1897 104 75 afper.
256 1897 61 75 See
333 1897 142 75 Asper.

52 1945 132 75 ALBA
191 1945 114 75 finna,
331 1945 37 75 or
385 1945 154 75 Album,
564 1945 33 75 in
617 1945 60 75 our
696 1945 55 75 old
769 1945 146 75 cudoms,
941 1945 140 75 denoted

98 1989 71 75 rent
189 1989 71 75 paid
274 1989 32 75 in
318 1989 103 75 filver,
447 1989 63 75 and
525 1989 56 75 not
597 1989 33 75 in
651 1989 88 75 corn,
764 1989 106 75 which
887 1989 64 75 was
971 1989 106 75 called

99 2035 202 75 black-mail.

53 2081 107 75 Alba
178 2081 107 75 terra,
311 2081 60 75 one
388 2081 39 75 of
446 2081 55 75 the
518 2081 169 75 numerous
708 2081 106 75 names
832 2081 51 75 for
898 2081 56 75 the
974 2081 106 75 philo-

98 2127 140 75 fophers
255 2127 98 75 done.

53 2174 309 75 ALBAHURIM,
379 2174 115 75 figura
508 2174 62 75 fen
573 2174 55 75 dec
630 2174 44 75 ini
698 2174 155 75 laterum,
879 2174 18 75 a
921 2174 101 75 figure
1046 2174 42 75 of

99 2219 90 75 great
206 2219 195 75 importance
418 2219 170 75 according
603 2219 35 75 to
661 2219 198 75 adrological
884 2219 194 75 phyficians,

101 2265 73 75 who
191 2265 81 75 built
289 2265 84 75 their
388 2265 195 75 prognodics
601 2265 42 75 on
659 2265 39 75 it.

52 2311 331 75 ALBANENSES,
408 2311 32 75 in
453 2311 270 75 church-hidory,
746 2311 56 75 the
818 2311 84 75 fame
918 2311 82 75 with
1010 2311 68 75 Al-

101 2356 153 75 bigenfes.
304 2356 61 75 See
382 2356 260 75 Albigenses.

56 2404 200 75 ALBANI,
281 2404 31 75 in
333 2404 127 75 Roman
478 2404 172 75 antiquity,
676 2404 18 75 a
718 2404 122 75 college
862 2404 41 75 of
919 2404 54 75 the
980 2404 97 75 falii,

99 2448 36 75 or
152 2448 109 75 prieds
278 2448 40 75 of
328 2448 106 75 Mars,
458 2448 36 75 fo
510 2448 104 75 called
630 2448 85 75 from
731 2448 112 75 mount
860 2448 145 75 Alhanus
1021 2448 57 75 the

99 2495 88 75 place
206 2495 40 75 of
258 2495 85 75 their
359 2495 169 75 refidence.
580 2495 61 75 See
660 2495 126 75 Salii.

52 2541 232 75 ALBikNIA,
310 2541 19 75 a
352 2541 151 75 province
529 2541 39 75 of
581 2541 118 75 Turky
721 2541 31 75 in
777 2541 144 75 Europe,
945 2541 134 75 fituated

100 2585 41 75 on
159 2585 54 75 the
233 2585 140 75 ead-fide
390 2585 39 75 of
440 2585 55 75 the
511 2585 100 75 gulph
633 2585 39 75 of
684 2585 134 75 Venice.

51 2633 214 75 ALBANO,
291 2633 18 75 a
319 2633 86 75 town
423 2633 40 75 of
474 2633 98 75 Italy,
589 2633 32 75 in
637 2633 55 75 the
705 2633 185 75 Campagna
906 2633 32 75 di
955 2633 120 75 Roma,

99 2677 98 75 about
211 2677 115 75 twelve
342 2677 91 75 miles
446 2677 172 75 fouth-ead
630 2677 38 75 of
675 2677 118 75 Rome,
814 2677 103 75 13.0.
934 2677 141 75 E.long.

102 2725 55 75 41.
177 2725 56 75 35.
259 2725 47 75 N.
322 2725 60 75 lat.

53 2770 205 75 ALBANS,
283 2770 38 75 or
338 2770 50 75 St
407 2770 167 75 Albans,
600 2770 19 75 a
645 2770 87 75 town
761 2770 39 75 of
823 2770 252 75 Hertfordthire,

100 2815 131 75 fituated
247 2815 97 75 about
361 2815 43 75 20
416 2815 90 75 miles
523 2815 187 75 north-wed
727 2815 41 75 of
777 2815 152 75 London.
978 2815 32 75 It
1026 2815 50 75 re-

98 2860 89 75 turns
210 2860 65 75 two
291 2860 156 75 members
464 2860 36 75 to
515 2860 199 75 parliament,
740 2860 62 75 and
818 2860 87 75 gives
930 2860 54 75 the
1001 2860 74 75 title

100 2904 40 75 of
158 2904 80 75 duke
264 2904 36 75 to
323 2904 55 75 the
406 2904 103 75 noble
534 2904 113 75 family
663 2904 40 75 of
719 2904 188 75 Beauclerc,
936 2904 55 75 51.
1018 2904 57 75 40.

99 2953 48 75 N.
167 2953 58 75 lat.

1124 131 22 75 5
1206 131 21 75 )

1571 131 228 75 ALB

1144 188 258 75 ALBANUM,
1428 188 20 75 a
1464 188 81 75 term
1561 188 78 75 ufed
1662 188 43 75 by
1722 188 84 75 fome
1822 188 146 75 chemids
1986 188 52 75 for
2058 188 62 75 fait
2136 188 43 75 of

1191 232 102 75 urine.

1141 279 211 75 ALBANY,
1382 279 18 75 a
1416 279 87 75 town
1520 279 41 75 of
1575 279 48 75 N.
1641 279 163 75 America,
1832 279 33 75 in
1889 279 55 75 the
1961 279 151 75 province
2136 279 41 75 of

1188 324 204 75 New-York,
1417 324 136 75 fmiated
1568 324 42 75 on
1628 324 163 75 Hudfons
1809 324 95 75 river,
1922 324 33 75 in
1975 324 56 75 74.
2049 324 36 75 o.
2108 324 62 75 W.

1188 370 87 75 long,
1301 370 63 75 and
1382 370 58 75 43.
1458 370 36 75 o.
1520 370 47 75 N.
1589 370 59 75 lat.

1140 417 213 75 ALBARA,
1378 417 116 75 among
1517 417 188 75 phyficians,
1730 417 20 75 a
1765 417 175 75 malignant
1955 417 80 75 itch,
2061 417 111 75 nearly

1188 462 96 75 allied
1299 462 36 75 to
1351 462 56 75 the
1423 462 140 75 leprofy.

1140 510 296 75 ALBARAZIN',
1455 510 19 75 a
1483 510 87 75 town
1587 510 40 75 of
1636 510 114 75 Spain,
1768 510 32 75 in
1812 510 56 75 the
1885 510 151 75 kingdom
2054 510 40 75 of
2104 510 66 75 Ar-

1186 555 111 75 ragon,
1322 555 136 75 fituated
1473 555 84 75 upon
1575 555 56 75 the
1648 555 83 75 river
1747 555 213 75 Guadalavir,
1986 555 99 75 about
2107 555 62 75 one

1186 601 148 75 hundred
1349 601 63 75 and
1428 601 53 75 ten
1498 601 91 75 miles
1606 601 63 75 ead
1686 601 40 75 of
1736 601 147 75 Madrid.

1139 649 351 75 ALBARDEOLA,
1516 649 31 75 in
1571 649 218 75 ornithology.
1839 649 62 75 See
1918 649 225 75 Platalea.

1138 695 262 75 ALBARIUM
1418 695 87 75 opus,
1531 695 31 75 in
1579 695 128 75 Roman
1724 695 175 75 antiquity,
1924 695 20 75 a
1959 695 78 75 kind
2049 695 40 75 of
2101 695 67 75 pla-

1184 739 62 75 der
1268 739 93 75 made
1375 739 40 75 of
1426 739 85 75 mere
1527 739 88 75 lime,
1640 739 77 75 ufed
1733 739 51 75 for
1797 739 151 75 covering
1964 739 56 75 the
2036 739 133 75 ceilings

1185 784 39 75 of
1238 784 128 75 houfes.

1136 832 186 75 ALBATI
1346 832 86 75 equi,
1457 832 39 75 an
1513 832 192 75 appellation
1732 832 95 75 given
1843 832 35 75 to
1894 832 77 75 fuch
1988 832 121 75 horfes,
2134 832 34 75 in

1185 878 54 75 the
1258 878 108 75 games
1383 878 41 75 of
1435 878 55 75 the
1507 878 125 75 ancient
1649 878 116 75 circus,
1790 878 35 75 as
1850 878 86 75 wore
1953 878 97 75 white
2066 878 102 75 furni-

1183 924 84 75 ture,
1301 924 32 75 in
1362 924 300 75 condradiltindlion
1690 924 84 75 from
1803 924 55 75 the
1885 924 121 75 veneti,
2025 924 141 75 praftni,

1185 969 63 75 and
1262 969 122 75 ruffeti.
1434 969 61 75 See
1513 969 168 75 Veneti,
1706 969 179 75 Prasini,
1910 969 66 75 <bc.

1136 1018 229 75 ALBAZIN,
1391 1018 19 75 a
1431 1018 88 75 town
1539 1018 39 75 of
1590 1018 141 75 Greater
1746 1018 156 75 Tartary,
1929 1018 79 75 with
2025 1018 19 75 a
2058 1018 108 75 drong

1184 1064 92 75 cadle
1291 1064 9 75 :
1328 1064 32 75 It
1372 1064 26 75 is
1411 1064 134 75 fituated
1561 1064 85 75 upon
1658 1064 55 75 the
1731 1064 82 75 river
1827 1064 117 75 Amur,
1961 1064 38 75 or
2010 1064 155 75 Yamour,

1183 1110 32 75 in
1235 1110 56 75 54.
1308 1110 36 75 o.
1370 1110 40 75 of
1423 1110 48 75 N.
1489 1110 59 75 lat.
1573 1110 62 75 and
1650 1110 133 75 belongs
1796 1110 35 75 to
1843 1110 276 75 theMufcovites.

1136 1156 143 75 ALBE,
1304 1156 20 75 a
1340 1156 89 75 fmall
1446 1156 89 75 piece
1563 1156 40 75 of
1625 1156 127 75 money,
1779 1156 128 75 current
1924 1156 32 75 in
1983 1156 183 75 Germany,

1182 1201 106 75 worth
1304 1201 78 75 only
1406 1201 18 75 a
1446 1201 126 75 French
1588 1201 46 75 fol
1652 1201 61 75 and
1729 1201 93 75 feven
1838 1201 137 75 deniers.

1134 1249 273 75 ALBELLUS,
1444 1249 33 75 in
1499 1249 219 75 ornithology,
1751 1249 56 75 the
1834 1249 106 75 trivial
1964 1249 93 75 name
2084 1249 40 75 of
2146 1249 20 75 a

1180 1294 117 75 fpecies
1315 1294 40 75 of
1366 1294 55 75 the
1440 1294 140 75 mergus.
1631 1294 61 75 See
1709 1294 184 75 Mergus.

1135 1341 318 75 ALBEMARLE,
1479 1341 19 75 a
1513 1341 88 75 town
1617 1341 41 75 of
1670 1341 136 75 France,
1833 1341 32 75 in
1889 1341 56 75 the
1960 1341 152 75 province
2129 1341 43 75 of

1182 1387 202 75 Normandy,
1410 1387 87 75 from
1512 1387 130 75 whence
1659 1387 55 75 the
1731 1387 95 75 noble
1847 1387 112 75 family
1975 1387 41 75 of
2037 1387 128 75 Keppel

1181 1432 89 75 takes
1283 1432 55 75 the
1354 1432 72 75 title
1442 1432 40 75 of
1493 1432 78 75 earl,
1590 1432 31 75 in
1634 1432 34 75 2.
1681 1432 36 75 o.
1731 1432 43 75 E.
1787 1432 90 75 long.
1897 1432 57 75 49.
1969 1432 58 75 45.
2045 1432 117 75 N.lat.

1133 1478 239 75 Albemarle
1398 1478 26 75 is
1442 1478 65 75 alfo
1523 1478 56 75 the
1597 1478 92 75 nanys
1705 1478 41 75 of
1763 1478 56 75 the
1835 1478 80 75 mod
1931 1478 167 75 northerly
2113 1478 49 75 di-

1180 1527 83 75 dria
1280 1527 39 75 of
1330 1527 48 75 N.
1396 1527 164 75 Carolina.
1610 1527 61 75 See
1688 1527 220 75 Carolina.

1132 1571 250 75 ALBENGA,
1407 1571 19 75 a
1441 1571 140 75 fea-port
1597 1571 87 75 town
1708 1571 40 75 of
1768 1571 87 75 Italy
1876 1571 135 75 fituated
2035 1571 43 75 on
2104 1571 58 75 the

1178 1619 275 75 Mediterranean,
1479 1619 97 75 about
1592 1619 110 75 fifteen
1717 1619 91 75 miles
1825 1619 176 75 north-ead
2021 1619 40 75 of
2072 1619 89 75 One-

1179 1666 76 75 glia.

1131 1712 273 75 ALBERTUS,
1422 1712 19 75 a
1456 1712 76 75 gold
1545 1712 84 75 coin,
1646 1712 106 75 worth
1765 1712 97 75 about
1874 1712 148 75 fourteen
2034 1712 127 75 French

1178 1756 115 75 livres:
1315 1756 26 75 it
1358 1756 66 75 was
1436 1756 114 75 coined
1570 1756 116 75 during
1697 1756 56 75 the
1773 1756 249 75 adminidration
2042 1756 41 75 of
2096 1756 64 75 Al-

1178 1802 107 75 bertus
1303 1802 161 75 archduke
1481 1802 41 75 of
1531 1802 142 75 Audria.

1131 1851 221 75 ALBESIA,
1377 1851 32 75 in
1437 1851 174 75 antiquity,
1637 1851 18 75 a
1682 1851 79 75 kind
1785 1851 41 75 of
1847 1851 115 75 fliields
1990 1851 168 75 otherwife

1180 1895 101 75 called
1298 1895 191 75 decumana.
1539 1895 62 75 See
1618 1895 240 75 Decumana.

1130 1943 280 75 ALBICILLA,
1446 1943 32 75 in
1504 1943 220 75 ornithology,
1749 1943 55 75 the
1828 1943 107 75 trivial
1962 1943 92 75 name
2076 1943 41 75 of
2139 1943 20 75 a

1177 1989 115 75 fpecies
1310 1989 40 75 of
1368 1989 54 75 the
1439 1989 99 75 falco.
1587 1989 61 75 See
1665 1989 146 75 Falco.

1129 2036 318 75 ALBIGENSES,
1473 2036 32 75 in
1522 2036 268 75 church-hidory,
1816 2036 18 75 a
1849 2036 62 75 fe&
1927 2036 42 75 of
1980 2036 177 75 Chridians

1176 2080 105 75 which
1299 2080 157 75 appeared
1470 2080 33 75 in
1519 2080 55 75 the
1596 2080 78 75 12th
1692 2080 62 75 and
1771 2080 78 75 13th
1863 2080 168 75 centuries.
2056 2080 101 75 They

1177 2128 52 75 are
1246 2128 120 75 ranked
1383 2128 115 75 among
1521 2128 55 75 the
1597 2128 125 75 grofled
1738 2128 150 75 heretics,
1913 2128 55 75 the
1985 2128 170 75 Maniche-

1175 2174 67 75 ans,
1261 2174 43 75 by
1321 2174 128 75 Roman
1466 2174 185 75 Catholics;
1670 2174 85 75 from
1766 2174 106 75 which
1885 2174 116 75 charge
2013 2174 142 75 Proted-

1176 2220 69 75 ants
1262 2220 163 75 generally
1442 2220 109 75 acquit
1567 2220 99 75 them,
1692 2220 122 75 though
1831 2220 80 75 with
1927 2220 86 75 fome
2035 2220 118 75 limita-

1175 2266 80 75 tion.
1306 2266 62 75 See
1387 2266 278 75 Manicheans.

1221 2313 48 75 At
1286 2313 55 75 the
1358 2313 77 75 time
1454 2313 40 75 of
1505 2313 55 75 the
1576 2313 238 75 Reformation,
1832 2313 91 75 thofe
1940 2313 40 75 of
1990 2313 55 75 the
2056 2313 98 75 Albi-

1174 2359 107 75 genfes
1298 2359 74 75 who
1395 2359 161 75 remained
1572 2359 171 75 embraced
1759 2359 187 75 Calvinifm.

1126 2405 244 75 Albigenses
1388 2405 26 75 is
1432 2405 63 75 alfo
1519 2405 19 75 a
1560 2405 91 75 name
1667 2405 192 75 fometimes,
1883 2405 124 75 though
2032 2405 119 75 impro-

1173 2451 102 75 perly,
1300 2451 76 75 ufed
1392 2451 51 75 for
1463 2451 17 75 a
1496 2451 62 75 fed
1581 2451 88 75 more
1690 2451 122 75 ufually
1828 2451 117 75 known
1962 2451 44 75 by
2028 2451 71 75 that
2116 2451 42 75 of

1173 2497 191 75 Waldenfes.
1414 2497 61 75 See
1490 2497 176 75 Walden
1677 2497 77 75 ses.

1126 2544 273 75 ALBIGEOIS,
1425 2544 19 75 a
1459 2544 88 75 fmall
1564 2544 118 75 didrid
1705 2544 44 75 of
1756 2544 120 75 France
1902 2544 31 75 in
1957 2544 56 75 the
2036 2544 114 75 higher

1173 2589 209 75 Languedoc,
1405 2589 181 75 containing
1612 2589 58 75 the
1690 2589 142 75 diocefes
1852 2589 41 75 of
1908 2589 80 75 Albi
2005 2589 62 75 and
2083 2589 68 75 Ca-

1174 2635 87 75 dres.

1125 2682 145 75 ALBII,
1296 2682 31 75 in
1355 2682 269 75 church-hidory,
1649 2682 56 75 the
1733 2682 84 75 fame
1844 2682 79 75 with
1942 2682 204 75 Albigenfes.

1174 2728 60 75 See
1250 2728 261 75 Albigenses.

1124 2776 225 75 ALBINOS,
1373 2776 56 75 the
1440 2776 91 75 name
1554 2776 45 75 by
1614 2776 107 75 which
1736 2776 56 75 the
1803 2776 198 75 Portuguefe
2018 2776 60 75 call
2089 2776 59 75 the

1171 2820 97 75 white
1283 2820 127 75 Moors,
1436 2820 73 75 who
1529 2820 51 75 2re
1592 2820 118 75 looked
1728 2820 86 75 upon
1829 2820 44 75 by
1889 2820 54 75 the
1960 2820 132 75 negroes
2110 2820 36 75 as

1171 2867 163 75 monders.
1382 2867 98 75 They
1498 2867 52 75 are
1573 2867 56 75 the
1656 2867 75 75 ilfue
1755 2867 40 75 of
1817 2867 19 75 a
1863 2867 98 75 white
1986 2867 71 75 man
2081 2867 64 75 and

1172 2914 92 75 black
1280 2914 135 75 woman,
1442 2914 62 75 and
1523 2914 33 75 at
1580 2914 18 75 a
1625 2914 137 75 didanee
1784 2914 104 75 might
1910 2914 40 75 be
1973 2914 95 75 taken
2092 2914 54 75 for

1172 2959 207 75 Europeans;
1406 2959 69 75 but,
1501 2959 92 75 when
1621 2959 65 75 you
1713 2959 90 75 come
1830 2959 75 75 near
1932 2959 100 75 them,
2060 2959 86 75 their

2045 3011 100 75 white
