2443 3377
570 152 210 75 API

1126 152 21 75 (
1206 152 47 75 33

193 220 88 75 hive.
329 220 78 75 The
425 220 104 75 queen
545 220 63 75 and
627 220 130 75 drones,
781 220 75 75 who
868 220 97 75 never
982 220 113 75 colleft
1106 220 74 75 wax
1196 220 34 75 in

196 266 65 75 this
278 266 141 75 manner,
436 266 82 75 have
534 266 42 75 no
589 266 75 75 fuch
681 266 119 75 cavity.
848 266 78 75 The
942 266 87 75 belly
1045 266 39 75 of
1096 266 57 75 the
1169 266 59 75 bee

195 312 28 75 is
240 312 131 75 divided
385 312 68 75 into
470 312 45 75 fix
536 312 87 75 rings
640 312 37 75 or
689 312 114 75 joints.
851 312 40 75 In
907 312 56 75 the
987 312 97 75 infide
1110 312 42 75 of
1173 312 57 75 the

196 360 89 75 belly
308 360 90 75 there
415 360 26 75 is
459 360 19 75 a
494 360 88 75 fmall
599 360 133 75 bladder
748 360 38 75 or
802 360 166 75 refervoir,
994 360 33 75 in
1050 360 105 75 which
1173 360 56 75 the

197 406 106 75 honey
319 406 26 75 is
364 406 167 75 colle&ed,
556 406 85 75 after
662 406 117 75 having
794 406 107 75 paffed
918 406 140 75 through
1083 406 55 75 the
1154 406 75 75 pro-

196 452 103 75 bofcis
316 452 63 75 and
395 452 19 75 a
429 452 126 75 narrow
570 452 72 75 pipe
658 452 106 75 which
791 452 74 75 runs
893 452 142 75 through
1063 452 55 75 the
1146 452 85 75 head

196 500 65 75 and
278 500 114 75 bread.
440 500 85 75 This
542 500 147 75 bladder,
713 500 93 75 when
817 500 61 75 full
894 500 41 75 of
945 500 121 75 honey,
1089 500 28 75 is
1134 500 99 75 about

198 548 55 75 the
270 548 63 75 fize
352 548 41 75 of
403 548 19 75 a
438 548 89 75 fmall
541 548 73 75 pea.
660 548 78 75 The
754 548 80 75 ding
845 548 27 75 is
888 548 112 75 fituate
1011 548 34 75 at
1055 548 56 75 the
1124 548 125 75 extre-.

197 598 82 75 jnity
294 598 40 75 of
345 598 56 75 the
417 598 108 75 belly:
552 598 33 75 It
601 598 27 75 is
655 598 19 75 a
697 598 105 75 horny
826 598 172 75 fubdanee,
1023 598 64 75 and
1111 598 122 75 hollow

198 641 125 75 within,
347 641 51 75 for
413 641 215 75 tranfmitting
644 641 56 75 the
716 641 174 75 venomous
913 641 121 75 liquor,
1051 641 106 75 which
1173 641 58 75 lies

197 689 32 75 in
253 689 18 75 a
287 689 133 75 bladder
438 689 76 75 near
528 689 56 75 the
600 689 91 75 anus,
715 689 69 75 into
800 689 55 75 the
871 689 130 75 wound.
1050 689 76 75 The
1150 689 81 75 ding

195 735 29 75 js
242 735 162 75 generally
420 735 60 75 left
501 735 33 75 in
551 735 57 75 the
624 735 131 75 wound,
780 735 64 75 and
859 735 184 75 frequently
1059 735 104 75 draws
1180 735 48 75 af-

197 783 51 75 ter
266 783 27 75 it
313 783 55 75 the
384 783 200 75 poifon-bag.

243 829 49 75 As
308 829 56 75 the
381 829 167 75 mellefica,
573 829 37 75 or
626 829 195 75 honey-bee,
845 829 28 75 is
895 829 81 75 both
993 829 40 75 an
1047 829 103 75 ufeful
1177 829 49 75 in-

196 876 75 75 fe<d,
296 876 62 75 and
379 876 156 75 endowed
557 876 78 75 with
664 876 141 75 peculiar
821 876 150 75 indindts,
996 876 49 75 we
1062 876 75 75 lhall
1154 876 72 75 give

197 923 18 75 a
230 923 173 75 particular
420 923 135 75 account
571 923 40 75 of
622 923 42 75 its
680 923 112 75 nature
808 923 63 75 and
887 923 181 75 ceconomy.

243 969 76 75 The
336 969 102 75 queen
456 969 26 75 is
499 969 56 75 the
571 969 76 75 only
672 969 115 75 female
809 969 32 75 in
870 969 19 75 a
914 969 93 75 hive;
1043 969 50 75 (he
1120 969 39 75 is'
1175 969 50 75 di-

196 1015 190 75 dinguidied
402 1015 84 75 from
503 1015 55 75 the
574 1015 109 75 others
700 1015 43 75 by
758 1015 96 75 being
876 1015 107 75 taller,
1014 1015 89 75 more
1127 1015 40 75 of
1186 1015 40 75 an

197 1063 120 75 pblong
333 1063 111 75 figure,
470 1063 61 75 and
547 1063 118 75 having
681 1063 53 75 ten
749 1063 101 75 joints
866 1063 32 75 in
914 1063 79 75 each
1010 1063 120 75 feeler..
1159 1063 66 75 She

195 1110 28 75 is
239 1110 140 75 likewife
401 1110 159 75 furnifired
576 1110 79 75 with
672 1110 18 75 a
706 1110 92 75 ding.
856 1110 77 75 The
949 1110 78 75 fuci,
1052 1110 110 75 males,
1188 1110 38 75 or

194 1155 130 75 drones,
342 1155 53 75 are
411 1155 181 75 commonly
608 1155 97 75 about
726 1155 88 75 1600
830 1155 33 75 in
879 1155 19 75 a
913 1155 94 75 hive;
1039 1155 78 75 they
1143 1155 84 75 have

195 1204 43 75 no
254 1204 91 75 ding,
371 1204 62 75 and
449 1204 84 75 their
549 1204 114 75 feelers
690 1204 81 75 have
799 1204 109 75 eleven
921 1204 115 75 joints.
1084 1204 76 75 The
1189 1204 35 75 o-

194 1251 143 75 perafias,
374 1251 167 75 fpadones,
581 1251 37 75 or
650 1251 146 75 working
830 1251 88 75 bees,
959 1251 53 75 are
1044 1251 180 75 fometimes

196 1299 129 75 20,000
342 1299 31 75 in
391 1299 16 75 a
427 1299 95 75 hive;
548 1299 78 75 they
647 1299 81 75 have
749 1299 109 75 fifteen
871 1299 101 75 joints
989 1299 32 75 in
1038 1299 83 75 their
1144 1299 78 75 feel-

194 1345 63 75 ers,
283 1345 63 75 and
358 1345 53 75 are
423 1345 110 75 armed
548 1345 77 75 with
643 1345 109 75 (tings.

242 1391 99 75 After
365 1391 19 75 a
406 1391 72 75 new
499 1391 114 75 fwarm
630 1391 26 75 is
680 1391 138 75 formed,
842 1391 57 75 the
914 1391 76 75 bees
1006 1391 217 75 immediately

194 1438 93 75 begin
305 1438 35 75 to
356 1438 85 75 form
458 1438 84 75 their
557 1438 91 75 cells.
696 1438 98 75 They
810 1438 94 75 begin
921 1438 84 75 their
1022 1438 88 75 work
1124 1438 33 75 at
1168 1438 55 75 the

194 1486 98 75 upper
309 1486 71 75 part
397 1486 40 75 of
448 1486 55 75 the
519 1486 85 75 hive,
630 1486 64 75 and
711 1486 147 75 continue
880 1486 26 75 it
922 1486 213 75 downwards,
1160 1486 63 75 and

194 1533 86 75 fiom
296 1533 60 75 one
374 1533 62 75 fide
453 1533 35 75 to
514 1533 55 75 the
585 1533 106 75 other.
741 1533 32 75 It
794 1533 28 75 is
845 1533 58 75 not
926 1533 73 75 eafy
1021 1533 35 75 to
1079 1533 144 75 difcover

193 1578 56 75 the
268 1578 172 75 particular
457 1578 131 75 manner
615 1578 40 75 of
676 1578 84 75 their
784 1578 168 75 working;
981 1578 65 75 for,
1071 1578 152 75 notwith-

194 1627 143 75 ftanding
354 1627 55 75 the
434 1627 95 75 many
557 1627 217 75 contrivances
803 1627 76 75 ufed
906 1627 54 75 for
987 1627 63 75 this
1076 1627 147 75 purpofe,

168 1673 2 75 ,
191 1673 100 75 there,
299 1673 53 75 are
367 1673 77 75 foch
457 1673 147 75 numbers
620 1673 32 75 in
670 1673 159 75 continual
846 1673 135 75 motion,
1007 1673 63 75 and
1091 1673 134 75 fucceed

192 1719 60 75 one
269 1719 136 75 another
421 1719 78 75 with
516 1719 76 75 fuch
619 1719 152 75 rapidity,
797 1719 70 75 that
884 1719 136 75 nothing
1035 1719 59 75 but
1111 1719 111 75 confu-

192 1767 66 75 fion
273 1767 131 75 appears
420 1767 36 75 to
475 1767 56 75 the
548 1767 92 75 fight.
690 1767 98 75 Some
809 1767 41 75 of
869 1767 89 75 them
974 1767 150 75 however
1139 1767 82 75 have

192 1813 79 75 been
287 1813 153 75 obferved
456 1813 147 75 carYying
620 1813 102 75 pieces
740 1813 38 75 of
791 1813 73 75 wax
875 1813 32 75 in
919 1813 84 75 their
1019 1813 116 75 talons,
1160 1813 63 75 and

193 1861 135 75 running
343 1861 35 75 to
396 1861 54 75 the
466 1861 106 75 places
589 1861 107 75 where
712 1861 78 75 they
818 1861 52 75 are
887 1861 33 75 at
937 1861 102 75 work,
1063 1861 86 75 upon
1167 1861 55 75 the

193 1908 122 75 combs.
362 1908 108 75 TheCe
487 1908 76 75 they
580 1908 98 75 fallen
695 1908 35 75 to
749 1908 55 75 the
820 1908 91 75 work
926 1908 44 75 by
986 1908 107 75 means
1114 1908 39 75 of
1168 1908 55 75 the

192 1955 84 75 fame
293 1955 119 75 talons.
460 1955 92 75 Each
569 1955 59 75 bee
652 1955 26 75 is
702 1955 169 75 employed
899 1955 57 75 but
986 1955 18 75 a
1036 1955 77 75 very
1137 1955 86 75 (hort

194 2001 79 75 time
287 2001 43 75 in.
336 2001 64 75 this
418 2001 73 75 .way
503 2001 11 75 ;
532 2001 58 75 but
602 2001 91 75 fhere
709 2001 26 75 is
753 2001 33 75 fo
798 2001 124 75 great.a
933 2001 133 75 number
1083 2001 46 75 of
1133 2001 89 75 them

193 2048 70 75 that
276 2048 41 75 go
334 2048 41 75 on
390 2048 33 75 in
441 2048 18 75 a
475 2048 141 75 condant
631 2048 176 75 fucceflion,
833 2048 71 75 that
921 2048 55 75 the
992 2048 93 75 comb
1101 2048 121 75 increa-

194 2095 47 75 les
265 2095 78 75 vevy
367 2095 208 75 perceptibly.
624 2095 130 75 Befides
782 2095 101 75 thefe,
916 2095 90 75 there
1034 2095 52 75 are
1111 2095 110 75 others

195 2142 75 75 that
293 2142 58 75 run
374 2142 98 75 about
496 2142 127 75 beating
647 2142 56 75 the
726 2142 89 75 work
840 2142 79 75 with
936 2142 83 75 their
1036 2142 99 75 wings
1161 2142 63 75 and

196 2189 54 75 the
266 2189 114 75 hinder
396 2189 71 75 part
479 2189 43 75 pf
533 2189 84 75 their
634 2189 100 75 body,
758 2189 157 75 probably
930 2189 78 75 with
1033 2189 20 75 a
1078 2189 82 75 view
1194 2189 28 75 -O

194 2235 93 75 make
302 2235 26 75 it
352 2235 88 75 more
457 2235 70 75 firrtl
544 2235 61 75 and
622 2235 93 75 folid.

241 2283 76 75 The
337 2283 95 75 order
458 2283 78 75 they
551 2283 130 75 obferve
708 2283 33 75 in
767 2283 56 75 the
840 2283 214 75 .condruftion
1077 2283 41 75 of
1139 2283 85 75 their

197 2328 75 75 cells
289 2328 27 75 is
332 2328 85 75 this:
444 2328 98 75 They
559 2328 93 75 begin
666 2328 78 75 with
762 2328 107 75 laying
885 2328 55 75 the
957 2328 91 75 bails,
1073 2328 104 75 which
1196 2328 25 75 is

197 2373 167 75 compofed
380 2373 41 75 of
431 2373 91 75 three
539 2373 179 75 rhombuss
745 2373 38 75 or
799 2373 164 75 lozenges.
1010 2373 101 75 They
1131 2373 92 75 build

196 2422 64 75 fird
277 2422 60 75 one
355 2422 39 75 of
405 2422 54 75 the
477 2422 193 75 rhombuss,
695 2422 62 75 and
773 2422 87 75 draw
878 2422 85 75 faces
981 2422 41 75 on
1046 2422 65 75 two
1128 2422 41 75 of
1181 2422 41 75 its

195 2468 101 75 sides;
322 2468 78 75 they
416 2468 77 75 then
508 2468 63 75 add
592 2468 20 75 a
635 2468 116 75 fecond
772 2468 152 75 rhombus
940 2468 35 75 to
998 2468 55 75 the
1075 2468 65 75 fird
1156 2468 31 75 in
1205 2468 19 75 a

178 2516 6 75 '
195 2516 118 75 certain
330 2516 197 75 inclination,
552 2516 62 75 and
630 2516 90 75 draw
743 2516 64 75 two
830 2516 70 75 new
921 2516 85 75 faces
1030 2516 41 75 on
1091 2516 42 75 its
1157 2516 67 75 two

197 2564 79 75 fides
289 2564 10 75 ;
326 2564 74 75 and,
433 2564 56 75 lad
505 2564 40 75 of
556 2564 56 75 all,
635 2564 79 75 they
730 2564 63 75 add
810 2564 18 75 a
843 2564 88 75 third
947 2564 153 75 rhqmbus
1116 2564 36 75 to
1168 2564 56 75 the

196 2608 67 75 two
285 2608 77 75 fird,
394 2608 62 75 and
479 2608 45 75 rai
539 2608 18 75 e
580 2608 41 75 on
649 2608 56 75 the
731 2608 65 75 two
819 2608 145 75 external
988 2608 79 75 fides
1092 2608 40 75 of
1158 2608 65 75 this

196 2656 153 75 rhombus
368 2656 39 75 tw
407 2638 3 49 ;
410 2656 22 75 o
442 2656 93 75 other
551 2656 85 75 faces
649 2656 10 75 ;
677 2656 106 75 which
799 2656 173 75 completes
988 2656 56 75 the
1056 2656 60 75 cell
1133 2656 40 75 of
1185 2656 38 75 an

197 2702 180 75 hexagonal
394 2702 112 75 figure.

244 2748 121 75 Whild
382 2748 70 75 part
484 2748 40 75 of
542 2748 55 75 the
623 2748 74 75 bees
720 2748 53 75 are
797 2748 151 75 occupied
966 2748 31 75 in
1014 2748 139 75 forming
1169 2748 56 75 the

198 2796 89 75 cells,
312 2796 109 75 others
450 2796 53 75 are
528 2796 169 75 employed
720 2796 32 75 in
780 2796 174 75 pevfedting
981 2796 62 75 and
1069 2796 154 75 polilhing

198 2846 88 75 thofe
303 2846 70 75 that
389 2846 53 75 are
459 2846 256 75 new-modelled.
751 2846 87 75 This
855 2846 163 75 operation
1029 2846 26 75 is
1067 2846 156 75 perform-

200 2890 36 75 ed
254 2890 45 75 by
325 2890 85 75 their
424 2890 116 75 talons,
566 2890 108 75 taking
690 2890 51 75 off
752 2890 202 75 everything
981 2890 72 75 that
1079 2890 27 75 is
1123 2890 102 75 rough

201 2936 61 75 and
281 2936 134 75 uneven.
470 2936 108 75 Thefe
605 2936 149 75 pohfhers
783 2936 52 75 are
857 2936 57 75 not
942 2936 33 75 fo
1002 2936 163 75 defultory
1192 2936 31 75 in

199 2982 83 75 their
299 2982 179 75 operations
496 2982 33 75 as
545 2982 90 75 thofe
652 2982 70 75 that
739 2982 89 75 make
846 2982 55 75 the
918 2982 97 75 cells;
1042 2982 78 75 they
1132 2982 92 75 work

204 3031 73 75 long
293 3031 63 75 and
371 3031 180 75 diligently,
576 3031 94 75 never
688 3031 211 75 intermitting
914 3031 83 75 their
1014 3031 126 75 labour,
1163 3031 59 75 ex-

1269 154 15 75 2
1343 154 20 75 )

1724 154 211 75 API

1276 214 130 75 cepting
1432 214 36 75 to
1493 214 95 75 carry
1603 214 58 75 out
1677 214 39 75 of
1739 214 55 75 the
1821 214 62 75 cell
1911 214 57 75 the
1994 214 151 75 particles
2169 214 41 75 of
2231 214 75 75 wax

1277 262 106 75 which
1396 262 77 75 they
1484 262 74 75 take
1574 262 52 75 off
1638 262 30 75 in
1680 262 168 75 poliflring.
1889 262 110 75 Thefe
2015 262 149 75 particles
2182 262 53 75 are
2251 262 58 75 not

1277 308 135 75 allowed
1430 308 35 75 to
1480 308 40 75 be
1537 308 80 75 lod;
1636 308 108 75 others
1758 308 53 75 are
1825 308 98 75 ready
1933 308 35 75 to
1981 308 122 75 receive
2119 308 89 75 them
2223 308 86 75 from

1277 356 55 75 the
1348 356 167 75 polifirers,
1540 356 63 75 and
1619 356 35 75 to
1670 356 129 75 employ
1815 356 89 75 them
1920 356 32 75 in
1968 356 86 75 fome
2070 356 96 75 other
2186 356 73 75 part
2274 356 40 75 of

1279 402 55 75 the
1351 402 102 75 work.

1326 450 90 75 Each
1444 450 93 75 comb
1565 450 57 75 has
1638 450 67 75 two
1720 450 84 75 rows
1821 450 41 75 of
1877 450 78 75 ceils
1970 450 140 75 oppofite
2126 450 36 75 to
2178 450 77 75 each
2272 450 37 75 o-

1279 497 85 75 ther,
1390 497 105 75 which
1512 497 81 75 have
1621 497 84 75 their
1735 497 148 75 common
1899 497 101 75 bafes.
2048 497 78 75 The
2147 497 161 75 thicknefs

1279 544 41 75 of
1330 544 96 75 every
1442 544 93 75 comb
1551 544 27 75 is
1601 544 179 75 fomething
1798 544 60 75 lefs
1882 544 79 75 than
1985 544 39 75 an
2052 544 87 75 inch,
2165 544 61 75 and
2251 544 57 75 the

1279 590 97 75 depth
1393 590 42 75 of
1445 590 56 75 the
1517 590 77 75 cells
1617 590 27 75 is
1672 590 99 75 about
1797 590 61 75 five
1885 590 92 75 lines.
2036 590 127 75 Almod
2186 590 42 75 all
2251 590 57 75 the

1279 638 108 75 combs
1415 638 54 75 are
1485 638 82 75 built
1582 638 80 75 with
1686 638 76 75 cells
1783 638 41 75 of
1844 638 64 75 this
1925 638 82 75 fize;
2033 638 115 75 except
2176 638 19 75 a
2217 638 90 75 fmall

1277 685 133 75 number
1425 685 41 75 of
1480 685 18 75 a
1513 685 106 75 larger
1633 685 91 75 kind,
1749 685 70 75 that
1836 685 52 75 are
1904 685 142 75 dedined
2060 685 53 75 for
2124 685 54 75 the
2191 685 116 75 Worms

1276 731 70 75 that
1363 731 139 75 produce
1517 731 129 75 drones.

1321 779 76 75 The
1412 779 89 75 bafes
1517 779 41 75 of
1576 779 41 75 all
1635 779 55 75 the
1711 779 110 75 combs
1846 779 54 75 are
1923 779 112 75 placed
2059 779 34 75 at
2115 779 76 75 fuch
2215 779 20 75 a
2256 779 51 75 di-

1274 827 102 75 ftance
1393 827 84 75 from
1489 827 60 75 one
1561 827 145 75 another,
1724 827 82 75 that,
1824 827 94 75 when
1933 827 56 75 the
2001 827 77 75 cells
2095 827 53 75 are
2163 827 144 75 finiihed,

1275 873 89 75 there
1380 873 27 75 is
1424 873 77 75 only
1517 873 19 75 a
1548 873 90 75 fpace
1655 873 59 75 left
1730 873 155 75 fufficient
1900 873 53 75 for
1968 873 56 75 the
2039 873 123 75 paflage
2181 873 40 75 of
2239 873 69 75 two

1274 920 73 75 bees
1369 920 131 75 abread.
1548 920 109 75 Thefe
1682 920 110 75 combs
1816 920 53 75 are
1886 920 56 75 not
1959 920 174 75 continued
2147 920 84 75 from
2249 920 58 75 top

1274 967 35 75 to
1328 967 138 75 bottom,
1490 967 58 75 but
1561 967 53 75 are
1637 967 89 75 often
1744 967 210 75 interrupted,
1979 967 62 75 and
2056 967 82 75 have
2153 967 154 75 openings

1274 1014 85 75 from
1375 1014 60 75 one
1445 1014 122 75 pafiage
1583 1014 34 75 to
1635 1014 145 75 another,
1805 1014 105 75 which
1926 1014 72 75 give
2015 1014 18 75 a
2048 1014 89 75 more
2154 1014 73 75 eafy
2243 1014 64 75 and

1273 1061 123 75 diorter
1412 1061 280 75 communication.

1321 1108 75 75 The
1412 1108 178 75 queen-bee
1613 1108 29 75 i^
1664 1108 164 75 generally
1842 1108 171 75 concealed
2037 1108 32 75 in
2091 1108 57 75 the
2163 1108 79 75 mod
2258 1108 47 75 fe-

1273 1153 67 75 fcret
1356 1153 72 75 part
1443 1153 41 75 of
1502 1153 55 75 the
1572 1153 86 75 hive,
1684 1153 63 75 and
1768 1153 27 75 is
1818 1153 95 75 never
1934 1153 107 75 vifible
2065 1153 57 75 but
2144 1153 92 75 when
2253 1153 54 75 (1

1272 1199 68 75 lays
1366 1199 58 75 her
1446 1199 77 75 eggs
1546 1199 33 75 in
1600 1199 78 75 fuch
1702 1199 110 75 combs
1837 1199 32 75 as
1898 1199 54 75 are
1974 1199 141 75 expofed
2147 1199 35 75 to
2210 1199 94 75 fight.

1271 1246 111 75 When
1398 1246 52 75 (he
1467 1246 77 75 does
1568 1246 127 75 appear,
1719 1246 52 75 (lie
1787 1246 26 75 is
1834 1246 118 75 always
1968 1246 152 75 attended
2135 1246 45 75 by
2195 1246 55 75 ten
2267 1246 39 75 or

1273 1293 18 75 a
1306 1293 103 75 dozen
1427 1293 39 75 of
1477 1293 56 75 the
1550 1293 146 75 common
1712 1293 78 75 fort,
1809 1293 73 75 who
1899 1293 84 75 form
1995 1293 29 75 a'
2024 1293 81 75 kind
2116 1293 40 75 of
2167 1293 136 75 retinue,

1272 1340 62 75 and
1349 1340 111 75 follow
1482 1340 59 75 her
1561 1340 199 75 where-ever
1783 1340 52 75 (he
1861 1340 77 75 goes
1962 1340 79 75 with
2069 1340 19 75 a
2110 1340 107 75 fedate
2241 1340 63 75 and

1271 1388 95 75 grave
1382 1388 104 75 tread.
1533 1388 119 75 Befor*
1667 1388 52 75 (he
1735 1388 70 75 lays
1815 1388 59 75 her
1889 1388 89 75 eggs,
2001 1388 52 75 (he
2069 1388 162 75 examines
2247 1388 58 75 the

1272 1435 76 75 cells
1365 1435 107 75 where
1491 1435 52 75 (He
1555 1435 123 75 defigns
1694 1435 36 75 to
1745 1435 52 75 lay
1814 1435 87 75 them
1913 1435 11 75 ;
1950 1435 63 75 and
2028 1435 30 75 if
2068 1435 51 75 (he
2136 1435 80 75 finds
2232 1435 73 75 that

1270 1482 77 75 they
1372 1482 128 75 contain
1524 1482 125 75 neither
1672 1482 118 75 honey,
1814 1482 87 75 wax,
1926 1482 60 75 nor
2009 1482 62 75 any
2092 1482 134 75 embrio,
2251 1482 53 75 (lie

1266 1529 188 75 -introduces
1478 1529 55 75 the
1556 1529 153 75 poderior
1738 1529 74 75 part
1836 1529 40 75 of
1902 1529 58 75 her
1984 1529 88 75 body
2095 1529 68 75 into
2186 1529 18 75 a
2227 1529 74 75 cell,

1272 1575 62 75 and
1350 1575 80 75 fixes
1447 1575 36 75 to
1495 1575 55 75 the
1568 1575 126 75 bottom
1709 1575 41 75 of
1768 1575 27 75 it
1811 1575 19 75 a
1837 1575 93 75 fmall
1943 1575 96 75 white
2055 1575 73 75 egg,
2152 1575 106 75 which
2275 1575 28 75 is

1272 1621 169 75 compofed
1457 1621 40 75 of
1516 1621 19 75 a
1558 1621 70 75 thin
1652 1621 98 75 white
1772 1621 193 75 membrane,
1992 1621 59 75 full
2075 1621 40 75 of
2134 1621 19 75 a
2176 1621 126 75 whitifh

1271 1669 118 75 liquor.
1426 1669 38 75 In
1480 1669 65 75 this
1562 1669 130 75 manner
1707 1669 51 75 (he
1775 1669 76 75 goes
1867 1669 54 75 on,
1939 1669 50 75 till
2005 1669 51 75 (lie
2071 1669 61 75 fills
2154 1669 35 75 as
2206 1669 97 75 many

1273 1715 75 75 cells
1367 1715 32 75 as
1416 1715 52 75 (he
1484 1715 58 75 has
1564 1715 77 75 eggs
1665 1715 35 75 to
1725 1715 65 75 lay,
1814 1715 104 75 which
1945 1715 54 75 are
2022 1715 163 75 generally
2206 1715 96 75 many

1273 1762 186 75 thoufands.
1508 1762 98 75 After
1629 1762 55 75 the
1708 1762 77 75 eggs
1809 1762 41 75 lie
1874 1762 73 75 four
1970 1762 79 75 days
2071 1762 33 75 in
2128 1762 55 75 the
2210 1762 91 75 cells,

1271 1808 77 75 they
1364 1808 115 75 appear
1494 1808 31 75 in
1542 1808 56 75 the
1614 1808 84 75 form
1722 1808 40 75 of
1780 1808 88 75 fmall
1885 1808 195 75 caterpillars
2093 1808 10 75 ;
2128 1808 63 75 and
2206 1808 105 75 gene^

1273 1855 81 75 rally
1365 1855 48 75 ,lie
1425 1855 123 75 twided
1566 1855 114 75 round,
1706 1855 33 75 fo
1756 1855 69 75 that
1837 1855 56 75 the
1909 1855 65 75 two
1990 1855 198 75 extremities
2204 1855 99 75 touch

1271 1901 76 75 each
1365 1901 106 75 other.
1521 1901 24 75 7
1555 1901 41 75 he
1607 1901 74 75 bees
1699 1901 77 75 then
1791 1901 112 75 fupply
1917 1901 89 75 them
2018 1901 77 75 with
2114 1901 18 75 a
2147 1901 83 75 little
2241 1901 68 75 ho-

1272 1949 60 75 ney
1350 1949 51 75 for
1413 1949 91 75 food,
1528 1949 55 75 ;he
1600 1949 148 75 quantity
1759 1949 40 75 of
1816 1949 105 75 which
1939 1949 78 75 they
2032 1949 138 75 increafe
2183 1949 49 75 till
2246 1949 55 75 the

1271 1994 109 75 eighth
1397 1994 64 75 day
1477 1994 85 75 from
1575 1994 55 75 the
1642 1994 87 75 birth
1751 1994 41 75 of
1802 1994 55 75 the
1874 1994 193 75 caterpillar.
2109 1994 97 75 After
2222 1994 89 75 this,"

1271 2042 54 75 the
1343 2042 72 75 bees
1432 2042 143 75 difcover
1591 2042 42 75 no
1657 2042 89 75 more
1770 2042 72 75 care
1866 2042 99 75 about
1987 2042 84 75 their
2087 2042 129 75 young;
2242 2042 60 75 but

1271 2089 66 75 dop
1350 2089 41 75 up
1405 2089 57 75 the
1478 2089 129 75 mouths
1623 2089 42 75 of
1682 2089 56 75 the
1755 2089 76 75 cells
1848 2089 80 75 with
1939 2089 86 75 wax.
2074 2089 76 75 The
2162 2089 139 75 embrios

1270 2136 42 75 lie
1329 2136 31 75 in
1377 2136 64 75 this
1458 2136 77 75 (late
1551 2136 115 75 twelve
1681 2136 92 75 days,
1798 2136 115 75 during
1929 2136 104 75 which
2049 2136 77 75 time
2145 2136 85 75 they,
2240 2136 60 75 un-

1269 2183 100 75 dergo
1380 2183 167 75 furprifing
1558 2183 151 75 changes.
1744 2183 98 75 They
1851 2183 63 75 fird
1926 2183 121 75 change
2058 2183 84 75 their
2153 2183 147 75 fituation

1270 2229 32 75 in
1318 2229 55 75 the
1390 2229 91 75 cells,
1506 2229 60 75 and
1583 2229 118 75 indead
1717 2229 40 75 of
1776 2229 94 75 being
1886 2229 101 75 rolled
2004 2229 54 75 up,
2082 2229 78 75 they
2180 2229 122 75 extend

1270 2276 189 75 themfelves
1487 2276 107 75 along,
1636 2276 62 75 and
1724 2276 90 75 pl^ce
1840 2276 84 75 their
1950 2276 98 75 heads
2076 2276 140 75 towards
2244 2276 58 75 the

1270 2323 111 75 mouth
1395 2323 39 75 of
1452 2323 55 75 the
1525 2323 80 75 cell;
1632 2323 84 75 after
1732 2323 75 75 this,
1833 2323 55 75 the
1904 2323 82 75 head
1997 2323 40 75 of
2056 2323 54 75 the
2126 2323 101 75 worm
2244 2323 56 75 be-

1270 2371 69 75 gins
1360 2371 34 75 to
1410 2371 80 75 have
1507 2371 19 75 a
1544 2371 89 75 fmall
1650 2371 175 75 extenfion,
1850 2371 105 75 which
1972 2371 27 75 is
2015 2371 56 75 the
2087 2371 159 75 rudiment
2265 2371 42 75 of

1268 2416 55 75 the
1339 2416 181 75 probofeis:
1547 2416 99 75 Upon
1661 2416 55 75 the
1733 2416 81 75 head
1839 2416 90 75 there
1954 2416 26 75 is
2004 2416 138 75 likewife
2163 2416 21 75 a
2206 2416 95 75 black

1270 2464 101 75 point,
1397 2464 61 75 and
1475 2464 33 75 at
1532 2464 18 75 a
1574 2464 83 75 little
1681 2464 138 75 didance
1843 2464 85 75 from
1951 2464 63 75 this
2039 2464 102 75 point,
2165 2464 19 75 a
2206 2464 96 75 black

1271 2511 100 75 dreak
1389 2511 84 75 upon
1492 2511 54 75 the
1569 2511 103 75 back:
1698 2511 77 75 The
1800 2511 65 75 fird
1888 2511 184 75 lineaments
2097 2511 41 75 of
2156 2511 55 75 the
2234 2511 66 75 feet

1269 2557 138 75 likewife
1424 2557 135 75 appear;
1584 2557 59 75 but
1659 2557 76 75 they
1748 2557 52 75 are
1811 2557 79 75 very
1901 2557 100 75 fmall.
2042 2557 99 75 After
2151 2557 55 75 the
2217 2557 84 75 head

1270 2605 26 75 is
1319 2605 144 75 formed,,
1482 2605 62 75 and
1568 2605 55 75 the
1646 2605 161 75 probofeis
1831 2605 203 75 lengthened,
2060 2605 43 75 all
2127 2605 55 75 the
2205 2605 95 75 other

1270 2651 88 75 parts
1373 2651 122 75 difplay
1510 2651 187 75 themfelves
1721 2651 217 75 fucceflively;
1964 2651 35 75 fo
2022 2651 71 75 that
2109 2651 65 75 .the
2194 2651 107 75 whole

1270 2699 100 75 worm
1385 2699 39 75 or
1446 2699 122 75 embrio
1590 2699 26 75 is
1640 2699 144 75 changed
1807 2699 70 75 into
1901 2699 38 75 an
1962 2699 118 75 aurelia
2103 2699 38 75 or
2164 2699 135 75 nymph,

1272 2745 103 75 which
1393 2745 27 75 is
1437 2745 55 75 the
1508 2745 44 75 fly
1564 2745 109 75 almod
1690 2745 130 75 perfeft,
1838 2745 114 75 except
1963 2745 70 75 that
2049 2745 25 75 it
2091 2745 26 75 is
2133 2745 53 75 yet
2202 2745 99 75 white

1271 2792 62 75 and
1348 2792 75 75 foft,
1440 2792 63 75 and
1518 2792 100 75 wants
1632 2792 70 75 that
1717 2792 176 75 crud'with
1905 2792 104 75 which
2025 2792 26 75 it
2066 2792 28 75 is
2110 2792 189 75 afterwards

1271 2838 145 75 covered.
1465 2838 53 75 By
1534 2838 64 75 this
1615 2838 259 75 transformation
1887 2838 56 75 the
1958 2838 100 75 worm
2074 2838 25 75 is
2118 2838 134 75 dripped
2264 2838 41 75 of

1271 2886 18 75 a
1304 2886 98 75 white
1418 2886 67 75 thin
1504 2886 137 75 pellicle,
1665 2886 106 75 which
1788 2886 133 75 adheres
1943 2886 35 75 to
2002 2886 55 75 the
2081 2886 78 75 fides
2184 2886 42 75 of
2244 2886 71 75 the"

1270 2933 73 75 cell.
1389 2933 77 75 The
1478 2933 107 75 young
1600 2933 59 75 bee
1674 2933 95 75 being
1785 2933 135 75 dripped
1935 2933 42 75 of
1995 2933 64 75 this
2076 2933 136 75 pellicle,
2237 2933 63 75 and

1269 2980 44 75 all
1335 2980 61 75 thy
1418 2980 84 75 parts
1528 2980 94 75 being
1645 2980 155 75 unfolded
1827 2980 43 75 by
1894 2980 145 75 degrees,
2070 2980 62 75 and
2155 2980 144 75 changed

1269 3025 140 75 through
1425 3025 160 75 fuccdfive
1601 3025 129 75 colours
1747 3025 83 75 from
1852 3025 116 75 yellow
1990 3025 36 75 to
2048 3025 106 75 black,
2180 3025 117 75 arrives
