2498 3377
772 161 41 75 A
900 161 44 75 N
1031 161 44 75 N
1161 161 44 75 U

266 231 77 75 The
356 231 94 75 value
467 231 40 75 of
518 231 19 75 a
549 231 99 75 direft
663 231 211 75 prefentation
890 231 27 75 is
929 231 55 75 the
996 231 82 75 fame
1090 231 33 75 as
1139 231 71 75 that
1222 231 40 75 of

216 277 62 75 any
294 277 98 75 other
415 277 134 75 annuity
565 277 52 75 for
632 277 71 75 life,
729 277 62 75 and
806 277 27 75 is
858 277 101 75 found
983 277 53 75 for
1064 277 11 75 i
1098 277 25 75 1.
1141 277 44 75 by
1200 277 55 75 the

216 323 57 75 the
290 323 86 75 table
390 323 8 75 :
427 323 107 75 which
550 323 97 75 being
664 323 180 75 multiplied
859 323 44 75 by
918 323 56 75 the
991 323 110 75 yearly
1117 323 137 75 income,

216 371 88 75 gives
316 371 56 75 the
389 371 93 75 value
498 371 128 75 fought.

245 417 135 75 .Prob.
403 417 33 75 5.
484 417 56 75 To
556 417 66 75 find
640 417 53 75 the
709 417 93 75 value
818 417 41 75 of
877 417 19 75 a
917 417 157 75 reverfion
1098 417 52 75 for
1166 417 86 75 ever,

215 464 86 75 after
311 464 66 75 two
393 464 165 75 fucceflive
575 464 101 75 lives;
702 464 38 75 or
755 464 35 75 to
806 464 67 75 find
889 464 54 75 the
960 464 93 75 value
1070 464 40 75 of
1121 464 18 75 a
1154 464 100 75 living

215 511 151 75 after'the
382 511 97 75 death
496 511 42 75 of
554 511 56 75 the
622 511 125 75 prefent
759 511 181 75 incumbent
954 511 61 75 and
1025 511 49 75 his
1087 511 164 75 fucceflbr.

262 557 126 75 Rule.
436 557 54 75 By
509 557 101 75 Prob.
626 557 33 75 3.
683 557 67 75 find
765 557 56 75 the
835 557 93 75 value
944 557 41 75 of
1002 557 56 75 the
1075 557 120 75 longeft
1217 557 42 75 of

215 605 56 75 the
287 605 66 75 two
369 605 93 75 lives,
487 605 63 75 and
573 605 137 75 fubtraiS
733 605 71 75 that
820 605 93 75 value
928 605 85 75 from
1031 605 55 75 the
1108 605 93 75 value
1217 605 41 75 of

214 651 56 75 the
282 651 195 75 perpetuity,
495 651 63 75 and
566 651 56 75 the
635 651 176 75 remainder
823 651 66 75 will
901 651 39 75 be
953 651 56 75 the
1020 651 92 75 value
1123 651 127 75 fought.

262 696 151 75 Examp.
463 696 47 75 A,
535 696 82 75 aged
636 696 55 75 jo,
717 696 112 75 enjoys
856 696 38 75 an
919 696 96 75 eftate
1040 696 37 75 or
1102 696 99 75 living
1217 696 41 75 of

219 745 66 75 100
301 745 26 75 1.
340 745 61 75 per
417 745 143 75 annum-,
586 745 43 75 B,
647 745 82 75 aged
748 745 56 75 30,
822 745 26 75 is
860 745 128 75 intitled
1000 745 35 75 to
1050 745 50 75 his
1116 745 136 75 lifetime

216 790 45 75 of
274 790 56 75 the
347 790 82 75 fame
445 790 95 75 eftate
561 790 82 75 after
659 790 61 75 A’s
736 790 96 75 death
844 790 10 75 ;
881 790 63 75 and
959 790 27 75 it
1002 790 26 75 is
1045 790 156 75 propofed
1216 790 35 75 to

214 837 57 75 fell
287 837 56 75 the
355 837 95 75 eftate
463 837 64 75 juft
543 837 73 75 now
627 837 80 75 with
719 837 56 75 the
788 837 121 75 burden
921 837 41 75 of
971 837 33 75 A
1021 837 63 75 and
1100 837 58 75 B’s
1172 837 78 75 lives

214 883 43 75 on
272 883 46 75 it:
344 883 105 75 What
464 883 27 75 is
510 883 54 75 the
580 883 156 75 reverfion
748 883 118 75 worth,
885 883 173 75 reckoning
1074 883 128 75 intereft
1217 883 34 75 at

209 932 28 75 ,4
248 932 61 75 per
323 932 86 75 cent.
422 932 20 75 ?

258 1024 53 75 By
328 1024 56 75 the
401 1024 97 75 table,
523 1024 61 75 A's
601 1024 56 75 life
670 1024 41 75 of
731 1024 95 75 jots,
899 1024 14 75 -
985 1024 14 75 -
1067 1024 104 75 11.34

526 1069 58 75 B’s
601 1069 56 75 life
670 1069 40 75 of
732 1069 43 75 30
787 1069 40 75 is,
900 1069 15 75 -

1066 1069 102 75 14.68

946 1161 91 75 Sum,
1064 1161 104 75 26.02

260 1210 102 75 Value
378 1210 41 75 of
438 1210 85 75 their
541 1210 85 75 joint
641 1210 92 75 lives,
758 1210 101 75 found
874 1210 44 75 by

228 1257 7 75 ,
304 1257 101 75 Prob.
425 1257 33 75 2.
484 1257 83 75 Cafe
582 1257 33 75 2.
633 1257 47 75 js.

257 1304 104 75 Value
373 1304 40 75 of
430 1304 56 75 the
502 1304 121 75 longeft
639 1304 70 75 life.

259 1350 97 75 From
364 1350 60 75 the
440 1350 93 75 value
549 1350 40 75 of
604 1350 55 75 the
671 1350 195 75 perpetuity.

259 1442 152 75 Remains
428 1442 56 75 the
500 1442 92 75 value
605 1442 40 75 of
665 1442 13 75 1
698 1442 24 75 1.
736 1442 168 75 reverfion,

686 1486 157 75 Multiply
859 1486 43 75 by

257 1581 112 75 Value
380 1581 41 75 of
439 1581 55 75 the
511 1581 169 75 reverfion,

260 1628 117 75 Prob.
396 1628 45 75 6..
479 1628 57 75 To
548 1628 65 75 find
624 1628 56 75 the
696 1628 92 75 value
804 1628 42 75 of
863 1628 55 75 the
938 1628 85 75 joint
1039 1628 208 75 continuance

211 1673 40 75 of
270 1673 90 75 three
372 1673 91 75 lives,
490 1673 61 75 one
562 1673 57 75 life
631 1673 124 75 failing,
780 1673 55 75 the
847 1673 131 75 annuity
990 1673 35 75 to
1042 1673 99 75 ceafe.

259 1720 124 75 Rule.
432 1720 85 75 Find
532 1720 55 75 the
599 1720 96 75 fingle
710 1720 108 75 values
836 1720 40 75 of
894 1720 55 75 the
962 1720 89 75 three
1067 1720 84 75 live&
1162 1720 85 75 from

212 1766 56 75 the
283 1766 108 75 table;
416 1766 150 75 multiply
583 1766 86 75 thefe
689 1766 96 75 fingle
808 1766 109 75 values
934 1766 209 75 continually,
1168 1766 77 75 call-

212 1812 54 75 ing
282 1812 55 75 the
361 1812 97 75 refult
481 1812 56 75 the
560 1812 133 75 produift
717 1812 41 75 of
777 1812 55 75 the
855 1812 91 75 three
970 1812 100 75 lives;
1096 1812 150 75 multiply

210 1859 73 75 that
299 1859 132 75 product
443 1859 44 75 by
498 1859 55 75 the
566 1859 126 75 intejeft
708 1859 41 75 of
764 1859 11 75 1
794 1859 23 75 1.
844 1859 60 75 and
918 1859 71 75 that
1006 1859 133 75 produdl
1152 1859 92 75 again

210 1905 45 75 by
271 1905 34 75 2,
329 1905 117 75 calling
461 1905 56 75 the
532 1905 98 75 refult
646 1905 54 75 the
717 1905 119 75 double
860 1905 155 75 product;
1042 1905 90 75 then,
1157 1905 87 75 from

210 1953 55 75 the
281 1953 68 75 fum
370 1953 41 75 of
428 1953 55 75 the
499 1953 119 75 feveral
642 1953 148 75 products
815 1953 40 75 of
873 1953 55 75 the
944 1953 92 75 lives,
1057 1953 95 75 taken
1176 1953 66 75 two

208 1999 64 75 and
287 1999 79 75 two,
390 1999 138 75 fubtrad
540 1999 54 75 the
604 1999 119 75 double
735 1999 133 75 produd
878 1999 11 75 ;
915 1999 107 75 divide
1038 1999 55 75 the
1109 1999 134 75 produdl

211 2044 39 75 of
268 2044 55 75 the
335 2044 90 75 three
441 2044 79 75 lives
531 2044 45 75 by
591 2044 55 75 the
663 2044 190 75 remainder,
877 2044 63 75 and
955 2044 56 75 the
1027 2044 81 75 quot
1125 2044 65 75 will
1202 2044 41 75 be

212 2089 54 75 the
282 2089 93 75 value
390 2089 42 75 of
442 2089 56 75 the
514 2089 91 75 three
618 2089 85 75 joint
714 2089 94 75 lives.

260 2135 150 75 Examp.
460 2135 32 75 A
517 2135 27 75 is
573 2135 39 75 18
637 2135 93 75 years
755 2135 40 75 of
814 2135 70 75 age,
909 2135 30 75 B
959 2135 56 75 34,
1041 2135 61 75 and
1123 2135 29 75 C
1176 2135 64 75 56:

212 2181 104 75 What
331 2181 27 75 is
371 2181 55 75 the
441 2181 92 75 value
549 2181 41 75 of
607 2181 84 75 their
710 2181 86 75 joint
810 2181 93 75 lives,
929 2181 172 75 reckoning
1118 2181 127 75 intereft

213 2227 32 75 at
258 2227 21 75 4
291 2227 61 75 per
367 2227 85 75 cent.
465 2227 19 75 ?
604 2227 20 75 <

259 2274 53 75 By
335 2274 56 75 the
415 2274 98 75 table,
538 2274 55 75 the
610 2274 92 75 value
724 2274 41 75 of
782 2274 66 75 A’a
861 2274 63 75 dife
950 2274 28 75 is
1010 2274 91 75 16.1,
1127 2274 40 75 of
1185 2274 59 75 B’s

217 2323 115 75 1-4.12,
357 2323 62 75 and
435 2323 40 75 of
494 2323 58 75 C’s
573 2323 116 75 10.01.

621 2484 197 75 ANN

212 2584 228 75 ANNUITY
463 2584 43 75 of
519 2584 118 75 tiinds,
662 2584 33 75 in
713 2584 94 75 Scots
824 2584 74 75 law,
924 2584 18 75 a
969 2584 119 75 certain
1106 2584 132 75 propor-

258 2630 67 75 tion
343 2630 40 75 of
394 2630 55 75 the
465 2630 103 75 tiends
581 2630 40 75 of
631 2630 124 75 erecfted
771 2630 153 75 benefices
936 2630 154 75 formerly
1106 2630 133 75 payable

258 2676 34 75 to
308 2676 56 75 the
384 2676 120 75 crown,
529 2676 57 75 but
604 2676 72 75 now
697 2676 81 75 gone
794 2676 70 75 into
879 2676 111 75 difufe.

211 2723 256 75 ANNULAR,
492 2723 32 75 in
541 2723 19 75 a
576 2723 127 75 general
717 2723 98 75 fenfe,
840 2723 177 75 fomething
1032 2723 33 75 in
1081 2723 56 75 the
1153 2723 84 75 form

258 2769 46 75 of,
329 2769 37 75 or
391 2769 190 75 refembling
598 2769 17 75 a
637 2769 81 75 ring.
768 2769 32 75 It
816 2769 109 75 is-alfo
947 2769 18 75 a
981 2769 240 75 peculiandeno'
1221 2769 15 75 -

257 2815 155 75 mination
436 2815 51 75 for
511 2815 54 75 the
589 2815 112 75 fourth
720 2815 113 75 finger,
859 2815 181 75 commonly
1057 2815 103 75 called
1183 2815 56 75 the

258 2860 205 75 ring-finger.

209 2908 291 75 ANNULATA,
523 2908 32 75 in
574 2908 152 75 zoology,
751 2908 39 75 an
806 2908 140 75 obfolete
963 2908 91 75 name
1071 2908 40 75 of
1133 2908 20 75 a
1167 2908 68 75 fpe-

259 2955 62 75 cies
338 2955 40 75 of
388 2955 142 75 coluber.
581 2955 61 75 See
659 2955 198 75 Coluber.

210 3001 253 75 ANNULET,
487 3001 31 75 in
532 3001 220 75 archite&ure,
779 3001 18 75 a
813 3001 88 75 fmall
917 3001 113 75 fquare
1046 3001 140 75 member
1201 3001 33 75 in

258 3049 55 75 the
328 3049 106 75 Doric
450 3049 128 75 capital,
604 3049 99 75 under
719 3049 55 75 the
790 3049 262 75 quarter-round.

1293 159 16 75 I
1394 159 39 75 T
1517 159 18 75 I
1624 159 34 75 E
1747 159 41 75 S.

1311 226 73 75 16.1
1400 226 29 75 X
1442 226 101 75 14.12
1556 226 29 75 X
1602 226 98 75 10.01
1715 226 36 75 =
1763 226 143 75 2275.6,
1931 226 134 75 produft
2082 226 39 75 of
2133 226 54 75 the
2206 226 18 75 3
2242 226 93 75 lives.

1839 285 58 75 £4

1760 330 131 75 91.024

1791 376 35 75 _
1866 376 20 75 2

1738 431 162 75 182.048,
1924 431 120 75 double
2059 431 147 75 produ<ft.
2220 431 6 75 •

1349 475 112 75 Produ'
1461 475 27 75 fl
1508 475 40 75 of
1564 475 33 75 A
1613 475 63 75 and
1695 475 42 75 B,
1768 475 75 75 16.1
1884 475 29 75 X
1929 475 100 75 14.12
2039 475 37 75 =
2085 475 127 75 227.33

1561 523 34 75 A
1610 523 63 75 and
1695 523 44 75 C,
1770 523 74 75 16.1
1886 523 29 75 X
1929 523 98 75 10.01
2039 523 37 75 =
2088 523 126 75 161.16

1559 570 28 75 B
1610 570 65 75 and
1697 570 43 75 C,
1770 570 257 75 14112X10.01
2040 570 36 75 =
2090 570 125 75 141.34

1348 664 80 75 Sum
1445 664 39 75 of
1495 664 56 75 all,
1576 664 67 75 two
1659 664 62 75 and
1737 664 77 75 two,
1913 664 13 75 -

2087 664 125 75 529.83

1349 710 132 75 Double
1497 710 135 75 produd
1651 710 139 75 fubtraft
1861 710 15 75 -
1973 710 12 75 -
2086 710 150 75 182.048

1628 802 195 75 Remainder
1926 802 14 75 -

2085 802 150 75 347.782

1346 851 78 75 And
1450 851 455 75 347.782)2275.600(6.54
1928 851 94 75 value
2037 851 128 75 fought.

1346 898 114 75 Prob.
1488 898 33 75 7.
1571 898 56 75 To
1643 898 66 75 find
1725 898 56 75 the
1798 898 92 75 value
1913 898 41 75 of
1964 898 39 75 an
2020 898 132 75 annuity
2167 898 85 75 upon
2276 898 56 75 the

1297 944 122 75 longeft
1435 944 42 75 of
1491 944 91 75 three
1597 944 93 75 lives.

1344 990 124 75 Rule.
1518 990 99 75 From
1633 990 55 75 the
1704 990 127 75 fum-of
1842 990 56 75 the
1915 990 108 75 values
2040 990 41 75 of
2092 990 55 75 the
2163 990 90 75 three
2269 990 61 75 fin-

1297 1037 51 75 gle
1365 1037 79 75 lives
1461 1037 96 75 taken
1573 1037 85 75 from
1676 1037 55 75 the
1747 1037 98 75 table,
1863 1037 138 75 fubtraft
2011 1037 55 75 the
2078 1037 67 75 fum
2162 1037 42 75 of
2214 1037 42 75 all
2273 1037 57 75 the

1292 1083 87 75 joint
1405 1083 94 75 lives,
1523 1083 97 75 taken
1647 1083 67 75 two
1741 1083 63 75 and
1832 1083 78 75 two,
1936 1083 34 75 as
1990 1083 102 75 found
2108 1083 43 75 by
2174 1083 100 75 Prob.
2295 1083 34 75 2.

1296 1131 62 75 and
1375 1131 35 75 to
1431 1131 57 75 the
1515 1131 180 75 remainder
1711 1131 64 75 add
1789 1131 64 75 the,
1861 1131 92 75 value
1982 1131 40 75 of
2044 1131 56 75 the
2127 1131 91 75 three
2242 1131 88 75 joint

1296 1177 92 75 lives,
1412 1177 34 75 as
1463 1177 103 75 found
1581 1177 44 75 by
1641 1177 100 75 Prob.
1756 1177 35 75 6.
1809 1177 63 75 and
1888 1177 71 75 that
1974 1177 76 75 fum,
2058 1177 67 75 will
2146 1177 39 75 be
2201 1177 55 75 the
2272 1177 55 75 va-

1295 1226 53 75 lue
1364 1226 40 75 of
1420 1226 56 75 the
1492 1226 121 75 longeft
1629 1226 58 75 life
1706 1226 128 75 fought.

1343 1271 153 75 Examp.
1545 1271 33 75 A
1603 1271 28 75 is
1661 1271 39 75 18
1718 1271 92 75 years
1830 1271 42 75 of
1892 1271 70 75 age,
1988 1271 28 75 B
2039 1271 57 75 34,
2121 1271 62 75 and
2204 1271 29 75 C
2262 1271 65 75 56:

1295 1318 106 75 What
1417 1318 26 75 is
1461 1318 55 75 the
1534 1318 94 75 value
1644 1318 40 75 of
1696 1318 54 75 the
1767 1318 122 75 longeft
1904 1318 42 75 of
1960 1318 86 75 thefe
2064 1318 91 75 three
2169 1318 93 75 lives,
2280 1318 48 75 in-

1295 1365 94 75 tereft
1406 1365 34 75 at
1457 1365 21 75 4
1493 1365 61 75 per
1569 1365 85 75 cent.
1666 1365 20 75 ?

1344 1414 52 75 By
1412 1414 55 75 the
1483 1414 100 75 table,
1608 1414 55 75 the
1679 1414 96 75 fingle
1790 1414 93 75 value
1899 1414 42 75 of
1950 1414 62 75 A’s
2028 1414 58 75 life
2101 1414 41 75 is,
2178 1414 76 75 16.1

1681 1457 94 75 fingle
1792 1457 92 75 value
1901 1457 42 75 of
1952 1457 57 75 B’s
2027 1457 56 75 fife
2098 1457 40 75 is,
2178 1457 100 75 14.12

1682 1504 95 75 fingle
1791 1504 92 75 value
1899 1504 41 75 of
1951 1504 58 75 C’s
2025 1504 58 75 life
2099 1504 40 75 is,
2179 1504 99 75 10.01

1685 1601 79 75 Sum
1781 1601 40 75 of
1833 1601 54 75 the
1903 1601 97 75 fingle
2016 1601 120 75 values,
2173 1601 105 75 40.23

1342 1693 52 75 By
1411 1693 102 75 Prob.
1532 1693 34 75 2.
1590 1693 55 75 the
1659 1693 87 75 joint
1761 1693 93 75 vSlue
1871 1693 40 75 of
1922 1693 34 75 A
1973 1693 62 75 and
2052 1693 28 75 B
2098 1693 40 75 is,
2176 1693 104 75 10.76

1663 1742 85 75 joint
1764 1742 92 75 value
1873 1742 40 75 of
1923 1742 33 75 A
1973 1742 64 75 and
2055 1742 29 75 C
2102 1742 39 75 is,
2196 1742 84 75 8.19

1658 1785 92 75 joint,
1758 1785 92 75 value
1866 1785 40 75 of
1918 1785 28 75 B
1965 1785 63 75 and
2049 1785 28 75 C
2096 1785 40 75 is,
2197 1785 80 75 7.65

1720 1840 79 75 Sum
1815 1840 42 75 of
1866 1840 56 75 the
1934 1840 87 75 joint
2036 1840 94 75 lives,
2171 1840 121 75 26^60^

1716 1935 208 75 Remainder,
1998 1935 14 75 -
2085 1935 13 75 -
2175 1935 101 75 13.63

1339 1983 52 75 By
1404 1983 101 75 Prob.
1520 1983 35 75 6.
1572 1983 56 75 the
1644 1983 93 75 value
1749 1983 40 75 of
1800 1983 58 75 the
1875 1983 17 75 3
1909 1983 85 75 joint
2005 1983 79 75 lives
2096 1983 40 75 is,
2195 1983 85 75 6.54

1340 2035 104 75 Value
1461 2035 40 75 of
1512 2035 55 75 the
1590 2035 120 75 longeft
1726 2035 41 75 of
1778 2035 54 75 the
1851 2035 17 75 3
1887 2035 92 75 lives,
2076 2035 14 75 -
2171 2035 106 75 20.17

1339 2089 108 75 Other
1463 2089 161 75 problems
1640 2089 103 75 might
1770 2089 40 75 be
1839 2089 117 75 added,
1982 2089 58 75 but
2066 2089 88 75 thefe
2178 2089 157 75 adduced'

1293 2136 53 75 are
1361 2136 156 75 fufficient
1539 2136 52 75 for
1613 2136 80 75 moft
1717 2136 164 75 purpofes.
1928 2136 79 75 The
2032 2136 111 75 reader
2167 2136 158 75 probably

1293 2182 73 75 may
1386 2182 75 75 wifti
1478 2182 70 75 that
1564 2182 57 75 the
1637 2182 109 75 reafon
1766 2182 41 75 of
1816 2182 57 75 the
1889 2182 99 75 rules,
2013 2182 118 75 which,
2148 2182 25 75 it
2190 2182 79 75 muft
2281 2182 45 75 be

1293 2228 126 75 owned,
1444 2228 53 75 are
1513 2228 159 75 intricate,
1697 2228 63 75 had
1776 2228 80 75 been
1873 2228 155 75 affigned;
2055 2228 58 75 but
2137 2228 64 75 this
2226 2228 97 75 could

1292 2275 57 75 not
1365 2275 40 75 be
1417 2275 85 75 done
1517 2275 138 75 without
1672 2275 145 75 entering
1832 2275 117 75 deeper
1964 2275 69 75 into
2045 2275 55 75 the
2111 2275 120 75 fubjedt
2242 2275 81 75 than

1292 2323 67 75 was
1374 2323 189 75 pra&icable
1579 2323 34 75 in
1629 2323 64 75 this
1710 2323 100 75 place.
1861 2323 62 75 See
1940 2323 159 75 Chance
2111 2323 32 75 s.

1709 2488 34 75 A
1789 2488 119 75 NN

1381 2587 144 75 Annulet
1541 2587 27 75 is
1593 2587 65 75 alfo
1682 2587 19 75 a
1727 2587 127 75 narrow
1882 2587 55 75 flat
1953 2587 178 75 moulding,
2156 2587 107 75 which
2288 2587 29 75 is

1335 2634 145 75 common
1496 2634 36 75 to
1547 2634 106 75 divers
1669 2634 104 75 places
1790 2634 40 75 of
1840 2634 56 75 the
1912 2634 156 75 columns,
2094 2634 34 75 as
2144 2634 32 75 in
2193 2634 55 75 the
2260 2634 57 75 ba-

1334 2679 60 75 fes,
1420 2679 142 75 capitals,
1589 2679 63 75 tec.
1703 2679 31 75 It
1751 2679 26 75 is
1795 2679 55 75 the
1871 2679 89 75 fame
1973 2679 142 75 member
2130 2679 106 75 which
2253 2679 61 75 Vi-

1333 2728 122 75 truvius
1472 2728 77 75 calls
1574 2728 144 75 a///?/;
1752 2728 162 75 Palladio,
1944 2728 19 75 a
1985 2728 97 75 ItjieL
2091 2728 37 75 or
2144 2728 167 75 cincture;

1335 2774 181 75 Scamozzi,
1542 2774 62 75 and
1615 2774 58 75 Mr
1685 2774 135 75 Brown,
1844 2774 19 75 a
1868 2774 227 75 fupercilium,
2120 2774 65 75 HJl,
2208 2774 104 75 tinea,

1336 2821 166 75 eye-brow,
1536 2821 136 75 fquare,
1703 2821 63 75 and
1800 2821 123 75 rabbit.
1990 2821 62 75 See
2079 2821 232 75 Architec-

1337 2868 116 75 ture.

1284 2914 205 75 Anjjulet,
1512 2914 211 75 inheraldry,
1749 2914 18 75 a
1783 2914 90 75 mark
1889 2914 41 75 of
1939 2914 177 75 diftindlion
2132 2914 106 75 which
2255 2914 56 75 the

1329 2960 72 75 fifth
1424 2960 132 75 brother
1580 2960 40 75 of
1639 2960 19 75 a
1681 2960 111 75 family
1808 2960 101 75 ought
1925 2960 36 75 to
1976 2960 76 75 bear
2068 2960 35 75 to
2118 2960 51 75 his
2187 2960 72 75 coat
2275 2960 42 75 of

1329 3007 93 75 arms.

1375 3056 75 75 The
1466 3056 221 75 hieroglyphic
1714 3056 41 75 of
1772 3056 55 75 the
1843 3056 131 75 annulet
2000 3056 29 75 is
2054 3056 79 75 very
2158 3056 134 75 various;
2298 3056 13 75 1

2214 3107 110 75 Some.

1085 1208 83 75 8.60

1065 1300 182 75 i7.42fub.

1063 1347 106 75 25.00

1089 1450 131 75 7.59--
1152 1487 66 75 100
1231 1469 18 49 r
1249 1487 12 75 *

1088 1580 128 75 758.00
