2493 3387
721 187 46 75 A
838 187 29 75 S
944 187 40 75 T
1056 187 37 75 R
1173 187 17 75 <

153 256 86 75 their
254 256 166 75 projeftile
444 256 105 75 forces
567 256 53 75 are
636 256 189 75 diminiftied
848 256 111 75 almoft
976 256 34 75 to
1031 256 133 75 nothing
1176 256 10 75 ;

153 302 64 75 and
232 302 76 75 then
322 302 79 75 they
416 302 53 75 are
486 302 139 75 brought
641 302 81 75 back
734 302 90 75 again
842 302 43 75 by
902 302 55 75 the
969 302 83 75 fun’s
1069 302 117 75 attrac-

153 349 82 75 tion,
261 349 34 75 as
313 349 121 75 before.

201 395 38 75 If
256 395 57 75 the
329 395 165 75 projeftile
508 395 105 75 forces
637 395 40 75 of
695 395 41 75 all
753 395 56 75 the
832 395 124 75 planets
978 395 64 75 and
1063 395 121 75 comets

151 443 86 75 were
252 443 168 75 deftroyed
436 443 33 75 at
485 443 86 75 their
582 443 90 75 mean
684 443 153 75 diftances
849 443 84 75 from
945 443 56 75 the
1012 443 68 75 fun,
1099 443 84 75 their

151 489 150 75 gravities
327 489 108 75 would
457 489 93 75 bring
576 489 89 75 them
689 489 95 75 down
809 489 46 75 fo,
881 489 34 75 as
940 489 70 75 that
1026 489 157 75 Mercury

150 536 110 75 would
275 536 58 75 fall
350 536 35 75 to
409 536 55 75 the
488 536 56 75 fun
566 536 33 75 in
629 536 38 75 15
696 536 79 75 days
798 536 37 75 13
855 536 119 75 hours;
1002 536 122 75 Venus,
1149 536 32 75 in

153 583 44 75 39
214 583 78 75 days
323 583 39 75 17
388 583 121 75 hours;
535 583 56 75 the
616 583 89 75 earth
730 583 39 75 or
791 583 109 75 moon,
925 583 32 75 in
978 583 45 75 64
1040 583 79 75 days
1141 583 40 75 10

151 630 120 75 hours;
298 630 106 75 Mars,
429 630 32 75 in
485 630 60 75 121
573 630 101 75 days;
701 630 140 75 Jupiter,
865 630 32 75 in
916 630 89 75 290;
1031 630 63 75 and
1122 630 57 75 Sa-

150 675 86 75 turn,
262 675 32 75 in
310 675 79 75 767.
436 675 79 75 The
531 675 120 75 nearelt
667 675 116 75 comet,
802 675 31 75 in
852 675 36 75 13
908 675 156 75 thoufand
1076 675 78 75 days
1166 675 10 75 ;

150 722 56 75 the
223 722 212 75 middlemoft,
452 722 32 75 in
499 722 41 75 23
560 722 156 75 thoufand
732 722 100 75 days;
852 722 62 75 and
926 722 55 75 the
993 722 184 75 outermod,

149 769 34 75 in
202 769 44 75 66
263 769 156 75 thoufand
435 769 91 75 days.
566 769 78 75 The
659 769 96 75 moon
773 769 106 75 would
896 769 56 75 fall
970 769 34 75 to
1016 769 57 75 the
1087 769 92 75 earth

148 815 34 75 in
210 815 20 75 4
255 815 79 75 days
353 815 44 75 20
414 815 119 75 hours:
567 815 155 75 Jupiter’s
746 815 65 75 firft
831 815 95 75 moon
943 815 108 75 would
1070 815 57 75 fall
1144 815 36 75 to

147 863 68 75 him
240 863 31 75 in
299 863 18 75 7
341 863 120 75 hours;
487 863 50 75 his
562 863 129 75 fecond,
716 863 31 75 in
769 863 62 75 15;
860 863 50 75 his
933 863 100 75 third,
1058 863 32 75 in
1109 863 67 75 30;

148 910 65 75 and
229 910 49 75 his
296 910 123 75 fourth,
444 910 32 75 in
496 910 38 75 71
554 910 98 75 hours
670 910 9 75 :
712 910 146 75 Saturn’s
875 910 65 75 firft
956 910 97 75 moon
1069 910 109 75 would

146 957 59 75 fall
222 957 35 75 to
273 957 66 75 him
355 957 32 75 in
405 957 20 75 8
438 957 120 75 hours;
583 957 51 75 his
651 957 127 75 fecond,
803 957 33 75 in
859 957 62 75 12;
948 957 50 75 his
1015 957 102 75 third,
1143 957 33 75 in

150 1003 64 75 19;
239 1003 51 75 his
306 1003 124 75 fourth,
454 1003 31 75 in
504 1003 67 75 68;
598 1003 63 75 and
676 1003 55 75 the
747 1003 87 75 fifth,
859 1003 33 75 in
910 1003 82 75 336.
1040 1003 33 75 A
1090 1003 89 75 done

144 1050 111 75 would
269 1050 58 75 fall
339 1050 35 75 to
389 1050 56 75 the
461 1050 120 75 earth’s
597 1050 120 75 centre,
742 1050 31 75 if
792 1050 91 75 there
899 1050 85 75 were
1001 1050 39 75 an
1058 1050 120 75 hollow

143 1096 136 75 paflage,
304 1096 33 75 in
355 1096 40 75 21
422 1096 137 75 minutes
584 1096 21 75 9
628 1096 145 75 feconds.
821 1096 59 75 Mr
906 1096 152 75 Whidon
1085 1096 90 75 gives

142 1143 58 75 the
216 1143 169 75 following
400 1143 69 75 rule
491 1143 52 75 for
563 1143 75 75 fpch
664 1143 249 75 computations.
962 1143 24 75 “
1012 1143 32 75 It
1067 1143 27 75 is
1118 1143 55 75 de-

144 1190 25 75 “
194 1190 204 75 mondrable,
423 1190 70 75 that
509 1190 74 75 half
602 1190 55 75 the
670 1190 111 75 period
797 1190 40 75 of
856 1190 62 75 any
934 1190 119 75 planet,
1079 1190 94 75 when

142 1237 28 75 “
195 1237 25 75 it
243 1237 27 75 is
287 1237 186 75 diminiihed
496 1237 32 75 in
553 1237 56 75 the
625 1237 215 75 fefquialteral
855 1237 186 75 proportion
1058 1237 41 75 of
1116 1237 56 75 the

141 1284 27 75 “
193 1284 136 75 number
344 1284 12 75 1
378 1284 35 75 to
425 1284 56 75 the
493 1284 133 75 number
639 1284 33 75 2,
691 1284 38 75 or
744 1284 110 75 nearly
865 1284 32 75 in
914 1284 55 75 the
986 1284 186 75 proportion

194 1331 39 75 of
248 1331 89 75 1000
353 1331 36 75 to
407 1331 105 75 2828,
536 1331 27 75 is
579 1331 56 75 the
648 1331 77 75 time
742 1331 71 75 that
824 1331 27 75 it
868 1331 107 75 would
991 1331 58 75 fall
1066 1331 35 75 to
1117 1331 55 75 the

193 1377 108 75 centre
327 1377 40 75 of
386 1377 42 75 its
456 1377 124 75 orbit.”
633 1377 85 75 This
748 1377 188 75 proportion
964 1377 41 75 is,
1036 1377 93 75 when
1152 1377 21 75 a

139 1422 151 75 quantity
305 1422 37 75 or
365 1422 135 75 number
515 1422 144 75 contains
685 1422 136 75 another
836 1422 80 75 once
934 1422 61 75 and
1012 1422 19 75 a
1045 1422 74 75 half
1139 1422 33 75 as

142 1469 97 75 much
255 1469 102 75 more.

187 1515 77 75 The
279 1515 99 75 quick
400 1515 138 75 motions
563 1515 41 75 of
622 1515 56 75 the
703 1515 112 75 moons
833 1515 39 75 of
889 1515 127 75 Jupiter
1032 1515 62 75 and
1111 1515 59 75 Sa-

138 1562 77 75 turn
232 1562 102 75 round
350 1562 86 75 their
459 1562 177 75 primaries,
661 1562 212 75 demondrate
898 1562 70 75 that
993 1562 87 75 thefe
1105 1562 66 75 two

137 1609 125 75 planets
286 1609 81 75 have
390 1609 143 75 ftronger
557 1609 164 75 attrardive
746 1609 125 75 powers
896 1609 77 75 than
998 1609 55 75 the
1078 1609 92 75 earth

137 1656 80 75 has:
244 1656 52 75 for
313 1656 55 75 the
384 1656 142 75 dronger
542 1656 70 75 that
629 1656 60 75 one
705 1656 87 75 body
804 1656 131 75 attracts
949 1656 148 75 another,
1115 1656 56 75 the

138 1702 126 75 greater
279 1702 80 75 mud
371 1702 40 75 be
422 1702 56 75 the
495 1702 163 75 proje&ile
673 1702 101 75 force,
800 1702 60 75 and
872 1702 308 75 confequently.the-

137 1748 134 75 quicker
286 1748 81 75 mud
390 1748 40 75 be
454 1748 55 75 the
533 1748 121 75 motion
679 1748 40 75 of
738 1748 70 75 that
824 1748 94 75 other
934 1748 87 75 body
1038 1748 35 75 to
1089 1748 81 75 keep

137 1796 25 75 it
180 1796 84 75 from
275 1796 113 75 falling
403 1796 36 75 to
455 1796 42 75 its
513 1796 139 75 primary
670 1796 37 75 or
723 1796 119 75 central
855 1796 120 75 planet.
1014 1796 153 75 Jupiter’s

135 1843 118 75 fecond
268 1843 96 75 moon
384 1843 26 75 is
432 1843 64 75 124
514 1843 155 75 thoufand
687 1843 90 75 miles
793 1843 125 75 farther
934 1843 84 75 from
1040 1843 128 75 Jupiter

135 1890 77 75 than
230 1890 59 75 our
304 1890 97 75 moon
425 1890 28 75 is
477 1890 85 75 from
589 1890 59 75 us;
674 1890 62 75 and
760 1890 56 75 yet
839 1890 64 75 this
928 1890 115 75 fecond
1070 1890 98 75 moon

135 1937 75 75 goes
228 1937 111 75 almod
354 1937 89 75 eight
468 1937 91 75 times
582 1937 103 75 round
708 1937 129 75 Jupiter
861 1937 102 75 whild
987 1937 59 75 our
1070 1937 97 75 moon

133 1983 77 75 goes
227 1983 77 75 only
314 1983 79 75 once
409 1983 105 75 round
529 1983 175 75 the.earth.
753 1983 105 75 What
875 1983 19 75 a
909 1983 185 75 prodigious
1117 1983 48 75 at-

132 2030 133 75 traftive
282 2030 106 75 power
410 2030 81 75 mud
507 2030 55 75 the
580 2030 55 75 fun
659 2030 75 75 then
751 2030 95 75 have,
871 2030 35 75 to
931 2030 89 75 draw
1043 2030 43 75 all
1111 2030 55 75 the

133 2076 125 75 planets
286 2076 62 75 and
368 2076 155 75 fatellites
549 2076 40 75 of
608 2076 56 75 the
688 2076 113 75 fydem
825 2076 141 75 towards
988 2076 88 75 him;
1103 2076 64 75 and

133 2121 88 75 what
238 2121 39 75 an
294 2121 145 75 amazing
449 2121 113 75 power
578 2121 80 75 mud
679 2121 27 75 it
729 2121 80 75 have
827 2121 151 75 required
993 2121 38 75 to
1048 2121 57 75 put
1122 2121 42 75 all

134 2169 87 75 thefe
237 2169 125 75 planets
377 2169 193 75 and-moons
586 2169 70 75 into
673 2169 75 75 fuch
765 2169 91 75 rapid
870 2169 140 75 motions
1023 2169 43 75 af
1074 2169 66 75 fird
1151 2169 11 75 1

135 2313 141 75 Chap.
308 2313 70 75 VI.
437 2313 165 75 Renfons
622 2313 93 75 why
735 2313 65 75 the
820 2313 98 75 Sun,
939 2313 125 75 Moon,
1083 2313 86 75 and

191 2369 132 75 Signs,
352 2369 115 75 when
497 2369 114 75 rifing
642 2369 40 75 or
706 2369 165 75 Jetting,
906 2369 146 75 appear
1082 2369 81 75 lar-

185 2429 70 75 ger
275 2429 100 75 than
404 2429 109 75 when
534 2429 86 75 they
641 2429 71 75 rife
733 2429 137 75 higher
902 2429 41 75 in
963 2429 67 75 the
1057 2429 109 75 Hea-

188 2482 104 75 vens.

177 2563 87 75 The
282 2563 55 75 fun
354 2563 62 75 and
432 2563 95 75 moon
545 2563 116 75 appear
676 2563 105 75 larger
797 2563 31 75 in
846 2563 55 75 the
923 2563 135 75 horizon
1085 2563 75 75 than

131 2610 32 75 at
182 2610 61 75 any
263 2610 213 75 confiderable
491 2610 111 75 height
619 2610 99 75 above
741 2610 39 75 it.
800 2610 4 75 .
828 2610 109 75 Thefe
963 2610 196 75 luminaries,

132 2656 154 75 although
304 2656 32 75 at
353 2656 89 75 great
459 2656 152 75 didances
628 2656 83 75 from
729 2656 56 75 the
800 2656 104 75 earth,
930 2656 114 75 appear
1066 2656 92 75 float-

129 2704 68 75 ing,
215 2704 33 75 as
260 2704 26 75 it
302 2704 96 75 were,
416 2704 41 75 on
474 2704 56 75 the
546 2704 175 75 furfaceof
732 2704 290 75 ouratmofphere,
1047 2704 128 75 (Plate.

132 2751 97 75 XLI.
240 2751 55 75 fig.
310 2751 48 75 1.)
377 2751 165 75 HGFftC,
559 2751 19 75 a
589 2751 87 75 little
682 2751 71 75 way
765 2751 128 75 beyond
904 2751 55 75 the
968 2751 136 75 clouds;
1123 2751 41 75 of

129 2796 120 75 which,
267 2796 90 75 thofe
374 2796 98 75 about
488 2796 38 75 F,
551 2796 134 75 dire&ly
701 2796 77 75 over
796 2796 59 75 our
870 2796 99 75 heads
986 2796 92 75 atT,
1104 2796 62 75 are.

130 2842 111 75 nearer
262 2842 37 75 us
317 2842 76 75 than
410 2842 91 75 thofe
518 2842 96 75 about
633 2842 38 75 if
686 2842 38 75 or
740 2842 17 75 e
773 2842 33 75 in
828 2842 55 75 the
903 2842 135 75 horizon
1056 2842 100 75 HEz.

129 2890 197 75 Therefore,
347 2890 93 75 when
457 2890 55 75 the
523 2890 58 75 fun
592 2890 38 75 or
642 2890 96 75 moon
750 2890 114 75 appear
873 2890 33 75 in
914 2890 56 75 the
977 2890 136 75 horizon
1124 2890 34 75 at

130 2936 30 75 e,
173 2936 78 75 they
262 2936 52 75 are
326 2936 56 75 not
392 2936 78 75 only
477 2936 70 75 feen
560 2936 31 75 in
604 2936 18 75 a
631 2936 72 75 part
719 2936 40 75 of
770 2936 55 75 the
837 2936 55 75 Iky
902 2936 103 75 which
1018 2936 27 75 is
1054 2936 102 75 really

129 2982 124 75 farther
269 2982 84 75 from
370 2982 37 75 us
424 2982 77 75 than
517 2982 30 75 if
566 2982 79 75 they
656 2982 83 75 were
756 2982 33 75 at
805 2982 61 75 any
881 2982 211 75 confiderable
1109 2982 46 75 al-

128 3029 117 75 titude,
278 3029 35 75 as
338 3029 97 75 about
448 3029 47 75 f;
522 3029 56 75 but
602 3029 78 75 they
704 3029 54 75 are
781 3029 66 75 alfo
871 3029 71 75 feen
970 3029 140 75 through
1137 3029 18 75 a

129 3078 125 75 greater
270 3078 149 75 quantity
431 3078 39 75 of
481 3078 47 75 air
545 3078 62 75 and
624 3078 135 75 vapours
774 3078 35 75 at
820 3078 18 75 e
854 3078 78 75 than
948 3078 32 75 at
987 3078 38 75 /.
1067 3078 92 75 Here

1202 180 12 75 )
1291 180 44 75 N
1412 180 41 75 O
1530 180 49 75 M
1655 180 50 75 Y.

2184 180 80 75 451

1240 250 48 75 we
1310 250 82 75 have
1408 250 66 75 two
1490 250 192 75 concurring
1704 250 209 75 appearances
1937 250 120 75 which,
2065 250 129 75 deceive
2209 250 62 75 our

1236 296 217 75 imagination,
1479 296 62 75 and
1557 296 90 75 caufe
1664 296 37 75 us
1717 296 35 75 to
1768 296 85 75 refer
1870 296 55 75 the
1949 296 57 75 fun
2030 296 63 75 and
2117 296 96 75 moon
2230 296 37 75 to

1236 343 17 75 a
1269 343 126 75 greater
1410 343 138 75 didance
1564 343 33 75 at
1613 343 85 75 their
1715 343 92 75 rifing
1824 343 38 75 or
1876 343 118 75 fetting
2017 343 98 75 about
2131 343 30 75 e,
2187 343 79 75 than

1235 389 93 75 when
1355 389 79 75 they
1458 389 54 75 are
1537 389 218 75 confiderably
1778 389 91 75 high,
1894 389 35 75 as
1953 389 34 75 at
2001 389 49 75 f:
2076 389 76 75 fird,
2179 389 85 75 their

1234 436 137 75 feeming
1388 436 34 75 to
1434 436 39 75 be
1490 436 41 75 on
1544 436 19 75 a
1579 436 71 75 part
1666 436 40 75 of
1726 436 55 75 the
1798 436 198 75 atmofphere
2008 436 31 75 at
2057 436 32 75 e,
2113 436 106 75 which
2236 436 28 75 is

1233 483 101 75 really
1357 483 124 75 farther
1504 483 78 75 than
1595 483 38 75 f
1646 483 85 75 from
1756 483 19 75 a
1798 483 157 75 fpeftator
1979 483 33 75 at
2035 483 53 75 E;
2116 483 74 75 and,
2215 483 48 75 fe-

1232 530 129 75 condly,
1387 530 84 75 their
1486 530 96 75 being
1598 530 73 75 feen
1686 530 142 75 through
1845 530 20 75 a
1879 530 118 75 grofler
2013 530 139 75 medium
2169 530 94 75 when

1232 577 32 75 at
1280 577 17 75 e
1310 577 77 75 than
1404 577 93 75 when
1514 577 32 75 at
1560 577 40 75 f,
1624 577 120 75 which,
1768 577 45 75 by
1828 577 169 75 rendering
2008 577 89 75 them
2114 577 148 75 dimmer,

1231 624 105 75 caufes
1353 624 36 75 us
1403 624 33 75 to
1449 624 136 75 imagine
1602 624 88 75 them
1707 624 35 75 to
1759 624 40 75 be
1815 624 34 75 at
1865 624 18 75 a
1898 624 55 75 yet
1969 624 126 75 greater
2110 624 151 75 didance.

1230 672 78 75 And
1324 672 47 75 as,
1396 672 31 75 in
1452 672 79 75 both
1558 672 98 75 cafes,
1682 672 78 75 they
1783 672 54 75 are
1861 672 71 75 feen
1958 672 93 75 much
2080 672 102 75 under
2206 672 56 75 the

1229 718 83 75 fame
1330 718 104 75 angle,
1460 718 49 75 we
1525 718 161 75 naturally
1705 718 101 75 judge
1823 718 89 75 them
1929 718 34 75 to
1981 718 39 75 be
2036 718 114 75 larged
2168 718 93 75 when

1229 765 78 75 they
1322 765 83 75 feem
1423 765 132 75 farthed
1571 765 85 75 from
1673 765 49 75 us.

1276 811 77 75 Any
1369 811 61 75 one
1446 811 74 75 may
1542 811 111 75 fatisfy
1676 811 132 75 himfelf
1829 811 72 75 that
1925 811 55 75 the
2004 811 97 75 moon
2128 811 132 75 appears

1228 858 102 75 under
1346 858 42 75 no
1404 858 127 75 greater
1547 858 92 75 angle
1656 858 31 75 in
1704 858 56 75 the
1775 858 137 75 horizon
1929 858 77 75 than
2024 858 41 75 on
2094 858 54 75 the
2164 858 96 75 meri-

1227 905 86 75 dian,
1339 905 44 75 by
1399 905 111 75 taking
1527 905 19 75 a
1560 905 89 75 large
1672 905 86 75 flieet
1776 905 40 75 of
1829 905 108 75 paper,
1963 905 62 75 and
2043 905 116 75 rolling
2175 905 26 75 it
2217 905 43 75 up

1225 952 32 75 in
1282 952 56 75 the
1365 952 84 75 form
1474 952 41 75 of
1534 952 18 75 a
1574 952 88 75 tube,
1688 952 40 75 of
1737 952 76 75 fuch
1830 952 19 75 a
1866 952 114 75 width,
2004 952 77 75 that'
2081 952 179 75 obferving

1225 998 55 75 the
1296 998 96 75 moon
1409 998 140 75 through
1566 998 25 75 it
1607 998 92 75 when
1715 998 52 75 die
1783 998 90 75 rifes,
1889 998 52 75 Ihe
1958 998 89 75 may*
2068 998 34 75 as
2119 998 25 75 it
2160 998 98 75 were,

1221 1045 65 75 jud
1302 1045 45 75 fill
1364 1045 56 75 the
1436 1045 99 75 tube;
1561 1045 76 75 then
1655 1045 44 75 tie
1716 1045 18 75 a
1751 1045 114 75 thread
1882 1045 101 75 round
2011 1045 26 75 it
2061 1045 36 75 to
2123 1045 81 75 keep
2231 1045 27 75 it

1225 1092 40 75 of
1281 1092 71 75 that
1368 1092 63 75 fize
1443 1092 10 75 ;
1480 1092 62 75 and
1554 1092 93 75 when
1660 1092 55 75 the
1730 1092 96 75 moon
1844 1092 107 75 comes
1967 1092 35 75 to
2018 1092 55 75 the
2089 1092 168 75 meridian,

1224 1139 61 75 and
1302 1139 132 75 appears
1461 1139 94 75 much
1583 1139 61 75 lefs
1672 1139 36 75 to
1735 1139 55 75 the
1817 1139 71 75 eye,
1912 1139 80 75 look
2020 1139 33 75 at
2079 1139 60 75 her
2166 1139 92 75 again

1223 1186 139 75 through
1387 1186 56 75 the
1459 1186 84 75 fame
1560 1186 89 75 tube,
1673 1186 63 75 and
1751 1186 52 75 Ihe
1819 1186 66 75 will
1900 1186 47 75 fill
1970 1186 26 75 it
2015 1186 65 75 jud
2096 1186 33 75 as
2146 1186 133 75 much,.

1222 1233 30 75 if
1262 1233 57 75 not
1336 1233 101 75 more,
1463 1233 77 75 than
1552 1233 51 75 fire
1619 1233 56 75 did
1692 1233 32 75 at
1741 1233 58 75 her
1816 1233 105 75 rifing.

1269 1280 111 75 When
1398 1280 56 75 the
1477 1280 61 75 full
1555 1280 96 75 moon
1668 1280 26 75 is
1714 1280 32 75 in
1763 1280 58 75 her
1832 1280 140 75 perigeo,
1998 1280 38 75 or
2056 1280 32 75 at
2105 1280 58 75 her
2179 1280 79 75 lead

1222 1327 138 75 didance
1378 1327 84 75 from
1479 1327 55 75 the
1552 1327 103 75 earth,
1681 1327 52 75 die
1749 1327 27 75 is
1793 1327 70 75 feen
1882 1327 100 75 under
1999 1327 19 75 a
2033 1327 105 75 larger
2151 1327 105 75 angle,
2272 1327 5 75 •

1222 1373 61 75 and
1297 1373 79 75 mud
1393 1373 163 75 therefore
1574 1373 114 75 appear
1705 1373 111 75 bigger
1832 1373 71 75 that
1920 1373 92 75 when
2029 1373 51 75 die
2096 1373 27 75 is
2139 1373 61 75 full
2224 1373 34 75 at

1222 1420 92 75 other
1332 1420 93 75 times
1440 1420 9 75 :
1476 1420 79 75 And
1573 1420 31 75 if
1617 1420 70 75 that
1704 1420 72 75 part
1798 1420 40 75 of
1850 1420 55 75 the
1934 1420 198 75 atmofphere
2149 1420 108 75 where

1222 1469 51 75 die
1290 1469 75 75 rifes
1383 1469 43 75 be
1446 1469 247 75 more-replete,
1705 1469 77 75 with
1811 1469 135 75 vapours
1973 1469 78 75 than
2079 1469 100 75 ufual,
2204 1469 53 75 die

1222 1515 130 75 appears
1378 1515 34 75 fo
1439 1515 96 75 much
1563 1515 56 75 the
1647 1515 135 75 dimmer
1796 1515 10 75 ;
1833 1515 62 75 and
1912 1515 162 75 therefore
2091 1515 49 75 we
2158 1515 98 75 fancy

1220 1560 58 75 her
1304 1560 36 75 to
1368 1560 39 75 be
1430 1560 62 75 dill
1520 1560 56 75 the
1603 1560 124 75 bigger,
1753 1560 43 75 by
1822 1560 157 75 referring
1995 1560 58 75 her
2069 1560 36 75 to
2129 1560 39 75 an
2195 1560 59 75 un-

1220 1608 122 75 ufually
1359 1608 91 75 great
1465 1608 150 75 didance,
1634 1608 151 75 knowing
1796 1608 71 75 that
1884 1608 41 75 no
1942 1608 121 75 obje&s
2081 1608 105 75 which
2200 1608 54 75 are

1219 1655 77 75 very
1320 1655 51 75 far
1386 1655 115 75 didant
1518 1655 57 75 can
1592 1655 114 75 appear
1723 1655 56 75 big
1796 1655 105 75 unlefs
1915 1655 79 75 they
2010 1655 39 75 be
2066 1655 101 75 really
2183 1655 46 75 fo.

1220 1795 138 75 Chap.
1380 1795 88 75 VII.
1510 1795 77 75 life
1605 1795 47 75 of
1664 1795 67 75 the
1749 1795 154 75 common
1922 1795 228 75 Quadrant,
2172 1795 87 75 and

1276 1852 65 75 the
1361 1852 163 75 Method
1539 1852 48 75 of
1591 1852 164 75 finding
1784 1852 66 75 the
1876 1852 205 75 Diftances
2115 1852 47 75 of
2186 1852 93 75 the'

1276 1910 100 75 Sun,
1410 1910 128 75 Moon,
1569 1910 85 75 and
1677 1910 179 75 Planets.

1261 2008 60 75 To
1350 2008 111 75 enable
1488 2008 56 75 the
1571 2008 111 75 young
1708 2008 194 75 adronomer
1929 2008 34 75 to
1984 2008 192 75 underdand
2194 2008 56 75 the

1213 2056 134 75 method
1363 2056 39 75 of
1413 2056 122 75 finding
1551 2056 55 75 the
1622 2056 154 75 didances
1800 2056 41 75 of
1865 2056 54 75 the
1929 2056 171 75 .heavenly
2123 2056 126 75 bodies,

1214 2101 48 75 we
1279 2101 76 75 fliall
1371 2101 77 75 here
1463 2101 74 75 give
1563 2101 17 75 a
1602 2101 87 75 flrort
1716 2101 191 75 defcription
1935 2101 40 75 of
1994 2101 55 75 the
2077 2101 172 75 quadrant.
2272 2101 6 75 .

1212 2146 85 75 This
1314 2146 185 75 inllrument
1526 2146 109 75 (Plate
1650 2146 115 75 XLV.
1790 2146 55 75 fig,
1865 2146 51 75 6.)
1943 2146 26 75 is
1983 2146 115 75 chiefly
2122 2146 76 75 ufed
2215 2146 34 75 in

1212 2195 111 75 taking
1339 2195 164 75 altitudes.

1259 2241 77 75 The
1352 2241 135 75 altitude
1503 2241 44 75 of
1554 2241 64 75 any
1632 2241 136 75 celedial
1784 2241 220 75 phenomenon
2028 2241 28 75 is
2081 2241 41 75 an
2138 2241 56 75 arc
2209 2241 44 75 of

1212 2287 55 75 the
1282 2287 56 75 dcy
1354 2287 198 75 intercepted
1568 2287 143 75 between
1739 2287 55 75 the
1822 2287 136 75 horizon
1976 2287 61 75 and
2054 2287 55 75 the
2126 2287 120 75 pheno-
2268 2287 8 75 -

1212 2334 125 75 nienon.
1390 2334 39 75 In
1456 2334 56 75 fig.
1531 2334 35 75 6.
1584 2334 40 75 of
1634 2334 93 75 Plate
1743 2334 116 75 XLV.
1879 2334 49 75 Jet
1948 2334 99 75 HOX-
2068 2334 40 75 bz
2125 2334 17 75 a
2158 2334 87 75 hori-

1214 2380 107 75 zontal
1338 2380 76 75 line,
1439 2380 154 75 fuppofed
1608 2380 36 75 to
1661 2380 40 75 be
1718 2380 161 75 extended
1895 2380 84 75 from
1997 2380 57 75 the
2066 2380 63 75 eye
2154 2380 33 75 at
2210 2380 40 75 X

1202 2428 8 75 '
1210 2428 36 75 to
1270 2428 45 75 X,
1340 2428 108 75 where
1475 2428 57 75 the
1547 2428 56 75 fliy
1619 2428 63 75 and
1697 2428 91 75 earth
1805 2428 83 75 feem
1908 2428 35 75 to
1959 2428 85 75 meet
2060 2428 32 75 at
2110 2428 55 75 the
2180 2428 67 75 end
2268 2428 4 75 ;

1212 2474 39 75 of
1263 2474 18 75 a
1296 2474 77 75 long
1390 2474 63 75 and
1468 2474 83 75 level
1570 2474 83 75 plain
1669 2474 10 75 ;
1706 2474 59 75 and
1791 2474 46 75 let
1859 2474 26 75 S
1912 2474 40 75 be
1978 2474 54 75 the
2048 2474 76 75 fun..
2167 2474 77 75 The

1211 2521 53 75 arc
1281 2521 65 75 XY
1364 2521 67 75 will
1447 2521 40 75 be
1504 2521 56 75 the
1575 2521 84 75 fun’s
1678 2521 112 75 height
1806 2521 101 75 above
1922 2521 56 75 the
1995 2521 136 75 horizon
2147 2521 34 75 at
2197 2521 77 75 X,',

1210 2567 59 75 and
1288 2567 25 75 is
1328 2567 102 75 found
1447 2567 43 75 by
1506 2567 55 75 the
1577 2567 184 75 indrument
1774 2567 107 75 EDC,
1895 2567 105 75 which
2013 2567 26 75 is
2052 2567 19 75 a
2083 2567 159 75 quadran-

1209 2614 44 75 tal
1270 2614 114 75 board,
1409 2614 38 75 or
1462 2614 85 75 plate
1559 2614 45 75 of
1615 2614 108 75 metal,
1748 2614 130 75 divided
1894 2614 68 75 into
1981 2614 44 75 90
2042 2614 94 75 equal
2153 2614 88 75 parts
2265 2614 8 75 -

1209 2661 37 75 or
1268 2661 132 75 degrees
1417 2661 42 75 on
1482 2661 42 75 its
1541 2661 78 75 limb
1640 2661 118 75 DPC-,
1786 2661 61 75 and
1864 2661 58 75 has
1939 2661 18 75 a
1973 2661 122 75 couple
2104 2661 39 75 of
2154 2661 85 75 little

1207 2707 85 75 brafs
1306 2707 113 75 plates,
1434 2707 32 75 as
1478 2707 21 75 a
1511 2707 62 75 and
1586 2707 30 75 b,
1635 2707 78 75 with
1730 2707 17 75 a
1761 2707 90 75 fmali
1865 2707 75 75 hole
1951 2707 32 75 in
1995 2707 76 75 each
2090 2707 40 75 of
2138 2707 101 75 them,
2264 2707 6 75 .

1206 2755 102 75 c.A\z&
1318 2755 205 75 Jight-boles,
1548 2755 51 75 for
1626 2755 132 75 looking
1785 2755 153 75 through,
1964 2755 131 75 parallel
2124 2755 35 75 to
2184 2755 56 75 the
2264 2755 5 75 :

1206 2801 80 75 edge
1302 2801 41 75 of
1353 2801 57 75 the
1421 2801 166 75 (quadrant
1604 2801 148 75 whereon
1770 2801 78 75 they
1870 2801 101 75 dand.
2020 2801 57 75 To
2088 2801 61 75 the
2163 2801 77 75 cen-

1206 2848 48 75 tre
1276 2848 32 75 E
1324 2848 27 75 is
1368 2848 86 75 fixed
1470 2848 61 75 one
1548 2848 61 75 end
1627 2848 40 75 of
1678 2848 18 75 a
1713 2848 115 75 thread
1850 2848 38 75 F,
1917 2848 102 75 called
2036 2848 53 75 the
2110 2848 128 75 plumb-

1207 2896 77 75 line,
1310 2896 106 75 which
1439 2896 59 75 has
1514 2896 23 75 a
1558 2896 88 75 fmall
1663 2896 120 75 weight
1799 2896 38 75 or
1852 2896 156 75 plummet
2031 2896 31 75 P
2087 2896 89 75 fixed
2204 2896 34 75 to

1204 2941 41 75 its
1263 2941 92 75 other
1371 2941 74 75 end.
1502 2941 99 75 Now,
1626 2941 32 75 if
1677 2941 39 75 an
1733 2941 148 75 obferver
1896 2941 95 75 holds
2008 2941 55 75 the
2081 2941 158 75 quadrant

1204 2988 142 75 upright,
1371 2988 138 75 without
1524 2988 152 75 inclining
1704 2988 26 75 it
1753 2988 36 75 to
1813 2988 103 75 either
1932 2988 75 75 fide,
2033 2988 61 75 and
2114 2988 34 75 fo
2167 2988 72 75 that

1204 3036 55 75 the
1275 3036 135 75 horizon
1427 3036 33 75 at
1477 3036 36 75 X
1526 3036 26 75 is
1569 3036 70 75 feen
1657 3036 140 75 thrdbgh
1814 3036 57 75 the
1886 3036 186 75 fight-holes
2089 3036 21 75 a
2127 3036 63 75 and
2206 3036 32 75 b,
2265 3036 5 75 ,

1203 3085 53 75 the
1273 3085 189 75 plumb-line
1476 3085 67 75 will
1560 3085 54 75 cut
1631 3085 38 75 or
1684 3085 85 75 hang
1788 3085 76 75 over
1880 3085 56 75 the
1947 3085 172 75 beginning
2131 3085 40 75 of
2183 3085 55 75 the

2109 3135 132 75 degrees
