2397 3387
642 217 35 75 B
752 217 39 75 O
868 217 40 75 O
983 217 38 75 K
1053 217 15 75 »
1103 217 38 75 K

2196 217 80 75 591

445 339 32 75 p
526 339 38 75 Pv
613 339 37 75 O
700 339 50 75 B.
824 339 78 75 III.

212 437 111 75 What
342 437 58 75 the
419 437 181 75 Balances
618 437 40 75 in
672 437 377 75 Company-accompts
1067 437 76 75 are.

165 534 16 75 $
216 534 32 75 1.
279 534 112 75 What
410 534 60 75 the
489 534 182 75 Balances
692 534 39 75 in
759 534 59 75 the
844 534 192 75 Accompts
1055 534 81 75 kept
1153 534 51 75 by

519 581 22 75 a
566 581 165 75 Partner
756 581 75 75 are.

287 659 31 75 X.
344 659 45 75 A.
410 659 41 75 B.
479 659 47 75 my
545 659 150 75 Accompt
713 659 34 75 in
764 659 167 75 Company,
955 659 56 75 N°
1031 659 54 75 54.

214 708 220 75 Contains,
459 708 85 75 upon
569 708 55 75 the
646 708 51 75 Dr
715 708 73 75 fide,
814 708 55 75 the
890 708 154 75 partner’s
1076 708 120 75 inputs,

167 756 63 75 and
241 756 88 75 (hare
341 756 39 75 of
392 756 130 75 charges
534 756 9 75 ;
564 756 83 75 upon
660 756 54 75 the
724 756 46 75 Cr
784 756 73 75 fide,
875 756 54 75 the
943 756 123 75 returns
1080 756 91 75 made
1183 756 11 75 ;

168 802 63 75 and
248 802 55 75 the
319 802 172 75 difference
507 802 27 75 is
552 802 54 75 the
630 802 72 75 gain
719 802 37 75 or
772 802 76 75 Ibfs.
897 802 38 75 In
953 802 166 75 balancing
1134 802 65 75 this

171 849 158 75 accompt,
356 849 88 75 there
461 849 52 75 are
533 849 64 75 two
614 849 95 75 cafes.
764 849 56 75 17?,
846 849 37 75 If
906 849 54 75 the
988 849 146 75 accompt
1158 849 39 75 be

168 896 141 75 fmifhed,
334 896 25 75 /.
377 896 28 75 e.
431 896 29 75 if
471 896 56 75 the
543 896 101 75 goods
661 896 39 75 be
717 896 79 75 fold,
815 896 61 75 and
893 896 125 75 returns
1036 896 104 75 made,
1172 896 26 75 it

168 942 27 75 is
219 942 117 75 clofed,
362 942 42 75 by
420 942 95 75 being
531 942 92 75 made
640 942 52 75 Dr
710 942 36 75 or
762 942 47 75 Cr
826 942 35 75 to
885 942 37 75 or
951 942 42 75 by
1016 942 101 75 Profit
1135 942 63 75 and

169 987 94 75 Lofs.
315 987 83 75 2dly,
422 987 38 75 If
471 987 56 75 the
544 987 146 75 accompt
713 987 40 75 be
780 987 55 75 yet
851 987 185 75 un.finifhed,
1061 987 55 75 the
1133 987 65 75 bcfl

168 1034 71 75 way
256 1034 40 75 is,
321 1034 36 75 to
385 1034 82 75 clofe
490 1034 25 75 it
538 1034 79 75 with
635 1034 20 75 a
669 1034 123 75 double'
813 1034 151 75 balance:
992 1034 71 75 that
1090 1034 40 75 is,
1163 1034 36 75 to

168 1080 92 75 make
277 1080 25 75 it
322 1080 53 75 Dr
392 1080 34 75 to
443 1080 153 75 Balance,
621 1080 51 75 for
688 1080 54 75 the
759 1080 66 75 fum
843 1080 40 75 of
893 1080 54 75 the
972 1080 46 75 Cr
1036 1080 74 75 fide,
1137 1080 62 75 and

169 1127 72 75 give
257 1127 26 75 it
299 1127 103 75 credit
417 1127 44 75 by
476 1127 153 75 Balance,
654 1127 50 75 for
721 1127 54 75 the
791 1127 70 75 fum
877 1127 40 75 of
928 1127 55 75 the
1001 1127 53 75 Dr
1070 1127 76 75 fide.

337 1204 32 75 2.
396 1204 103 75 A.B.
525 1204 47 75 my
591 1204 293 75 Accompt-proper,
910 1204 52 75 N°
981 1204 14 75 5
1006 1204 30 75 y.

216 1248 85 75 This
318 1248 144 75 accompt
478 1248 26 75 is
528 1248 120 75 merely
660 1248 155 75 perfonal,
841 1248 62 75 and
919 1248 104 75 clofed
1042 1248 76 75 with
1137 1248 64 75 Ba-

169 1295 101 75 lance,
296 1295 52 75 for
364 1295 56 75 the
436 1295 173 75 difference
627 1295 40 75 of
680 1295 42 75 its
738 1295 79 75 fides
829 1295 9 75 ;
866 1295 106 75 which
994 1295 26 75 is
1046 1295 55 75 the
1123 1295 78 75 debt

170 1342 62 75 due
255 1342 46 75 to,
327 1342 36 75 or
381 1342 42 75 by
440 1342 63 75 the'
503 1342 177 75 company.

175 1446 18 75 §
224 1446 36 75 2.
291 1446 113 75 What
430 1446 60 75 the
509 1446 184 75 Balances
714 1446 50 75 of
780 1446 58 75 the
857 1446 189 75 Accompts
1064 1446 81 75 kept
1161 1446 41 75 by

374 1494 21 75 a
412 1494 149 75 Trufiee
580 1494 39 75 in
636 1494 59 75 his
713 1494 82 75 own
814 1494 115 75 Books
948 1494 75 75 are.

221 1567 156 75 Before
397 1567 55 75 the
468 1567 118 75 truftee
603 1567 82 75 clofe
702 1567 55 75 the
774 1567 182 75 Company’s
974 1567 172 75 accompts,
1164 1567 41 75 he

175 1614 99 75 ought
296 1614 35 75 to
349 1614 91 75 make
456 1614 54 75 the
527 1614 117 75 double
660 1614 135 75 Journal
815 1614 93 75 entry
926 1614 178 75 following,
1129 1614 32 75 if
1177 1614 26 75 it

174 1662 38 75 be
230 1662 56 75 not
303 1662 82 75 done
408 1662 152 75 already;
586 1662 139 75 namely,
756 1662 56 75 \Jl,
837 1662 116 75 Goods
971 1662 32 75 in
1022 1662 179 75 Company,

177 1707 37 75 or
230 1707 149 75 Voyage,
405 1707 65 75 &c.
499 1707 54 75 Dr
577 1707 45 75 to:
630 1707 166 75 Sundries,
822 1707 69 75 viz.
917 1707 35 75 to
968 1707 95 75 Cafh,
1089 1707 50 75 for
1164 1707 42 75 all

175 1752 130 75 charges
318 1752 56 75 not
386 1752 54 75 yet
452 1752 99 75 ftated
562 1752 36 75 to
611 1752 156 75 accompt,
784 1752 75 75 fuch
876 1752 34 75 as
923 1752 196 75 cellar-rent,
1138 1752 64 75 &c.

175 1799 63 75 and
254 1799 35 75 to
305 1799 103 75 Profit
436 1799 62 75 and
525 1799 97 75 Lofs,
648 1799 51 75 for
726 1799 50 75 his
798 1799 72 75 own
888 1799 201 75 commiffion,
1116 1799 32 75 at
1170 1799 33 75 fo

174 1845 95 75 much
293 1845 60 75 per
377 1845 85 75 cent,
512 1845 85 75 2Ay,
622 1845 90 75 Each
739 1845 155 75 partner’s
913 1845 291 75 Accompt-proper

174 1893 54 75 Dr
256 1893 34 75 to
318 1893 49 75 his
395 1893 160 75 ACcompt
583 1893 31 75 in
643 1893 180 75 Company,
849 1893 53 75 for
926 1893 83 75 their
1033 1893 169 75 refpeClive

174 1938 102 75 fhares
294 1938 38 75 of
343 1938 54 75 the
415 1938 97 75 above
536 1938 132 75 charges
686 1938 61 75 and
765 1938 201 75 commifiion.
1015 1938 107 75 Thefe
1146 1938 54 75 en-

174 1984 75 75 tries
266 1984 95 75 being
376 1984 104 75 made,
505 1984 55 75 the
587 1984 145 75 balances
761 1984 40 75 of
823 1984 56 75 the
901 1984 161 75 accompts
1087 1984 53 75 are
1167 1984 34 75 as

172 2032 142 75 follows.

273 2096 30 75 1.
337 2096 101 75 Goods
464 2096 35 75 in
520 2096 168 75 Company,
718 2096 57 75 N®
802 2096 55 75 58.
880 2096 57 75 62.
962 2096 55 75 71.
1042 2096 56 75 74.

224 2140 168 75 Contains,
418 2140 84 75 upon
527 2140 55 75 the
607 2140 51 75 Dr
686 2140 77 75 fide,
793 2140 55 75 the
872 2140 98 75 prime
995 2140 63 75 coll
1085 2140 40 75 of
1147 2140 57 75 the

176 2187 99 75 goods
291 2187 127 75 flocked
437 2187 44 75 in*
499 2187 78 75 with
591 2187 41 75 all
645 2187 145 75 charges,
808 2187 60 75 and
885 2187 55 75 the
957 2187 140 75 truftee’s
1115 2187 86 75 com-

175 2232 130 75 miffion.
361 2232 77 75 The
465 2232 48 75 Cr
537 2232 61 75 fide
622 2232 142 75 contains
790 2232 54 75 the
871 2232 133 75 difpofal
1035 2232 41 75 of
1100 2232 115 75 them.-

174 2280 77 75 The
267 2280 172 75 difference
458 2280 40 75 of
509 2280 54 75 the
579 2280 77 75 fides
673 2280 26 75 is
716 2280 72 75 gain
804 2280 37 75 or
856 2280 75 75 lofs,
956 2280 35 75 to
1008 2280 48 75 J>e
1073 2280 130 75 divided
1211 2280 4 75 ’

174 2325 141 75 amongft
331 2325 56 75 the
398 2325 155 75 partners.
578 2325 89 75 Here
684 2325 90 75 there
791 2325 53 75 are
860 2325 90 75 three
967 2325 97 75 cafes.

174 2374 55 75 the
246 2374 102 75 goods
364 2374 40 75 be
420 2374 42 75 all
489 2374 81 75 fold,
595 2374 54 75 the
678 2374 144 75 accompt
844 2374 26 75 is
899 2374 117 75 clofed,
1042 2374 41 75 by
1109 2374 92 75 being

174 2418 130 75 debited
320 2418 38 75 or
380 2418 142 75 credited
550 2418 36 75 to
616 2418 36 75 or
678 2418 43 75 by
739 2418 165 75 Sundries,
928 2418 72 75 viz.
1024 2418 47 75 to,
1097 2418 37 75 or
1159 2418 42 75 by

173 2465 78 75 each
269 2465 154 75 partner’s
440 2465 161 75 Accompt
620 2465 32 75 in
668 2465 168 75 company,
862 2465 51 75 for
939 2465 83 75 their
1049 2465 102 75 fhares
1168 2465 46 75 of

174 2513 55 75 the
247 2513 70 75 gain
336 2513 36 75 or
388 2513 83 75 lofs;
506 2513 62 75 and
585 2513 46 75 to,
649 2513 37 75 or
702 2513 43 75 by
762 2513 102 75 Profit
881 2513 60 75 and
959 2513 94 75 Lofs,
1079 2513 51 75 for
1146 2513 57 75 the

174 2557 142 75 truftee’s
329 2557 71 75 own
414 2557 100 75 fhare.
564 2557 84 75 2dly,
674 2557 37 75 If
722 2557 80 75 none
819 2557 40 75 of
870 2557 55 75 the
937 2557 100 75 goods
1051 2557 52 75 are
1120 2557 84 75 fold,

175 2605 75 75 then
269 2605 56 75 the
340 2605 146 75 accompt
513 2605 27 75 is
567 2605 118 75 clofed,
709 2605 44 75 by
780 2605 95 75 being
899 2605 142 75 credited
1058 2605 42 75 by
1119 2605 82 75 Sun-

173 2651 107 75 dries;
307 2651 68 75 viz.
393 2651 43 75 by
454 2651 76 75 each
548 2651 153 75 partner’s
720 2651 159 75 Accompt
895 2651 38 75 ia
944 2651 180 75 Company,
1151 2651 57 75 for

172 2698 86 75 their
273 2698 103 75 fhares
393 2698 39 75 of
443 2698 55 75 the
510 2698 100 75 goods
627 2698 132 75 unfold;
778 2698 61 75 and
857 2698 42 75 by
915 2698 152 75 Balance,
1084 2698 51 75 for
1147 2698 56 75 the
1215 2698 4 75 :

172 2744 144 75 truftee’s
336 2744 99 75 fhare.
488 2744 83 75 idly,
596 2744 38 75 If
644 2744 72 75 part
728 2744 40 75 of
779 2744 53 75 the
849 2744 101 75 goods
962 2744 53 75 are
1032 2744 80 75 fold,
1139 2744 62 75 and
1213 2744 4 75 .

173 2791 71 75 part
261 2791 41 75 of
313 2791 86 75 them
427 2791 56 75 yet
511 2791 119 75 remain
658 2791 56 75 not
741 2791 143 75 difpofed
902 2791 46 75 of,
974 2791 63 75 this
1054 2791 68 75 cafe
1139 2791 26 75 is
1182 2791 21 75 a

173 2837 180 75 compound
371 2837 40 75 of
429 2837 55 75 the
506 2837 66 75 two
599 2837 120 75 former
734 2837 9 75 ;
779 2837 61 75 and
856 2837 202 75 accordingly
1076 2837 55 75 the
1148 2837 52 75 ac-

173 2883 107 75 compt
304 2883 27 75 is
360 2883 118 75 clofed,
503 2883 43 75 by
563 2883 127 75 making
706 2883 54 75 the
784 2883 93 75 entry
899 2883 180 75 mentioned
1097 2883 32 75 in
1146 2883 72 75 the.

174 2930 37 75 fir
214 2930 23 75 ft
253 2930 81 75 cafe,
363 2930 51 75 for
437 2930 55 75 the
515 2930 71 75 gain
603 2930 36 75 or
656 2930 60 75 lofs
735 2930 41 75 on
793 2930 89 75 thofe
898 2930 66 75 fold
977 2930 11 75 ;
1022 2930 60 75 and
1110 2930 110 75 then,.

173 2976 44 75 by
232 2976 129 75 making
376 2976 56 75 the
466 2976 81 75 ntry
556 2976 182 75 mentioned
753 2976 34 75 in
810 2976 69 75 the.
892 2976 115 75 fecond
1035 2976 82 75 cafe,
1148 2976 54 75 for

174 3024 90 75 thofe
281 3024 57 75 not
353 3024 144 75 difppfed
516 3024 48 75 of.

1232 207 15 75 S
1316 207 35 75 E
1423 207 35 75 P
1530 207 17 75 I
1621 207 44 75 N
1737 207 51 75 G.

1466 275 32 75 2.
1525 275 123 75 Voyage
1664 275 35 75 in
1717 275 167 75 Company,
1912 275 53 75 N°
1985 275 57 75 66.

1292 319 168 75 Contains,
1485 319 84 75 upon
1586 319 55 75 the
1664 319 53 75 Dr
1734 319 75 75 fide,
1834 319 55 75 the
1905 319 92 75 value
2021 319 60 75 and
2099 319 132 75 charges
2244 319 41 75 of

1242 367 56 75 the
1315 367 101 75 goods
1432 367 67 75 fent
1516 367 35 75 to
1568 367 62 75 fea.
1679 367 77 75 The
1772 367 47 75 Cr
1842 367 62 75 fide
1921 367 142 75 contains
2082 367 55 75 the
2154 367 123 75 receipt

1243 413 38 75 or
1297 413 132 75 difpofal
1447 413 39 75 of
1499 413 87 75 them
1604 413 43 75 by
1662 413 57 75 the
1736 413 113 75 fadtor.
1897 413 77 75 The
1983 413 176 75 difference
2170 413 36 75 of
2222 413 56 75 the

1242 459 78 75 fides
1336 459 27 75 is
1381 459 72 75 gain
1470 459 37 75 or
1523 459 75 75 lofs.
1631 459 88 75 Here
1736 459 90 75 there
1850 459 53 75 are
1919 459 91 75 three
2027 459 98 75 cafes.
2164 459 56 75 \Jl,
2244 459 38 75 If

1243 505 54 75 the
1315 505 52 75 Dr
1396 505 62 75 and
1481 505 48 75 Cr
1553 505 78 75 fides
1657 505 39 75 be
1720 505 106 75 equal,
1851 505 78 75 then
1945 505 55 75 the
2017 505 145 75 accompt
2178 505 100 75 ciofes

1245 552 39 75 of
1297 552 97 75 itfelf.
1445 552 85 75 2dly,
1556 552 36 75 If
1603 552 60 75 one
1696 552 39 75 of
1759 552 55 75 the
1843 552 79 75 fides
1950 552 121 75 exceed
2098 552 55 75 the
2171 552 104 75 other,

1245 598 75 75 then
1337 598 55 75 the
1409 598 144 75 accompt
1571 598 26 75 is
1621 598 118 75 clofed,
1765 598 44 75 by
1825 598 95 75 being
1936 598 92 75 made
2045 598 53 75 Dr
2115 598 37 75 or
2175 598 48 75 Cr
2243 598 50 75 to-

1245 645 37 75 or
1299 645 42 75 by
1360 645 172 75 Sundries;
1566 645 69 75 viz.
1661 645 48 75 to,
1735 645 37 75 or
1790 645 43 75 by
1849 645 76 75 each
1945 645 155 75 partner’s
2116 645 163 75 Accompt

1244 691 32 75 in
1310 691 181 75 Company,
1534 691 51 75 for
1616 691 85 75 their
1731 691 105 75 {hares
1868 691 41 75 of
1943 691 55 75 the
2025 691 73 75 gain
2124 691 36 75 or
2188 691 63 75 lofs
2267 691 11 75 ;

1248 738 63 75 and
1328 738 47 75 to,
1404 738 38 75 or
1464 738 43 75 by
1535 738 102 75 Profit
1655 738 63 75 and
1743 738 95 75 Lofs,
1864 738 52 75 for
1943 738 55 75 the
2018 738 143 75 truftee’s
2178 738 99 75 fhare.

1249 784 83 75 idly.
1358 784 38 75 If
1408 784 135 75 nothing
1558 784 39 75 be
1620 784 57 75 yet
1693 784 73 75 writ
1784 784 83 75 upon
1884 784 55 75 the
1957 784 48 75 Cr
2018 784 73 75 fide,
2118 784 77 75 then
2220 784 55 75 the

1246 831 146 75 accompt
1419 831 27 75 is
1470 831 118 75 clofed,
1614 831 43 75 by
1674 831 93 75 being
1792 831 143 75 credited
1952 831 43 75 by
2014 831 165 75 Sundries,
2206 831 71 75 viz.

1246 877 41 75 by
1300 877 78 75 each
1390 877 156 75 partner’s
1554 877 160 75 Accompt
1727 877 32 75 in
1769 877 180 75 Company,
1968 877 51 75 for
2032 877 83 75 their
2128 877 103 75 fhares
2244 877 41 75 of

1247 925 55 75 the
1318 925 102 75 goods
1432 925 32 75 at
1481 925 72 75 fea;
1573 925 61 75 and
1653 925 41 75 by
1708 925 151 75 Balance,
1877 925 52 75 for
1946 925 55 75 the
2017 925 143 75 truftee’s
2177 925 100 75 fhare.

1456 984 29 75 3.
1513 984 116 75 Faflor
1645 984 59 75 our
1724 984 152 75 Accompt
1894 984 43 75 of
1951 984 116 75 Goods.

1296 1031 167 75 Contains,
1480 1031 85 75 upon
1582 1031 55 75 the
1654 1031 53 75 Dr
1724 1031 75 75 fide,
1818 1031 54 75 the
1888 1031 184 75 company’s
2088 1031 101 75 goods
2203 1031 76 75 con-

1248 1077 105 75 figned
1370 1077 48 75 to,
1444 1077 62 75 and
1523 1077 144 75 received
1684 1077 42 75 by
1742 1077 55 75 the
1815 1077 113 75 faffor.
1976 1077 77 75 Tne
2067 1077 46 75 Cr
2129 1077 60 75 !ide
2202 1077 76 75 con-

1250 1124 80 75 tains
1348 1124 55 75 the
1419 1124 134 75 difpofal
1570 1124 40 75 of
1629 1124 100 75 them.
1778 1124 76 75 The
1870 1124 174 75 difference
2067 1124 40 75 of
2126 1124 55 75 the
2198 1124 79 75 fides

1248 1170 27 75 is
1294 1170 70 75 gain
1382 1170 37 75 or
1441 1170 63 75 lofs
1530 1170 92 75 made
1646 1170 85 75 upon
1756 1170 54 75 the
1835 1170 62 75 file
1913 1170 40 75 of
1972 1170 101 75 them.
2122 1170 85 75 This
2228 1170 52 75 ac-

1249 1216 107 75 compt
1371 1216 57 75 has
1445 1216 55 75 the
1522 1216 84 75 fame
1622 1216 161 75 varieties,
1807 1216 62 75 and
1892 1216 27 75 is
1944 1216 155 75 balanced
2119 1216 55 75 the
2197 1216 94 75 fame.

1249 1263 70 75 way
1336 1263 78 75 with
1431 1263 103 75 Goods
1547 1263 35 75 in
1599 1263 161 75 company.

1469 1327 34 75 4.
1529 1327 116 75 FaGor
1662 1327 59 75 our
1740 1327 317 75 Accompt-current.

1298 1373 167 75 Contains,
1491 1373 84 75 upon
1593 1373 56 75 the
1666 1373 53 75 Dr
1737 1373 75 75 fide,
1829 1373 86 75 what
1933 1373 115 75 money
2064 1373 171 75 belonging
2246 1373 36 75 to

1250 1419 54 75 the
1327 1419 154 75 company
1498 1419 27 75 is
1550 1419 30 75 in
1606 1419 55 75 the
1678 1419 128 75 fadtor’s
1824 1419 97 75 hand.
1970 1419 77 75 The
2064 1419 122 75 Crfide
2204 1419 75 75 con-

1250 1465 81 75 tains
1355 1465 55 75 the
1427 1465 125 75 returns
1569 1465 40 75 he
1625 1465 58 75 has
1709 1465 92 75 made
1825 1465 33 75 in
1883 1465 99 75 goods
2010 1465 36 75 or
2069 1465 87 75 bills.
2204 1465 79 75 The

1251 1513 171 75 difference
1438 1513 26 75 is
1482 1513 55 75 the
1554 1513 76 75 debt
1647 1513 62 75 due
1726 1513 34 75 to
1777 1513 38 75 or
1830 1513 43 75 by
1891 1513 53 75 the
1961 1513 113 75 fadtor.
2122 1513 86 75 This
2226 1513 59 75 ac-

1251 1558 106 75 compt
1373 1558 26 75 is
1417 1558 116 75 clofed,
1560 1558 43 75 by
1626 1558 93 75 being
1744 1558 91 75 made
1854 1558 52 75 Dr
1923 1558 38 75 or
1986 1558 49 75 Cr
2051 1558 36 75 to
2104 1558 37 75 or
2153 1558 42 75 by
2214 1558 64 75 Ba-

1251 1605 101 75 lance,
1381 1605 53 75 for
1451 1605 55 75 the
1529 1605 65 75 faid
1611 1605 186 75 difference.

1266 1672 29 75 5.
1323 1672 149 75 Partner
1489 1672 48 75 his
1555 1672 153 75 Accompt
1727 1672 34 75 in
1779 1672 167 75 Company,
1972 1672 57 75 N°
2054 1672 56 75 59.
2130 1672 57 75 69.
2208 1672 56 75 70.

1298 1718 167 75 Contains,
1482 1718 85 75 upon
1584 1718 55 75 the
1656 1718 48 75 Cr
1720 1718 75 75 fide,
1813 1718 55 75 the
1885 1718 155 75 partner’s
2058 1718 118 75 inputs,
2201 1718 95 75 with’-

1251 1765 49 75 his
1316 1765 88 75 fhare
1420 1765 41 75 of
1479 1765 157 75 charges,,
1649 1765 62 75 and
1727 1765 42 75 of
1778 1765 72 75 gain
1869 1765 31 75 at
1917 1765 95 75 clofe.
2062 1765 76 75 The
2151 1765 53 75 Dr
2217 1765 62 75 fide

1252 1811 141 75 contains
1410 1811 124 75 returns
1552 1811 51 75 for
1619 1811 106 75 inputs
1742 1811 143 75 difpofed
1902 1811 49 75 of,
1961 1811 4 75 ,
1975 1811 37 75 or
2029 1811 100 75 goods
2147 1811 134 75 remain-

1251 1857 54 75 ing
1332 1857 124 75 unfold,
1488 1857 78 75 with
1595 1857 56 75 the
1676 1857 156 75 partner’s
1859 1857 87 75 fhare
1965 1857 40 75 of
2023 1857 103 75 Ioffes,
2155 1857 32 75 if
2205 1857 93 75 any..

1250 1904 83 75 This
1352 1904 157 75 accompt,
1527 1904 82 75 after
1621 1904 54 75 the
1689 1904 170 75 preceding
1875 1904 160 75 accompts
2048 1904 53 75 are
2114 1904 167 75 balanced,

1251 1951 66 75 will
1333 1951 117 75 always
1468 1951 82 75 clofe
1575 1951 40 75 of
1634 1951 105 75 itfelf;
1765 1951 33 75 as
1822 1951 34 75 is-
1874 1951 127 75 evident
2026 1951 43 75 by
2085 1951 196 75 confidering

1250 1997 85 75 what
1352 1997 76 75 goes
1445 1997 35 75 to
1496 1997 55 75 the
1568 1997 64 75 two
1650 1997 79 75 fides
1746 1997 40 75 of
1804 1997 46 75 it:
1878 1997 34 75 fo
1929 1997 71 75 that
2022 1997 29 75 if
2070 1997 55 75 the
2148 1997 132 75 balance

1251 2043 39 75 of
1309 2043 62 75 this
1388 2043 145 75 accompt
1550 2043 69 75 fail,
1645 2043 55 75 the
1724 2043 200 75 accomptant
1949 2043 71 75 may
2038 2043 165 75 conclude,
2228 2043 53 75 for

1252 2089 133 75 certain,
1418 2089 71 75 that
1513 2089 179 75 fomething
1715 2089 30 75 in
1776 2089 54 75 the
1858 2089 183 75 company’s
2066 2089 160 75 accompts
2252 2089 28 75 is

1250 2136 122 75 wrong,
1397 2136 38 75 or
1458 2136 33 75 at
1513 2136 77 75 leaft
1607 2136 85 75 fome
1708 2136 129 75 miftake
1859 2136 59 75 has
1933 2136 164 75 happened
2114 2136 32 75 in
2162 2136 117 75 clofing

1250 2183 99 75 them.

1312 2248 33 75 6.
1372 2248 150 75 Partner
1538 2248 49 75 bis
1606 2248 286 75 Account-proper,
1917 2248 57 75 N°
1990 2248 56 75 60.
2067 2248 57 75 67.
2144 2248 58 75 68.

1296 2292 31 75 Is
1343 2292 18 75 a
1377 2292 144 75 perfonal
1545 2292 147 75 account,
1718 2292 54 75 the
1788 2292 173 75 difference
1985 2292 39 75 of
2035 2292 105 75 whole
2157 2292 78 75 fides
2251 2292 27 75 is

1247 2338 55 75 the
1319 2338 77 75 debt
1420 2338 62 75 due
1509 2338 35 75 to
1560 2338 38 75 or
1622 2338 44 75 by
1682 2338 55 75 the
1754 2338 139 75 partner,
1920 2338 60 75 and
2009 2338 26 75 is
2064 2338 107 75 clofed
2198 2338 99 75 with-

1248 2385 86 75 Bala
1338 2385 67 75 nee.

1296 2431 98 75 Note.
1413 2431 37 75 If
1457 2431 55 75 the
1523 2431 105 75 defign
1639 2431 41 75 of
1691 2431 166 75 balancing
1873 2431 55 75 the
1941 2431 337 75 company-accompts
2293 2431 6 75 -

1249 2477 51 75 be,
1327 2477 56 75 not
1399 2477 31 75 in
1448 2477 95 75 order
1566 2477 35 75 to
1617 2477 95 75 know
1729 2477 56 75 the
1808 2477 78 75 ftate
1903 2477 40 75 of
1955 2477 55 75 the
2030 2477 182 75 company’s
2229 2477 47 75 af-

1250 2524 88 75 fairs,
1365 2524 152 75 but-only
1532 2524 70 75 that
1619 2524 54 75 the
1690 2524 54 75 old
1757 2524 130 75 Ledger
1904 2524 73 75 may
1994 2524 38 75 be
2049 2524 140 75 finifhed,
2216 2524 64 75 and

1250 2570 54 75 the
1322 2570 160 75 accompts
1499 2570 123 75 carried
1643 2570 33 75 to
1693 2570 71 75 new
1780 2570 101 75 books
1898 2570 7 75 :
1933 2570 55 75 the
2006 2570 211 75 accomptant,
2245 2570 33 75 in

1251 2617 62 75 this
1331 2617 81 75 cafe,
1436 2617 73 75 may
1522 2617 101 75 either
1640 2617 130 75 balance
1787 2617 87 75 them
1891 2617 33 75 as
1941 2617 256 75 above-direffed
2213 2617 9 75 ;
2242 2617 39 75 or

1250 2664 41 75 he
1308 2664 86 75 may,
1417 2664 35 75 if
1459 2664 40 75 he
1517 2664 130 75 pleafes,
1673 2664 83 75 clofe
1779 2664 40 75 all
1837 2664 40 75 of
1889 2664 87 75 them
1993 2664 43 75 by
2053 2664 18 75 a
2087 2664 117 75 double
2220 2664 57 75 ba-

1249 2710 112 75 lance,;
1396 2710 104 75 which
1517 2710 27 75 is
1568 2710 55 75 the
1651 2710 104 75 eafieft
1782 2710 61 75 and
1865 2710 131 75 fhorteft
2009 2710 87 75 way,
2131 2710 63 75 and
2211 2710 70 75 will

1249 2757 80 75 have
1346 2757 53 75 the
1416 2757 82 75 fame
1515 2757 92 75 effeff
1624 2757 31 75 in
1673 2757 54 75 the
1744 2757 88 75 iffue.
1848 2757 3 75 .

1251 2854 24 75 §;
1288 2854 37 75 3.
1354 2854 112 75 What
1485 2854 59 75 the
1563 2854 181 75 Balances
1761 2854 49 75 of
1820 2854 61 75 the
1894 2854 190 75 Accompts
2095 2854 82 75 kept
2192 2854 44 75 by
2254 2854 44 75 as

1462 2905 149 75 Prujlee
1629 2905 40 75 in
1678 2905 172 75 feparate
1864 2905 117 75 Books
1998 2905 76 75 are.

1338 2977 27 75 1.
1394 2977 101 75 Goods
1513 2977 34 75 in
1560 2977 168 75 Company,
1753 2977 68 75 and
1834 2977 122 75 Voyage
1973 2977 35 75 in
2025 2977 190 75 Company,.

1297 3024 118 75 Have,
1425 3024 55 75 the
1495 3024 84 75 fame
1596 3024 106 75 things
1719 3024 85 75 upon
1821 3024 85 75 their
1922 3024 54 75 Dr
1987 3024 61 75 and
2061 3024 48 75 Cr
2123 3024 92 75 fides,
2242 3024 34 75 as

2184 3078 114 75 when.
