2396 3377
508 163 41 75 A
607 163 35 75 L
698 163 39 75 V

1085 163 19 75 (
1168 163 17 75 i

142 228 368 75 ALTO'RIPIENO,
535 228 33 75 in
596 228 109 75 mufic,
739 228 56 75 the
819 228 95 75 tenor
940 228 41 75 of
1007 228 56 75 the
1087 228 91 75 great

187 274 117 75 chorus
328 274 106 75 which
459 274 83 75 fings
563 274 62 75 and
643 274 94 75 plays
751 274 77 75 only
848 274 75 75 now
951 274 62 75 and
1039 274 78 75 then
1143 274 33 75 in

183 319 89 75 ibrae
290 319 172 75 particular
473 319 119 75 places.

139 365 213 75 ALTORF,
379 365 18 75 a
412 365 89 75 town
518 365 41 75 of
569 365 181 75 Germany,
774 365 34 75 in
828 365 56 75 the
901 365 96 75 circle
1021 365 41 75 of
1085 365 91 75 Swa-

188 414 64 75 bia,
277 414 135 75 fituated
428 414 32 75 in
477 414 49 75 N.
543 414 60 75 lat.
622 414 64 75 47°
799 414 62 75 and
877 414 41 75 E.
939 414 88 75 long.
1048 414 41 75 q°
1108 414 68 75 gj'.

140 458 177 75 Altorf,
342 458 27 75 is
385 458 140 75 likewife
552 458 55 75 the
635 458 92 75 name
755 458 41 75 of
813 458 19 75 a
854 458 87 75 town
957 458 33 75 in
1007 458 55 75 the
1078 458 98 75 circle

186 505 41 75 of
238 505 188 75 Franconia,
444 505 135 75 fituated
594 505 33 75 in
643 505 48 75 N.
709 505 59 75 lat.
785 505 45 75 49
830 487 20 49 0
864 505 68 75 20',
950 505 117 75 andE.
1083 505 91 75 long.

191 553 60 75 11°
270 553 68 75 20'.

138 597 178 75 Altorf,
342 597 27 75 is
395 597 65 75 alfo
484 597 56 75 the
568 597 116 75 capital
707 597 41 75 of
769 597 56 75 the
845 597 114 75 canton
983 597 41 75 of
1042 597 76 75 Uri,
1143 597 33 75 in

187 643 228 75 Switzerland,
441 643 135 75 fituated
591 643 41 75 on
649 643 55 75 the
724 643 72 75 lake
820 643 144 75 Lucern,
989 643 33 75 in
1044 643 48 75 N.
1115 643 59 75 lat.

188 691 63 75 46°
273 691 65 75 jo',
364 691 64 75 and
443 691 44 75 E.
503 691 91 75 long.
612 691 41 75 8°
672 691 67 75 3c/.

139 736 353 75 ALTRINGHAM,
517 736 20 75 a
571 736 88 75 town
691 736 40 75 of
761 736 154 75 Chefhire
945 736 32 75 in
1011 736 162 75 England,

186 782 85 75 upon
298 782 55 75 the
380 782 133 75 borders
541 782 40 75 of
609 782 206 75 Lancafhire,
846 782 93 75 feven
970 782 91 75 miles
1089 782 86 75 from

188 827 216 75 Manchefter.

140 875 197 75 ALTRIP,
363 875 19 75 a
398 875 88 75 fmall
511 875 87 75 town
616 875 40 75 of
675 875 180 75 Germany,
879 875 32 75 in
928 875 56 75 the
999 875 125 75 diocefe
1140 875 42 75 of

186 921 107 75 Spire,
318 921 139 75 fituated
472 921 86 75 upon
578 921 59 75 the
659 921 121 75 Rhine,
806 921 19 75 a
848 921 85 75 little
953 921 100 75 above
1077 921 98 75 Man-

186 967 98 75 heim.

140 1015 261 75 ALTUMAL,
418 1015 20 75 a
453 1015 83 75 term
552 1015 179 75 fometimes
748 1015 76 75 ufed
836 1015 35 75 to
887 1015 117 75 denote
1020 1015 56 75 the
1092 1015 84 75 mer-

190 1060 115 75 cantile
323 1060 78 75 ftyle
416 1060 39 75 or
470 1060 125 75 dialed.

139 1106 177 75 ALTUS,
342 1106 32 75 in
391 1106 107 75 mufic.
549 1106 62 75 See
627 1106 358 75 Counter-tenor.

140 1152 275 75 ALTZHEIM,
443 1152 36 75 or
496 1152 181 75 Altzky,
703 1152 18 75 a
737 1152 87 75 town
841 1152 41 75 of
900 1152 180 75 Germany,
1101 1152 74 75 fitu-

187 1198 76 75 ated
289 1198 31 75 in
345 1198 48 75 N.
411 1198 58 75 lat.
488 1198 45 75 49
533 1180 19 49 0
572 1198 54 75 45'
626 1198 12 75 ,
665 1198 63 75 and
755 1198 45 75 E.
817 1198 89 75 long.
927 1198 18 75 7
945 1180 21 49 0
987 1198 54 75 52'
1041 1198 11 75 ,
1079 1198 97 75 about

188 1246 42 75 42
248 1246 91 75 miles
356 1246 48 75 N.
422 1246 61 75 W.
500 1246 41 75 of
552 1246 210 75 Heidelberg.

141 1290 135 75 ALVA
293 1290 39 75 de
348 1290 144 75 Tormes,
518 1290 18 75 a
552 1290 87 75 tov/n
655 1290 40 75 of
714 1290 110 75 Spain,
849 1290 33 75 in
900 1290 56 75 the
971 1290 150 75 province
1139 1290 41 75 of

189 1336 106 75 Leon,
320 1336 134 75 fituated
476 1336 42 75 on
546 1336 57 75 the
621 1336 83 75 river
719 1336 155 75 Tormes,
899 1336 33 75 in
953 1336 48 75 N.
1019 1336 58 75 lat.
1097 1336 40 75 41
1137 1318 23 49 0
1160 1336 14 75 ,

189 1381 61 75 and
262 1381 62 75 W.
343 1381 89 75 long.
450 1381 55 75 6°,
520 1381 97 75 about
638 1381 41 75 16
696 1381 91 75 miles
805 1381 37 75 S.
859 1381 45 75 E.
919 1381 43 75 of
974 1381 200 75 Salamanca.

141 1429 182 75 ALVAH,
350 1429 115 75 among
481 1429 55 75 the
552 1429 240 75 Mahometans,
819 1429 55 75 the
891 1429 91 75 name
1007 1429 44 75 by
1067 1429 106 75 which

188 1474 77 75 they
282 1474 60 75 call
368 1474 55 75 the
448 1474 97 75 wood
570 1474 187 75 wherewith
777 1474 110 75 Mofes
913 1474 179 75 fweetened
1119 1474 56 75 the

187 1521 115 75 waters
319 1521 41 75 of
378 1521 134 75 Marah.

140 1567 255 75 ALVAHAT,
422 1567 18 75 a
456 1567 150 75 province
629 1567 41 75 of
687 1567 115 75 higher
818 1567 123 75 Egypt,
967 1567 133 75 fituated
1115 1567 59 75 un-

188 1612 57 75 der
261 1612 55 75 the
333 1612 133 75 tropics.

143 1660 239 75 ALVARID,
409 1660 32 75 in
458 1660 55 75 the
533 1660 120 75 hiftory
669 1660 40 75 of
732 1660 111 75 Spain,
870 1660 18 75 a
906 1660 78 75 kind
1011 1660 41 75 of
1074 1660 99 75 magi-

187 1705 95 75 ftrate
297 1705 39 75 or
348 1705 113 75 judge,
487 1705 150 75 differing
663 1705 78 75 very
758 1705 83 75 little
865 1705 86 75 from
974 1705 55 75 the
1056 1705 115 75 alcaid.

189 1750 61 75 See
268 1750 169 75 Alcaid.

140 1798 288 75 ALVARISTS,
441 1798 32 75 in
490 1798 119 75 church
625 1798 129 75 hiftory,
770 1798 18 75 a
806 1798 121 75 branch
942 1798 41 75 of
992 1798 179 75 Thomifts,

187 1843 35 75 fo
239 1843 102 75 called
357 1843 83 75 from
457 1843 137 75 Alvares
610 1843 84 75 their
709 1843 108 75 leader
831 1843 9 75 ;
868 1843 73 75 who
958 1843 133 75 afferted
1106 1843 65 75 fuf-

185 1889 107 75 ficient
317 1889 104 75 grace,
447 1889 119 75 inftead
589 1889 41 75 of
648 1889 54 75 the
730 1889 177 75 efficacious
934 1889 95 75 grace
1057 1889 41 75 of
1115 1889 56 75 the

187 1935 123 75 ancient
325 1935 178 75 Thomifts.
535 1935 61 75 See
612 1935 220 75 Thomists.

137 1984 100 75 ALU
242 1984 77 75 CO,
337 1984 30 75 in
387 1984 217 75 ornithology,
618 1984 55 75 the
689 1984 107 75 trivial
812 1984 92 75 name
920 1984 41 75 of
971 1984 19 75 a
1006 1984 117 75 fpecies
1136 1984 40 75 of

185 2028 89 75 ftrix.
324 2028 62 75 See
403 2028 142 75 Strix.

136 2076 185 75 ALUDE,
348 2076 17 75 a
381 2076 77 75 kind
475 2076 39 75 of
533 2076 119 75 fheep’s
669 2076 135 75 leather,
830 2076 61 75 one
915 2076 62 75 fide
1001 2076 42 75 of
1063 2076 107 75 which

184 2120 56 75 has
258 2120 55 75 the
329 2120 84 75 wool
430 2120 55 75 on.

135 2168 246 75 ALUDELS,
407 2168 32 75 in
456 2168 180 75 chemiftry,
661 2168 130 75 earthen
813 2168 71 75 pots
900 2168 118 75 ranged
1046 2168 61 75 one
1134 2168 34 75 a-

184 2213 81 75 bove
281 2213 145 75 another,
452 2213 52 75 for
520 2213 156 75 retaining
698 2213 56 75 the
772 2213 127 75 flowers
920 2213 106 75 which
1053 2213 117 75 afcend

184 2259 31 75 in
232 2259 56 75 the
304 2259 125 75 procefs
452 2259 41 75 of
510 2259 214 75 fublimation.
771 2259 78 75 The
872 2259 109 75 loweft
1009 2259 104 75 aludel
1141 2259 27 75 is

183 2306 93 75 fitted
292 2306 36 75 to
343 2306 55 75 the
427 2306 56 75 pot
502 2306 105 75 which
628 2306 142 75 contains
796 2306 55 75 the
866 2306 119 75 matter
1000 2306 36 75 to
1060 2306 40 75 be
1117 2306 49 75 fu-

184 2352 129 75 blimed,
340 2352 62 75 and
418 2352 32 75 at
466 2352 56 75 the
539 2352 55 75 top
611 2352 27 75 is
664 2352 18 75 a
710 2352 82 75 clofe
816 2352 83 75 head
921 2352 52 75 for
1000 2352 168 75 cofteding

183 2398 55 75 the
254 2398 123 75 flowers
394 2398 105 75 which
516 2398 114 75 afcend
645 2398 135 75 higheft.
831 2398 61 75 See
913 2398 252 75 Chemistry.

103 2447 4 75 '
107 2447 17 75 *•
133 2447 310 75 ALVEARIUM,
468 2447 33 75 in
524 2447 160 75 anatomy,
710 2447 56 75 the
793 2447 121 75 hollow
937 2447 40 75 of
996 2447 56 75 the
1074 2447 93 75 outer

181 2490 65 75 ear.
296 2490 63 75 See
376 2490 211 75 Ana-tomy,
605 2490 77 75 Part
699 2490 63 75 VI.

134 2536 253 75 Alvearium,
412 2536 32 75 in
461 2536 131 75 matters
608 2536 41 75 of
671 2536 178 75 literature,
872 2536 27 75 is
915 2536 77 75 ufed
1007 2536 32 75 in
1052 2536 18 75 a
1086 2536 80 75 figu-

182 2583 99 75 rative
297 2583 85 75 fenfe
398 2583 52 75 for
468 2583 18 75 a
502 2583 164 75 colledion
685 2583 37 75 or
734 2583 177 75 thefaurus.

132 2630 275 75 ALVEOLUS,
420 2630 33 75 in
470 2630 125 75 natural
611 2630 132 75 hiftory,
757 2630 55 75 the
829 2630 92 75 name
933 2630 40 75 of
983 2630 56 75 the
1051 2630 115 75 waxen

181 2675 76 75 cells
280 2675 31 75 in
328 2675 176 75 bee-hives.
554 2675 62 75 See
632 2675 108 75 Apis.

133 2721 225 75 Alveolus,
383 2721 35 75 in
432 2721 161 75 anatomy,
615 2721 55 75 the
685 2721 126 75 fockets
827 2721 32 75 in
877 2721 54 75 the
944 2721 82 75 jaws
1042 2721 122 75 where-

180 2765 30 75 in
228 2765 55 75 the
299 2765 88 75 teeth
405 2765 53 75 are
475 2765 99 75 fixed.
619 2765 67 75 See
703 2765 214 75 Anatomy,
934 2765 79 75 Part
1030 2765 30 75 I.

132 2813 226 75 Alveolus,
383 2813 31 75 in
437 2813 133 75 botany,
595 2813 56 75 the
667 2813 92 75 name
776 2813 40 75 of
834 2813 56 75 the
907 2813 76 75 cells
1007 2813 32 75 in
1057 2813 106 75 which

179 2857 55 75 the
258 2857 87 75 feeds
362 2857 40 75 of
419 2857 119 75 feveral
555 2857 105 75 plants
674 2857 56 75 are
753 2857 132 75 ranged.

133 2905 223 75 Alveolus,
381 2905 32 75 in
438 2905 123 75 natural
583 2905 132 75 hiftory,
741 2905 19 75 a
784 2905 50 75 fea
850 2905 98 75 foflile
972 2905 41 75 of
1029 2905 21 75 a
1074 2905 90 75 conic

178 2949 112 75 figure,
315 2949 168 75 compofed
498 2949 40 75 of
549 2949 18 75 a
583 2949 133 75 number
731 2949 41 75 of
791 2949 89 75 cells,
905 2949 64 75 like
985 2949 177 75 bee-hives,

124 3027 10 49 v
172 2995 113 75 joined
301 2995 68 75 into
385 2995 78 75 each
480 2995 106 75 other,
607 2995 78 75 with
702 2995 19 75 a
734 2995 75 75 pipe
825 2995 40 75 of
882 2995 277 75 communication.

177 3042 97 75 Vol.
292 3042 29 75 I.
347 3042 71 75 No.
439 3042 33 75 6.
504 3074 14 49 t

1092 3042 17 75 3

1210 149 4 104 ■
1222 175 25 75 9
1303 175 22 75 )

1669 175 239 75 ALU

1225 224 207 75 ALVEUS,
1458 224 32 75 in
1508 224 161 75 anatomy,
1695 224 19 75 a
1729 224 92 75 name
1836 224 179 75 fometimes
2037 224 93 75 given
2154 224 34 75 to
2204 224 56 75 the

1272 271 102 75 tumid
1388 271 111 75 ladeal
1515 271 108 75 veffels
1640 271 194 75 proceeding
1850 271 83 75 from
1951 271 55 75 the
2022 271 235 75 receptaculum

1273 316 99 75 chyli.

1225 364 171 75 Alveus,
1421 364 26 75 is
1473 364 64 75 alfo
1552 364 77 75 ufed
1652 364 32 75 in
1700 364 128 75 Roman
1844 364 233 75 antiquity,for
2094 364 18 75 a
2127 364 135 75 kind'of

1273 409 87 75 boat,
1385 409 162 75 fafhioned
1573 409 58 75 out
1658 409 41 75 of
1720 409 55 75 the
1803 409 97 75 trunk
1924 409 41 75 of
1988 409 17 75 a
2032 409 96 75 Angle
2160 409 69 75 tree
2244 409 9 75 :

1274 454 87 75 Such
1377 454 64 75 was
1458 454 70 75 that
1551 454 34 75 in
1612 454 107 75 which
1745 454 159 75 Romulus
1933 454 62 75 and
2021 454 123 75 Remus
2171 454 85 75 were

1274 501 152 75 expofed.

1224 549 273 75 ALVIDONA,
1523 549 19 75 a
1557 549 87 75 town
1661 549 41 75 of
1720 549 163 75 Calabria,
1908 549 32 75 in
1966 549 56 75 the
2044 549 153 75 kingdom
2220 549 41 75 of

1273 594 135 75 Naples,
1432 594 86 75 upon
1536 594 53 75 the
1606 594 98 75 gulph
1721 594 40 75 of
1779 594 152 75 Roffano.

1224 641 250 75 ALYlflttxus,
1500 641 114 75 among
1630 641 186 75 phyficians.
1866 641 62 75 See
1945 641 253 75 Diarrhoea.

1225 686 176 75 Qbjiruftio
1416 686 117 75 Alvi,
1559 686 19 75 a
1605 686 99 75 Latin
1730 686 112 75 phrafe
1867 686 52 75 for
1946 686 196 75 coftivenefs.
2193 686 62 75 See

1273 733 272 75 COSTIVENESS.

1223 780 271 75 ALVIDUCAp
1521 780 115 75 among
1663 780 187 75 phyficians,
1876 780 19 75 a
1921 780 83 75 term
2035 780 52 75 for
2113 780 142 75 laxative

1271 825 184 75 medicines.

1223 871 158 75 ALUM,
1399 871 37 75 or
1455 871 179 75 Alumen,
1652 871 33 75 in
1700 871 125 75 natural
1837 871 131 75 hiftory,
1986 871 19 75 a
2020 871 140 75 peculiar
2176 871 81 75 kind

1271 917 40 75 of
1332 917 71 75 fait,
1433 917 179 75 fometimes
1640 917 100 75 found
1765 917 90 75 pure,
1877 917 59 75 but
1963 917 107 75 oftner
2092 917 165 75 feparated

1273 963 85 75 from
1374 963 119 75 feveral
1516 963 189 75 fubftances,
1731 963 33 75 as
1781 963 19 75 a
1815 963 63 75 foft
1896 963 123 75 reddifh
2037 963 86 75 ftone
2139 963 31 75 in
2188 963 66 75 Ita-

1273 1010 45 75 ly,
1344 1010 119 75 feveral
1487 1010 94 75 kinds
1605 1010 39 75 of
1663 1010 104 75 earth,
1793 1010 73 75 and,
1891 1010 32 75 in
1948 1010 162 75 England,
2129 1010 84 75 from
2236 1010 19 75 a

1273 1056 125 75 whitifh
1415 1056 38 75 or
1477 1056 100 75 bluiflt
1603 1056 98 75 ftone,
1727 1056 104 75 called
1849 1056 79 75 Irifli
1944 1056 89 75 flate.
2083 1056 110 75 Alum,
2222 1056 33 75 in

1273 1103 166 75 medicine,
1457 1103 27 75 is
1510 1103 18 75 a
1543 1103 157 75 powerful
1716 1103 184 75 aftringent.
1950 1103 164 75 In'dying,
2132 1103 26 75 it
2174 1103 91 75 fixes'

1272 1149 54 75 the
1342 1149 128 75 colours
1487 1149 85 75 upon
1589 1149 54 75 the
1659 1149 86 75 fluff.
1795 1149 62 75 See
1873 1149 253 75 Chemistry.

1224 1196 132 75 Procefs
1381 1196 43 75 of
1438 1196 129 75 making
1591 1196 131 75 Alum.
1771 1196 49 75 At
1835 1196 155 75 Whitby,
2020 1196 31 75 in
2070 1196 183 75 Yorkftftre,

1272 1242 86 75 alum
1373 1242 26 75 is
1416 1242 93 75 made
1533 1242 74 75 thus
1621 1242 9 75 :
1658 1242 129 75 Having
1810 1242 95 75 burnt
1930 1242 18 75 a
1972 1242 148 75 quantity
2137 1242 40 75 of
2197 1242 57 75 the

1271 1288 55 75 ore
1342 1288 78 75 with
1438 1288 114 75 whins,
1578 1288 37 75 or
1632 1288 106 75 wood,
1763 1288 49 75 till
1830 1288 25 75 it
1879 1288 146 75 becomes
2043 1288 109 75 white,
2177 1288 78 75 then

1272 1334 76 75 they
1364 1334 127 75 barrow
1506 1334 26 75 it
1549 1334 31 75 in
1597 1334 19 75 a
1638 1334 59 75 pit,
1723 1334 106 75 where
1846 1334 25 75 it
1894 1334 26 75 is
1945 1334 127 75 fteeped
2098 1334 31 75 in
2155 1334 100 75 water

1269 1380 52 75 for
1337 1380 88 75 eight
1441 1380 38 75 or
1494 1380 54 75 ten
1565 1380 110 75 hours.
1723 1380 84 75 This
1830 1380 120 75 liquor,
1976 1380 37 75 or
2039 1380 157 75 lixivium,
2225 1380 28 75 is

1270 1427 164 75 conveyed
1449 1427 44 75 by
1508 1427 133 75 troughs
1659 1427 35 75 to
1710 1427 56 75 the
1783 1427 209 75 alum-houfe,
2019 1427 68 75 into
2111 1427 141 75 cifterns,

1270 1473 61 75 and
1347 1473 85 75 from
1448 1473 88 75 them
1553 1473 68 75 into
1638 1473 55 75 the
1716 1473 90 75 pans,
1824 1473 108 75 where
1948 1473 25 75 it
1990 1473 26 75 is
2033 1473 106 75 boiled
2156 1473 98 75 about

1271 1522 43 75 24
1332 1522 111 75 hours.
1490 1522 101 75 They
1607 1522 63 75 add
1686 1522 19 75 a
1720 1522 121 75 certain
1860 1522 149 75 quantity
2024 1522 41 75 of
2082 1522 54 75 the
2153 1522 49 75 lee
2217 1522 41 75 of

1268 1566 73 75 kelp
1357 1566 10 75 ;
1394 1566 55 75 the
1466 1566 105 75 whole
1598 1566 27 75 is
1643 1566 109 75 drawn
1768 1566 52 75 off
1836 1566 72 75 into,
1934 1566 18 75 a
1979 1566 108 75 fetder
2101 1566 9 75 ;
2147 1566 106 75 whefe

1268 1611 118 75 having
1410 1611 161 75 remained
1591 1611 98 75 about
1710 1611 38 75 an
1764 1611 94 75 hour,
1884 1611 71 75 that
1973 1611 54 75 the
2044 1611 130 75 ftilphur
2189 1611 71 75 and,

1269 1658 94 75 other
1378 1658 94 75 dregs
1491 1658 72 75 may
1579 1658 80 75 have
1676 1658 77 75 time
1769 1658 35 75 to
1819 1658 91 75 fettle
1934 1658 34 75 to
1984 1658 55 75 the
2060 1658 136 75 bottom,
2225 1658 27 75 it

1268 1704 26 75 is
1312 1704 164 75 conveyed
1491 1704 69 75 into
1578 1704 136 75 coolers.
1763 1704 87 75 This
1865 1704 95 75 done,
1979 1704 36 75 to
2030 1704 98 75 every
2143 1704 56 75 tun
2217 1704 41 75 of

1269 1751 55 75 the
1351 1751 108 75 liquor
1488 1751 79 75 they
1595 1751 64 75 add
1689 1751 97 75 about
1814 1751 88 75 eight
1929 1751 122 75 gallons
2078 1751 41 75 of
2139 1751 110 75 urine;

1268 1798 62 75 and
1345 1798 117 75 having
1477 1798 91 75 flood
1585 1798 73 75 four
1673 1798 79 75 days
1770 1798 62 75 and
1848 1798 119 75 nights,
1992 1798 49 75 till
2058 1798 89 75 quite
2164 1798 85 75 cool,

1264 1845 56 75 the
1337 1845 84 75 alum
1437 1845 110 75 begins
1564 1845 36 75 to
1616 1845 177 75 cryftallize
1814 1845 41 75 on
1880 1845 55 75 the
1952 1845 78 75 fides
2051 1845 41 75 of
2111 1845 54 75 the
2182 1845 68 75 vef-

1266 1891 56 75 fel,
1347 1891 83 75 from
1454 1891 105 75 which
1587 1891 96 75 being
1712 1891 130 75 fcraped
1863 1891 58 75 off,
1947 1891 25 75 it
1988 1891 28 75 is
2031 1891 124 75 waflied
2170 1891 82 75 with

1265 1936 63 75 fair
1356 1936 109 75 water,
1502 1936 62 75 and
1588 1936 75 75 then
1693 1936 126 75 thrown
1842 1936 32 75 in
1903 1936 18 75 a
1948 1936 87 75 bing,
2061 1936 35 75 to
2119 1936 46 75 let
2192 1936 58 75 the

1264 1982 100 75 water
1387 1982 90 75 drain
1494 1982 56 75 off.
1602 1982 99 75 After
1716 1982 64 75 this
1797 1982 26 75 it
1839 1982 25 75 is
1891 1982 126 75 thrown
2042 1982 67 75 into
2133 1982 18 75 a
2174 1982 73 75 pan,

1265 2029 102 75 called
1383 2029 55 75 the
1464 2029 133 75 roching
1620 2029 73 75 pan,
1719 2029 62 75 and
1797 2029 92 75 there
1913 2029 137 75 melted;
2086 2029 33 75 in
2141 2029 108 75 which

1264 2075 77 75 ftate
1368 2075 28 75 it
1419 2075 27 75 is
1474 2075 163 75 conveyed
1665 2075 43 75 by
1723 2075 134 75 troughs
1884 2075 68 75 into
1975 2075 86 75 tuns,
2081 2075 112 75 where
2222 2075 27 75 it

1264 2122 103 75 Hands
1384 2122 97 75 about
1502 2122 40 75 10
1559 2122 92 75 days,
1677 2122 49 75 till
1744 2122 152 75 perfectly
1912 2122 190 75 condenfed.
2149 2122 98 75 Then

1264 2168 120 75 ftaving
1400 2168 55 75 the
1472 2168 86 75 tuns,
1584 2168 55 75 the
1661 2168 85 75 alum
1769 2168 26 75 is
1809 2168 183 75 takeaout,
2009 2168 149 75 chipped,
2184 2168 63 75 and

1265 2214 122 75 carried
1404 2214 34 75 to
1454 2214 55 75 the
1526 2214 225 75 ftore-houfes.

1310 2260 84 75 This
1411 2260 26 75 is
1455 2260 87 75 what
1558 2260 48 75 we
1622 2260 181 75 commonly
1815 2260 60 75 call
1889 2260 96 75 roche
1997 2260 37 75 or
2050 2260 79 75 rock
2146 2260 98 75 alum,

1262 2306 34 75 as
1311 2306 96 75 being
1424 2306 155 75 prepared
1595 2306 83 75 from
1695 2306 101 75 ftones
1814 2306 55 75 cut
1896 2306 83 75 from
2004 2306 55 75 the
2086 2306 95 75 rocks
2210 2306 42 75 of

1262 2352 57 75 the
1335 2352 120 75 quarry
1468 2352 10 75 ;
1505 2352 63 75 and
1592 2352 103 75 ftands
1723 2352 333 75 contradiftinguifhed
2078 2352 87 75 from
2189 2352 56 75 the

1264 2398 145 75 common
1426 2398 97 75 alum,
1549 2398 37 75 or
1602 2398 70 75 that
1688 2398 155 75 prepared
1858 2398 85 75 from
1958 2398 120 75 earths.

1213 2443 173 75 Artificial
1410 2443 129 75 Alum,
1565 2443 71 75 that
1668 2443 154 75 prepared
1855 2443 43 75 by
1931 2443 63 75 art,
2020 2443 32 75 in
2080 2443 161 75 contradi-

1262 2489 141 75 ftindion
1420 2489 83 75 from
1521 2489 54 75 the
1603 2489 104 75 native
1735 2489 97 75 alum.
1882 2489 31 75 It
1937 2489 26 75 is
1992 2489 65 75 alfo
2084 2489 77 75 ufed
2191 2489 53 75 for

1262 2535 86 75 alum
1362 2535 170 75 produced
1540 2535 44 75 by
1602 2535 123 75 caufing
1742 2535 95 75 burnt
1852 2535 129 75 earthen
1998 2535 109 75 veffels
2124 2535 120 75 imbibe

1263 2581 17 75 a
1296 2581 87 75 large
1399 2581 149 75 quantity
1564 2581 40 75 of
1622 2581 42 75 oil
1682 2581 40 75 of
1740 2581 126 75 vitriol;
1893 2581 55 75 the
1964 2581 93 75 effect
2074 2581 40 75 of
2135 2581 108 75 which

1261 2627 40 75 is,
1338 2627 69 75 that
1439 2627 78 75 they
1548 2627 53 75 are
1628 2627 136 75 thereby
1791 2627 138 75 reduced
1960 2627 35 75 to
2027 2627 19 75 a
2072 2627 169 75 mucilage,

1262 2673 118 75 which,
1397 2673 95 75 being
1508 2673 140 75 expofed
1665 2673 34 75 to
1721 2673 56 75 the
1793 2673 80 75 open
1892 2673 58 75 air,
1976 2673 120 75 affords
2113 2673 130 75 cryftals

1261 2718 40 75 of
1319 2718 77 75 pure
1412 2718 96 75 alum.
1555 2718 273 75 Tobacco-pipes,
1852 2718 121 75 wetted
1988 2718 79 75 with
2089 2718 90 75 fpirit
2206 2718 42 75 of

1259 2766 142 75 fulphur,
1426 2766 139 75 likewife
1592 2766 105 75 afford
1711 2766 156 75 beautiful
1888 2766 129 75 cryftals
2034 2766 41 75 of
2102 2766 140 75 plumole

1260 2812 96 75 alum.

1213 2858 109 75 Burnt
1340 2858 129 75 Alum,
1483 2858 26 75 is
1522 2858 77 75 -that
1614 2858 117 75 melted
1747 2858 31 75 in
1792 2858 17 75 a
1826 2858 190 75 fire-lhovel,
2034 2858 38 75 or
2088 2858 151 75 crucible,

1258 2905 106 75 where
1380 2905 26 75 it
1421 2905 27 75 is
1465 2905 136 75 allowed
1616 2905 36 75 to
1668 2905 117 75 bubble
1801 2905 49 75 till
1875 2905 26 75 it
1926 2905 147 75 becomes
2097 2905 19 75 a
2143 2905 99 75 white

1256 2951 80 75 hard
1352 2951 171 75 fubftance.

1302 3000 76 75 The
1394 3000 122 75 watery
1531 3000 71 75 part
1618 3000 41 75 of
1676 3000 56 75 the
1760 3000 83 75 alum
1864 3000 94 75 being
1976 3000 74 75 thus
2075 3000 163 75 expelled,

1681 3049 32 75 K
1729 3049 23 75 k

2186 3049 56 75 the
