2428 3377
155 134 100 75 Part
273 134 48 75 II.

723 135 40 75 A
880 135 42 75 N
1040 136 41 75 A

155 261 153 75 Sect.
338 261 52 75 X.
460 261 79 75 The
576 261 219 75 Muscles
831 261 133 75 which
995 261 100 75 move
1121 261 69 75 the

269 317 119 75 Bones
409 317 46 75 of
474 317 66 75 the
565 317 80 75 Leg
664 317 43 75 on
728 317 66 75 the
823 317 55 75 Os
900 317 174 75 Femoris.

192 415 159 75 Rectus
376 415 212 75 Anterior
603 415 75 75 five
702 415 199 75 Gracilis
926 415 225 75 Anterior.

198 494 102 75 This
317 494 118 75 mufcle
448 494 29 75 is
495 494 33 75 as
544 494 78 75 long
639 494 32 75 as
689 494 55 75 the
760 494 37 75 os
814 494 152 75 femoris;
992 494 63 75 and
1066 494 57 75 lies
1137 494 49 75 di-

157 540 99 75 rectly
272 540 96 75 along
383 540 55 75 the
455 540 134 75 forefide
616 540 39 75 of
678 540 55 75 the
760 540 106 75 thigh,
891 540 84 75 from
1003 540 131 75 whence
1161 540 27 75 it

153 586 57 75 has
226 586 57 75 the
300 586 93 75 name
410 586 41 75 of
463 586 106 75 rettus
585 586 162 75 anterior.

202 632 31 75 It
249 632 185 75 terminates
452 632 113 75 above,
582 632 44 75 by
642 632 18 75 a
676 632 109 75 pretty
801 632 107 75 Urong
924 632 131 75 tendon,
1079 632 108 75 which

155 678 26 75 is
199 678 130 75 divided
352 678 68 75 into
438 678 66 75 two
520 678 166 75 branches,
713 678 60 75 one
790 678 85 75 fhort
892 678 62 75 and
971 678 143 75 ftraight,
1132 678 56 75 the

153 724 95 75 other
263 724 77 75 long
357 724 62 75 and
435 724 89 75 bent.
584 724 77 75 The
677 724 87 75 Ihort
780 724 132 75 branch,
942 724 135 75 running
1096 724 41 75 up
1154 724 32 75 in

156 771 18 75 a
192 771 131 75 ftraight
340 771 76 75 line,
441 771 27 75 is
484 771 136 75 inferted
633 771 33 75 in
684 771 54 75 the
756 771 138 75 anterior
906 771 133 75 inferior
1055 771 85 75 ipine
1152 771 41 75 of

153 818 55 75 the
224 818 36 75 os
278 818 103 75 ilium.

198 864 76 75 The
290 864 77 75 long
381 864 120 75 branch
517 864 25 75 is
561 864 145 75 inflected
718 864 172 75 backward
907 864 77 75 over
1003 864 55 75 the
1078 864 107 75 fuper-

153 910 25 75 c'
178 910 84 75 dium
278 910 40 75 of
328 910 55 75 the
405 910 211 75 acetabulum,
635 910 62 75 and
709 910 75 75 runs
802 910 30 75 in
847 910 54 75 the
918 910 152 75 direction
1080 910 106 75 there-

155 956 47 75 of,
228 956 85 75 from
329 956 56 75 the
402 956 86 75 fpine
504 956 126 75 toward
653 956 55 75 the
733 956 90 75 great
847 956 141 75 ifchiatic
1011 956 94 75 finus.
1155 956 32 75 It

156 1002 27 75 is
202 1002 105 75 ftrong
324 1002 63 75 and
403 1002 68 75 fiat,
489 1002 154 75 adhering
659 1002 79 75 very
750 1002 117 75 clofely
884 1002 35 75 to
936 1002 55 75 the
1007 1002 96 75 bone,
1124 1002 63 75 and

155 1049 138 75 covered
308 1049 45 75 by
368 1049 56 75 the
444 1049 161 75 orbicular
621 1049 153 75 ligament
799 1049 63 75 and
890 1049 55 75 the
973 1049 135 75 glutasus
1126 1049 59 75 mi-

154 1095 114 75 nimus.

201 1142 97 75 From
313 1142 114 75 thence
443 1142 56 75 the
515 1142 118 75 mufcle
652 1142 75 75 runs
746 1142 95 75 down
858 1142 122 75 wholly
996 1142 109 75 flefhy,
1123 1142 64 75 and

153 1187 107 75 partly
275 1187 192 75 penniform,
492 1187 86 75 fome
606 1187 40 75 of
665 1187 43 75 its
731 1187 94 75 fibres
843 1187 139 75 meeting
1000 1187 100 75 above
1122 1187 64 75 and

154 1235 178 75 feparating
347 1235 117 75 below.
513 1235 32 75 It
564 1235 26 75 is
615 1235 126 75 narrow
758 1235 32 75 at
808 1235 53 75 the
879 1235 99 75 upper
994 1235 188 75 extremity,

153 1280 61 75 and
231 1280 105 75 grows
353 1280 166 75 gradually
535 1280 138 75 broader
697 1280 124 75 toward
843 1280 54 75 the
923 1280 132 75 middle.
1120 1280 63 75 Af-

153 1326 154 75 terwards
323 1326 27 75 it
374 1326 157 75 contracts
549 1326 91 75 again
657 1326 33 75 in
706 1326 56 75 the
779 1326 83 75 fame
878 1326 142 75 manner,
1047 1326 73 75 and,
1153 1326 32 75 at

154 1373 56 75 the
237 1373 101 75 lower
367 1373 175 75 extremity
566 1373 41 75 of
629 1373 56 75 the
705 1373 36 75 cs
769 1373 143 75 femoris,
937 1373 78 75 ends
1038 1373 34 75 in
1096 1373 18 75 a
1130 1373 55 75 flat

154 1419 101 75 broad
277 1419 133 75 tendon.

318 1522 269 75 VASTUS
636 1522 389 75 EXTERNUS.

200 1602 101 75 Tfiris
326 1602 27 75 is
371 1602 18 75 a
406 1602 77 75 very
498 1602 88 75 large
601 1602 98 75 flefhy
714 1602 130 75 tnufcle,
870 1602 110 75 almoft
998 1602 32 75 as
1054 1602 77 75 long
1149 1602 32 75 as

153 1649 55 75 the
225 1649 35 75 os
281 1649 144 75 femoris,
451 1649 101 75 broad
572 1649 32 75 at
628 1649 56 75 the
708 1649 211 75 extremities,
944 1649 62 75 and
1026 1649 94 75 thick
1147 1649 34 75 in

154 1694 55 75 the
229 1694 134 75 middle,
387 1694 90 75 lying
492 1694 42 75 on
552 1694 54 75 the
623 1694 121 75 outfide
765 1694 39 75 of
816 1694 55 75 the
887 1694 107 75 thigh.

201 1740 47 75 Its
264 1740 101 75 upper
387 1740 161 75 infertion,
574 1740 94 75 being
691 1740 178 75 fomething
895 1740 181 75 tendinous,
1105 1740 26 75 is
1149 1740 32 75 in

155 1786 56 75 the
228 1786 153 75 pofterior
406 1786 36 75 or
460 1786 123 75 convex
600 1786 102 75 rough
718 1786 123 75 furface
866 1786 40 75 of
927 1786 56 75 the
1011 1786 89 75 great
1117 1786 68 75 tro-

155 1833 143 75 chanter.
327 1833 31 75 It
373 1833 26 75 is
415 1833 139 75 likewife
565 1833 87 75 fixed
665 1833 42 75 by
720 1833 18 75 a
749 1833 96 75 fleftiy
857 1833 148 75 infertion
1019 1833 94 75 along
1125 1833 55 75 the

155 1880 119 75 outfide
297 1880 41 75 of
356 1880 56 75 the
436 1880 36 75 os
497 1880 130 75 femoris
655 1880 52 75 for
735 1880 99 75 above
859 1880 66 75 two
948 1880 104 75 thirds
1077 1880 40 75 of
1139 1880 42 75 its

152 1925 111 75 length
279 1925 197 75 downward,
501 1925 32 75 in
550 1925 55 75 the
621 1925 244 75 correfponding
881 1925 70 75 part
967 1925 42 75 of
1025 1925 56 75 the
1098 1925 84 75 linea

153 1972 119 75 afpera,
291 1972 62 75 and
369 1972 31 75 in
418 1972 54 75 the
488 1972 232 75 neighbouring
736 1972 127 75 portion
876 1972 41 75 of
927 1972 55 75 the
994 1972 96 75 fafcia
1101 1972 78 75 lata.

201 2019 97 75 From
315 2019 42 75 all
373 2019 65 75 this
454 2019 113 75 extent
584 2019 56 75 the
663 2019 98 75 flelhy
787 2019 94 75 fibres
909 2019 135 75 running
1071 2019 110 75 down-

150 2064 102 75 ward,
278 2064 61 75 and
363 2064 19 75 a
408 2064 85 75 little
520 2064 167 75 obliquely
708 2064 142 75 forward
866 2064 125 75 toward
1007 2064 54 75 the
1078 2064 101 75 reChis

150 2111 151 75 anterior,
319 2111 167 75 terminate
502 2111 164 75 infenfibly
681 2111 33 75 in
732 2111 17 75 a
761 2111 75 75 kind
854 2111 40 75 of
904 2111 85 75 ftiort
1006 2111 174 75 aponeuro-

151 2157 51 75 fis,
228 2157 104 75 which
350 2157 26 75 is
394 2157 87 75 fixed
504 2157 32 75 in
554 2157 41 75 all
613 2157 56 75 the
693 2157 119 75 neareft
828 2157 79 75 edge
924 2157 40 75 of
982 2157 54 75 the
1061 2157 119 75 tendon

151 2203 40 75 of
203 2203 55 75 the
274 2203 115 75 reCtus,
415 2203 34 75 in
476 2203 55 75 the
548 2203 63 75 fide
635 2203 42 75 of
698 2203 55 75 the
769 2203 129 75 patella,
923 2203 33 75 in
973 2203 55 75 the
1046 2203 80 75 edge
1142 2203 41 75 of

149 2249 55 75 the
222 2249 151 75 ligament
390 2249 40 75 of
440 2249 72 75 that
525 2249 97 75 bone,
649 2249 63 75 and
728 2249 31 75 in
777 2249 55 75 the
849 2249 233 75 neighbouring
1097 2249 80 75 late-

151 2296 45 75 ral
213 2296 71 75 part
300 2296 40 75 of
351 2296 55 75 the
422 2296 84 75 head
521 2296 39 75 of
572 2296 54 75 the
638 2296 92 75 tibia.

134 2400 30 75 *

314 2400 268 75 VASTUS
631 2400 268 75 INTERN
916 2400 91 75 US.

194 2479 97 75 This
309 2479 116 75 mufcle
441 2479 27 75 is
485 2479 78 75 very
577 2479 65 75 like
658 2479 55 75 the
730 2479 130 75 former,
886 2479 63 75 and
977 2479 134 75 fituated
1139 2479 33 75 in

149 2524 54 75 the
220 2524 82 75 fame
318 2524 130 75 manner
468 2524 40 75 on
525 2524 55 75 the
597 2524 94 75 infide
708 2524 39 75 of
758 2524 55 75 the
830 2524 36 75 os
882 2524 143 75 femoris.

195 2570 32 75 It
244 2570 26 75 is
285 2570 90 75 fixed
386 2570 99 75 above
497 2570 44 75 by
553 2570 19 75 a
586 2570 86 75 fhort
687 2570 55 75 flat
758 2570 132 75 tendon,
915 2570 32 75 in
965 2570 54 75 the
1037 2570 139 75 anterior

147 2616 100 75 rough
265 2616 122 75 furface
411 2616 40 75 of
474 2616 54 75 the
545 2616 90 75 great
651 2616 196 75 trochanter,
874 2616 62 75 and
953 2616 43 75 by
1014 2616 96 75 flelhy
1138 2616 36 75 fi-

147 2661 71 75 bres
236 2661 32 75 in
292 2661 71 75 that
380 2661 130 75 oblique
526 2661 64 75 line
612 2661 105 75 which
745 2661 183 75 terminates
951 2661 55 75 the
1035 2661 76 75 bafis
1139 2661 41 75 of

147 2707 55 75 the
219 2707 117 75 collum
353 2707 131 75 femoris
501 2707 186 75 anteriorly,
712 2707 42 75 on
770 2707 55 75 the
842 2707 132 75 forefide
997 2707 40 75 of
1049 2707 55 75 the
1126 2707 48 75 in-

146 2753 133 75 fertions
298 2753 39 75 of
348 2753 55 75 the
420 2753 90 75 pfoas
528 2753 61 75 and
612 2753 124 75 iliacus,
761 2753 31 75 in
818 2753 54 75 the
896 2753 107 75 whole
1027 2753 96 75 infide
1139 2753 42 75 of

148 2797 54 75 the
219 2797 35 75 os
272 2797 143 75 femoris,
442 2797 61 75 and
518 2797 31 75 in
566 2797 56 75 the
637 2797 85 75 linea
737 2797 107 75 afpera
861 2797 41 75 on
918 2797 60 75 one
993 2797 62 75 fide
1072 2797 39 75 of
1118 2797 56 75 the

146 2844 165 75 infertions
329 2844 41 75 of
388 2844 54 75 the
465 2844 90 75 three
573 2844 167 75 tricipites,
765 2844 109 75 almoft
891 2844 96 75 down
1004 2844 33 75 to
1055 2844 54 75 the
1124 2844 50 75 in-

147 2889 101 75 ternal
266 2889 148 75 dbndyle.

144 2936 3 75 i
192 2936 98 75 From
307 2936 41 75 all
365 2936 64 75 this
447 2936 112 75 extent
582 2936 55 75 the
655 2936 93 75 fibres
769 2936 58 75 run
852 2936 197 75 downv/ard,
1076 2936 62 75 and
1155 2936 19 75 a

144 2984 83 75 little
250 2984 164 75 obliquely
433 2984 152 75 forward,
611 2984 61 75 and
689 2984 55 75 the
760 2984 88 75 body
861 2984 44 75 of
924 2984 54 75 the
994 2984 116 75 mufcle
1122 2984 49 75 in-

1198 132 37 75 T
1354 132 38 75 O
1510 132 48 75 M
1674 132 53 75 Y.

2188 132 82 75 207

1240 198 119 75 creafes
1375 198 33 75 in
1426 198 54 75 the
1496 198 84 75 fame
1603 198 130 75 manner
1761 198 33 75 as
1822 198 55 75 the
1901 198 102 75 vaftus
2031 198 155 75 internus.
2235 198 34 75 It

1237 244 183 75 terminates
1433 244 104 75 below
1554 244 32 75 in
1604 244 39 75 an
1659 244 212 75 aponeurofis,
1897 244 106 75 which
2020 244 25 75 is
2059 244 87 75 fixed
2163 244 31 75 in
2211 244 56 75 the

1235 290 81 75 edge
1332 290 41 75 of
1384 290 54 75 the
1456 290 123 75 tendon
1597 290 41 75 of
1660 290 55 75 the
1732 290 103 75 reCtus
1854 290 151 75 anterior,
2031 290 32 75 in
2081 290 55 75 the
2153 290 61 75 fide
2231 290 42 75 of

1237 337 55 75 the
1310 337 128 75 patella,
1464 337 64 75 and
1551 337 41 75 of
1607 337 42 75 its
1674 337 169 75 tendinous
1868 337 165 75 ligament,
2059 337 63 75 and
2145 337 33 75 in
2210 337 56 75 the

1235 384 62 75 fide
1313 384 40 75 of
1364 384 55 75 the
1435 384 84 75 head
1534 384 38 75 or
1587 384 101 75 upper
1702 384 175 75 extremity
1893 384 41 75 of
1945 384 54 75 the
2019 384 92 75 tibia.

1582 488 29 75 C
1629 488 32 75 R
1678 488 34 75 U
1730 488 33 75 R
1780 488 30 75 E
1830 488 32 75 U
1880 488 37 75 S.

1280 567 100 75 This
1399 567 26 75 is
1439 567 18 75 a
1468 567 97 75 flefhy
1580 567 93 75 mafs,
1698 567 150 75 covering
1864 567 111 75 almoft
1998 567 42 75 all
2059 567 54 75 the
2130 567 134 75 forefide

1234 611 41 75 of
1285 611 56 75 the
1364 611 35 75 os
1420 611 130 75 femoris
1566 611 144 75 between
1726 611 55 75 the
1799 611 65 75 two
1879 611 89 75 vafti,
1994 611 106 75 which
2124 611 141 75 likev/ife

1235 658 94 75 cover
1345 658 55 75 the
1413 658 95 75 edges
1526 658 39 75 of
1577 658 63 75 this
1658 658 117 75 mufcle
1791 658 42 75 on
1853 658 77 75 each
1949 658 76 75 fide.

1281 703 31 75 It
1328 703 27 75 is
1371 703 89 75 fixed
1475 703 34 75 to
1526 703 56 75 the
1603 703 134 75 forefide
1753 703 40 75 of
1810 703 56 75 the
1885 703 36 75 os
1938 703 144 75 femoris,
2107 703 85 75 from
2209 703 58 75 the

1234 750 139 75 anterior
1390 750 121 75 furface
1524 750 39 75 of
1570 750 55 75 the
1643 750 90 75 great
1748 750 186 75 trochanter
1949 750 94 75 down
2061 750 35 75 to
2111 750 56 75 the
2184 750 80 75 low-

1234 797 43 75 eft
1294 797 131 75 quarter
1441 797 41 75 of
1493 797 55 75 the
1565 797 93 75 bone,
1683 797 44 75 by
1743 797 97 75 flefhy
1858 797 94 75 fibres
1969 797 105 75 which
2092 797 59 75 run
2168 797 97 75 down

1233 844 197 75 fucceflively
1445 844 79 75 over
1540 844 77 75 each
1641 844 106 75 other,
1771 844 145 75 between
1932 844 56 75 the
2005 844 66 75 two
2086 844 89 75 vafti,
2201 844 64 75 and

1234 890 52 75 are
1302 890 106 75 partly
1425 890 110 75 united
1552 890 34 75 to
1603 890 87 75 thefe
1705 890 67 75 two
1788 890 146 75 mufcles,
1952 890 33 75 fo
2003 890 33 75 as
2053 890 58 75 not
2127 890 35 75 to
2178 890 85 75 feem

1233 936 36 75 to
1291 936 85 75 form
1400 936 18 75 a
1442 936 122 75 diftinCt
1590 936 130 75 mufcle.

1280 983 32 75 It
1327 983 26 75 is
1376 983 57 75 not
1448 983 35 75 fo
1500 983 87 75 thick
1604 983 33 75 as
1658 983 55 75 the
1730 983 66 75 two
1818 983 98 75 vafti;
1943 983 63 75 and
2022 983 33 75 as
2072 983 25 75 it
2109 983 26 75 is
2152 983 111 75 cover-

1234 1029 40 75 ed
1290 1029 44 75 by
1349 1029 89 75 them
1455 1029 41 75 on
1516 1029 78 75 each
1611 1029 75 75 fide,
1705 1029 19 75 a
1739 1029 66 75 fort
1817 1029 40 75 of
1863 1029 97 75 flefhy
1972 1029 134 75 channel
2123 1029 26 75 is
2161 1029 101 75 form-

1234 1075 41 75 ed
1297 1075 45 75 by
1357 1075 43 75 all
1416 1075 55 75 the
1488 1075 103 75 three,
1615 1075 33 75 in
1665 1075 104 75 which
1792 1075 56 75 the
1871 1075 102 75 reCtus
2001 1075 27 75 is
2050 1075 131 75 lodged,
2207 1075 54 75 co-

1235 1122 109 75 vering
1360 1122 55 75 the
1432 1122 142 75 forepart
1590 1122 40 75 of
1645 1122 54 75 the
1717 1122 143 75 crureus.

1282 1168 31 75 It
1330 1168 183 75 terminates
1531 1168 104 75 below
1650 1168 33 75 in
1696 1168 18 75 a
1734 1168 168 75 tendinous
1921 1168 211 75 aponeurofis,
2157 1168 106 75 which

1230 1216 86 75 joins
1334 1216 55 75 the
1409 1216 145 75 backfide
1570 1216 41 75 of
1622 1216 55 75 the
1694 1216 120 75 tendon
1836 1216 40 75 of
1894 1216 57 75 the
1978 1216 102 75 reCtus
2108 1216 152 75 anterior,

1234 1261 62 75 and
1312 1261 55 75 the
1380 1261 232 75 neighbouring
1626 1261 97 75 edges
1740 1261 39 75 of
1791 1261 55 75 the
1858 1261 197 75 extremities
2072 1261 40 75 of
2123 1261 55 75 the
2195 1261 66 75 two

1233 1307 89 75 vafti.
1370 1307 107 75 Thus,
1495 1307 85 75 thefe
1598 1307 74 75 four
1687 1307 132 75 mufcles
1832 1307 84 75 form
1933 1307 18 75 a
1967 1307 147 75 common
2126 1307 135 75 tendon,

1234 1355 105 75 which
1354 1355 27 75 is
1397 1355 138 75 inferred
1549 1355 33 75 in
1599 1355 55 75 the
1670 1355 105 75 places
1793 1355 130 75 already
1947 1355 195 75 mentioned.

1532 1462 21 75 S
1572 1462 33 75 A
1622 1462 33 75 R
1671 1462 36 75 T
1724 1462 33 75 O
1773 1462 33 75 R
1823 1462 17 75 I
1857 1462 33 75 U
1910 1462 37 75 S.

1279 1540 99 75 This
1403 1540 27 75 is
1447 1540 55 75 the
1518 1540 122 75 longeft
1656 1540 117 75 mufcle
1797 1540 40 75 of
1856 1540 55 75 the
1934 1540 118 75 human
2080 1540 98 75 body.
2227 1540 33 75 It

1232 1585 25 75 is
1276 1585 66 75 flat,
1369 1585 62 75 and
1459 1585 98 75 about
1584 1585 66 75 two
1676 1585 116 75 fingers
1817 1585 32 75 in
1873 1585 147 75 breadth,
2045 1585 135 75 fituated
2201 1585 58 75 ob-

1233 1632 121 75 liquely
1370 1632 93 75 along
1479 1632 55 75 the
1551 1632 95 75 infide
1664 1632 42 75 of.
1720 1632 55 75 the
1791 1632 104 75 thigh.

1279 1677 31 75 It
1326 1677 27 75 is
1376 1677 88 75 fixed
1480 1677 100 75 above
1597 1677 41 75 by
1656 1677 18 75 a
1686 1677 79 75 very
1780 1677 85 75 fhort
1886 1677 130 75 tendon,
2041 1677 33 75 in
2086 1677 57 75 the
2159 1677 101 75 lower

1232 1724 70 75 part
1314 1724 44 75 of
1365 1724 55 75 the
1441 1724 140 75 anterior
1596 1724 141 75 fuperior
1747 1724 85 75 fpine
1849 1724 41 75 of
1900 1724 54 75 the
1972 1724 35 75 os
2019 1724 102 75 ilium,
2147 1724 112 75 before

1233 1771 54 75 the
1315 1771 158 75 mufculus
1501 1771 102 75 fafeias
1631 1771 84 75 latae.
1763 1771 77 75 The
1856 1771 172 75 beginning
2044 1771 39 75 of
2102 1771 41 75 its
2171 1771 88 75 body

1230 1818 58 75 lies
1311 1818 33 75 in
1367 1818 56 75 the
1439 1818 98 75 notch
1553 1818 144 75 between
1713 1818 55 75 the
1784 1818 66 75 two
1866 1818 139 75 anterior
2016 1818 103 75 fpines
2136 1818 41 75 of
2186 1818 73 75 that

1230 1865 96 75 bone.

1277 1912 98 75 From
1391 1912 113 75 thence
1520 1912 27 75 it
1559 1912 75 75 runs
1646 1912 95 75 down
1758 1912 166 75 obliquely
1940 1912 77 75 over
2028 1912 56 75 the
2094 1912 104 75 vaftus
2210 1912 48 75 in-

1230 1958 108 75 ternus
1356 1958 62 75 and
1441 1958 94 75 other
1558 1958 133 75 mufcles
1707 1958 70 75 that
1792 1958 43 75 lie
1851 1958 75 75 near
1941 1958 38 75 it,
2005 1958 42 75 all
2064 1958 56 75 the
2137 1958 71 75 way
2222 1958 37 75 to

1230 2005 54 75 the
1299 2005 95 75 infide
1407 2005 39 75 of
1454 2005 54 75 the
1525 2005 92 75 knee,
1642 2005 107 75 where
1765 2005 26 75 it
1809 2005 181 75 terminates
2007 2005 33 75 in
2053 2005 17 75 a
2081 2005 90 75 fmall
2187 2005 70 75 ten-

1231 2052 75 75 don,
1332 2052 105 75 which
1454 2052 104 75 grows
1576 2052 135 75 broader
1727 2052 75 75 near
1817 2052 42 75 its
1876 2052 185 75 extremity,
2088 2052 62 75 and
2165 2052 27 75 is
2208 2052 48 75 in-

1227 2098 105 75 ferted
1348 2098 165 75 obliquely
1530 2098 62 75 and
1610 2098 18 75 a
1643 2098 84 75 little
1756 2098 206 75 tranfverfely
1985 2098 33 75 in
2039 2098 55 75 the
2113 2098 144 75 forepart

1230 2143 39 75 of
1280 2143 55 75 the
1351 2143 96 75 infide
1464 2143 40 75 of
1518 2143 55 75 the
1590 2143 81 75 head
1691 2143 41 75 of
1743 2143 55 75 the
1814 2143 89 75 tibia,
1930 2143 75 75 near
2027 2143 57 75 the
2109 2143 87 75 fpine
2218 2143 39 75 or

1228 2189 173 75 tuberofity
1417 2189 39 75 of
1473 2189 71 75 that
1565 2189 95 75 bone,
1685 2189 216 75 immediately
1918 2189 99 75 above
2034 2189 55 75 the
2104 2189 153 75 infertion

1229 2238 40 75 of
1286 2238 54 75 the
1357 2238 126 75 gracilis
1499 2238 143 75 interior.

1281 2351 192 75 Gracilis
1497 2351 196 75 Interior
1712 2351 75 75 five
1810 2351 157 75 Rectus
1990 2351 209 75 Interior.

1271 2430 97 75 This
1388 2430 27 75 is
1433 2430 18 75 a
1470 2430 76 75 long
1562 2430 68 75 thin
1647 2430 128 75 mufcle,
1799 2430 90 75 lying
1903 2430 33 75 in
1949 2430 19 75 a
1983 2430 131 75 ftraight
2130 2430 64 75 line
2210 2430 44 75 on

1225 2478 54 75 the
1303 2478 97 75 infide
1425 2478 40 75 of
1483 2478 54 75 the
1560 2478 105 75 thigh,
1690 2478 144 75 between
1857 2478 56 75 the
1937 2478 36 75 os
1997 2478 92 75 pubis
2112 2478 63 75 and
2198 2478 57 75 the

1224 2523 93 75 knee.

1497 2523 24 75 ^

1272 2569 32 75 It
1320 2569 26 75 is
1363 2569 87 75 fixed
1462 2569 31 75 in
1509 2569 55 75 the
1577 2569 79 75 edge
1668 2569 41 75 of
1727 2569 54 75 the
1798 2569 133 75 inferior
1947 2569 121 75 branch
2085 2569 40 75 of
2143 2569 55 75 the
2216 2569 37 75 os

1224 2615 104 75 pubis,
1352 2615 76 75 near
1451 2615 56 75 the
1534 2615 184 75 fymphyfis,
1744 2615 43 75 by
1810 2615 17 75 a
1850 2615 102 75 broad
1972 2615 64 75 and
2061 2615 77 75 very
2166 2615 86 75 fliort

1224 2662 129 75 tendon,
1379 2662 41 75 on
1437 2662 58 75 one
1512 2662 62 75 fide
1591 2662 40 75 of
1649 2662 55 75 the
1720 2662 151 75 infertion
1887 2662 40 75 of
1945 2662 55 75 the
2013 2662 115 75 triceps
2142 2662 109 75 fecun-

1223 2708 71 75 dus,
1319 2708 57 75 but
1391 2708 19 75 a
1426 2708 81 75 little
1524 2708 99 75 lower
1639 2708 108 75 down.

1271 2755 96 75 From
1392 2755 113 75 thence
1529 2755 56 75 the
1608 2755 95 75 flefhy
1727 2755 94 75 fibres
1846 2755 195 75 contracting
2069 2755 19 75 a
2110 2755 84 75 little
2219 2755 33 75 in

1224 2801 145 75 breadth,
1394 2801 59 75 run
1469 2801 95 75 down
1581 2801 34 75 to
1631 2801 55 75 the
1706 2801 135 75 internal
1862 2801 135 75 condyle
2013 2801 41 75 of
2072 2801 55 75 the
2148 2801 35 75 os
2202 2801 48 75 $-

1222 2847 109 75 moris,
1357 2847 107 75 where
1480 2847 78 75 they
1574 2847 166 75 terminate
1756 2847 33 75 in
1806 2847 19 75 a
1841 2847 69 75 thin
1926 2847 132 75 tendon,
2083 2847 104 75 which
2202 2847 47 75 af-

1221 2894 154 75 terwards
1390 2894 204 75 degenerates
1618 2894 68 75 into
1708 2894 19 75 a
1746 2894 80 75 kind
1848 2894 40 75 of
1907 2894 210 75 aponeurofis,
2143 2894 62 75 and
2221 2894 27 75 is

1220 2942 135 75 inferted
1371 2942 32 75 in
1421 2942 54 75 the
1492 2942 159 75 fore-part
1661 2942 40 75 of
1718 2942 56 75 the
1790 2942 96 75 infide
1904 2942 40 75 of
1963 2942 55 75 the
2033 2942 83 75 head
2134 2942 39 75 of
2192 2942 55 75 the

1220 2988 90 75 tibia.

2020 3035 224 75 BICEPS,
