2493 3387
204 142 86 75 478

757 142 504 75 ASTRO

204 206 60 75 her
279 206 105 75 nodes,
398 206 33 75 at
447 206 73 75 new
541 206 62 75 and
629 206 61 75 full
706 206 10 75 ;
759 206 62 75 and
844 206 32 75 in
901 206 58 75 her
988 206 136 75 greateft
1152 206 96 75 north

205 252 62 75 and
276 252 98 75 Jouth
390 252 196 75 declination
606 252 54 75 (or
674 252 149 75 latitude,
848 252 33 75 as
899 252 24 75 it
946 252 26 75 is
991 252 164 75 generally
1171 252 77 75 call-

205 298 58 75 ed)
292 298 84 75 from
395 298 56 75 the
468 298 127 75 ecliptic
623 298 34 75 at
684 298 58 75 her
768 298 148 75 quarters
932 298 8 75 :
976 298 68 75 But
1073 298 91 75 when
1192 298 57 75 the

205 346 92 75 earth
309 346 27 75 is
354 346 32 75 at
400 346 28 75 F
442 346 37 75 or
496 346 48 75 H,
570 346 56 75 the
643 346 94 75 moon
756 346 26 75 is
800 346 32 75 in
851 346 58 75 her
925 346 136 75 greateft
1078 346 95 75 north
1186 346 64 75 and

198 393 101 75 Jouth
324 393 197 75 declination
538 393 85 75 from
641 393 54 75 the
714 393 128 75 ecliptic
859 393 33 75 at
913 393 71 75 new
1008 393 63 75 and
1087 393 73 75 full,
1187 393 63 75 and

206 439 33 75 in
257 439 56 75 the
330 439 95 75 nodes
449 439 99 75 about
564 439 59 75 her
647 439 161 75 quarters.

254 486 75 75 The
347 486 90 75 point
462 486 36 75 X
522 486 105 75 where
656 486 56 75 the
734 486 125 75 moon’s
884 486 87 75 orbit
995 486 115 75 crofles
1135 486 56 75 the
1216 486 34 75 e-

207 533 120 75 eliptic,
353 533 27 75 is
406 533 105 75 called
533 533 52 75 the
607 533 173 75 afcending
800 533 91 75 node,
916 533 133 75 becaufe
1073 533 57 75 the
1154 533 97 75 moon

205 579 131 75 afcends
365 579 84 75 from
478 579 25 75 it
531 579 100 75 above
659 579 57 75 the
744 579 128 75 ecliptic
887 579 9 75 :
925 579 78 75 And
1030 579 57 75 the
1109 579 142 75 oppofite

207 626 92 75 point
320 626 41 75 of
371 626 202 75 interfeftion
588 626 34 75 V
633 626 27 75 is
678 626 105 75 called
807 626 52 75 the
875 626 190 75 defcending
1086 626 89 75 node,
1194 626 55 75 be-

208 673 91 75 caufe
332 673 56 75 the
420 673 96 75 moon
543 673 153 75 defcends
721 673 84 75 from
837 673 26 75 it
891 673 106 75 below
1025 673 56 75 the
1108 673 142 75 ecliptic.

207 720 115 75 When
340 720 53 75 the
410 720 95 75 moon
523 720 26 75 is
567 720 32 75 at
616 720 30 75 T
657 720 31 75 in
707 720 54 75 the
778 720 125 75 higheft
920 720 89 75 point
1027 720 39 75 of
1079 720 58 75 her
1153 720 98 75 orbit,

209 767 54 75 fhe
280 767 26 75 is
322 767 32 75 iri
371 767 59 75 her
445 767 136 75 greateft
599 767 95 75 north
711 767 165 75 latitude;
903 767 63 75 and
983 767 92 75 when
1092 767 53 75 fhe
1168 767 26 75 is
1219 767 33 75 at

207 814 44 75 IV
261 814 31 75 in
311 814 54 75 the
382 814 109 75 lowed:
508 814 89 75 point
612 814 43 75 of
669 814 59 75 her
743 814 100 75 orbit,
868 814 51 75 (he
944 814 27 75 is
993 814 33 75 in
1042 814 58 75 her
1117 814 136 75 greateft

200 860 98 75 fouth
316 860 154 75 latitude.

257 906 36 75 If
305 906 56 75 the
375 906 63 75 line
451 906 42 75 of
497 906 55 75 the
567 906 112 75 nodes,
704 906 66 75 like
782 906 57 75 the
856 906 120 75 earth’s
990 906 82 75 axis,
1097 906 65 75 was
1182 906 69 75 car-

207 953 72 75 ried
295 953 132 75 parallel
451 953 37 75 to
509 953 91 75 itfelf
613 953 104 75 round
734 953 55 75 the
806 953 69 75 fun,
901 953 91 75 there
1009 953 109 75 would
1135 953 40 75 be
1188 953 65 75 juft

208 1000 75 75 half
306 1000 19 75 a
352 1000 78 75 year
458 1000 145 75 between
635 1000 56 75 the
719 1000 219 75 conjunctions
967 1000 39 75 of
1029 1000 55 75 the
1109 1000 56 75 fun
1191 1000 70 75 and.

209 1046 113 75 nodes.
356 1046 66 75 But
437 1046 54 75 the
509 1046 100 75 nodes
621 1046 74 75 fliift
712 1046 184 75 backward,
921 1046 39 75 or
977 1046 150 75 contrary
1145 1046 36 75 to
1198 1046 56 75 the

208 1093 120 75 earth’s
348 1093 116 75 annual
477 1093 136 75 mdtion,
632 1093 151 75 19^-deg.
797 1093 97 75 every
906 1093 95 75 year;
1016 1093 63 75 and
1091 1093 163 75 therefore

210 1140 59 75 the
287 1140 83 75 fame
387 1140 83 75 node
488 1140 106 75 comes
612 1140 103 75 round
732 1140 34 75 to
783 1140 55 75 the
860 1140 55 75 fun
938 1140 40 75 19
995 1140 80 75 days
1092 1140 113 75 fooner
1220 1140 33 75 e-

208 1186 85 75 yery
313 1186 77 75 year
406 1186 78 75 than
501 1186 41 75 on
556 1186 55 75 the
627 1186 78 75 year
723 1186 123 75 before.
896 1186 256 75 Confequently,
1170 1186 85 75 from

208 1233 57 75 the
282 1233 77 75 tirrte
377 1233 71 75 that
465 1233 56 75 the
538 1233 169 75 afcending
724 1233 84 75 node
820 1233 37 75 X
873 1233 108 75 (when
999 1233 55 75 the
1067 1233 91 75 earth
1175 1233 26 75 is
1220 1233 33 75 at

208 1279 32 75 £■
240 1279 35 75 )'
284 1279 66 75 pafi'
350 1279 32 75 es
400 1279 43 75 by
460 1279 55 75 the
532 1279 56 75 fun
604 1279 34 75 as
655 1279 71 75 feen
744 1279 83 75 from
854 1279 55 75 the
937 1279 105 75 earth,
1068 1279 26 75 it
1122 1279 26 75 is
1177 1279 77 75 only

213 1327 63 75 173
300 1327 78 75 days
399 1327 73 75 (not
488 1327 74 75 half
582 1327 18 75 a
616 1327 91 75 year)
739 1327 51 75 till
818 1327 56 75 the
903 1327 191 75 defcending
1123 1327 84 75 node
1223 1327 33 75 V

208 1373 100 75 paffes
325 1373 42 75 by
383 1373 79 75 him.
512 1373 198 75 Therefore,
729 1373 32 75 in
778 1373 163 75 whatever
957 1373 77 75 time
1052 1373 39 75 of
1103 1373 56 75 the
1176 1373 77 75 year

210 1420 51 75 we
277 1420 81 75 have
375 1420 130 75 eclipfes
523 1420 39 75 of
574 1420 55 75 the
647 1420 180 75 luminaries
845 1420 98 75 about
956 1420 103 75 either
1076 1420 98 75 node,
1203 1420 48 75 we

208 1466 76 75 may
300 1466 40 75 be
357 1466 72 75 fure
444 1466 70 75 that
532 1466 30 75 in
585 1466 62 75 173
668 1466 80 75 days
765 1466 174 75 afterward
955 1466 50 75 we
1024 1466 78 75 {hall
1121 1466 81 75 have
1218 1466 34 75 e-

210 1514 111 75 dipfes
339 1514 98 75 about
454 1514 56 75 the
530 1514 95 75 other
642 1514 97 75 node.
790 1514 79 75 And
886 1514 91 75 when
995 1514 33 75 at
1045 1514 61 75 any
1122 1514 79 75 time
1218 1514 41 75 of

210 1560 57 75 the
284 1560 77 75 year
383 1560 57 75 the
456 1560 64 75 line
537 1560 41 75 of
589 1560 56 75 the
667 1560 100 75 nodes
790 1560 27 75 is
842 1560 32 75 in
900 1560 56 75 the
980 1560 148 75 fituation
1145 1560 107 75 VGX,

210 1606 35 75 at
262 1606 56 75 the
336 1606 84 75 fame
445 1606 78 75 time
549 1606 78 75 next
649 1606 77 75 year
752 1606 27 75 it
807 1606 66 75 will
901 1606 40 75 be
968 1606 32 75 in
1025 1606 56 75 the
1106 1606 147 75 fituation

211 1654 88 75 rGs;
327 1654 55 75 the
400 1654 168 75 afcending
583 1654 84 75 node
684 1654 118 75 having
817 1654 83 75 gone
916 1654 185 75 backward,
1126 1654 69 75 that
1212 1654 40 75 is,

211 1701 152 75 contrary
374 1701 37 75 to
426 1701 56 75 the
499 1701 97 75 order
611 1701 41 75 of
664 1701 94 75 figns,
783 1701 86 75 from
886 1701 38 75 X
937 1701 35 75 to
991 1701 29 75 /,
1046 1701 62 75 and
1125 1701 55 75 the
1197 1701 56 75 de-

210 1747 153 75 fcending
375 1747 83 75 node
475 1747 87 75 from
573 1747 33 75 ^
613 1747 36 75 to
662 1747 18 75 r
695 1747 9 75 ;
732 1747 77 75 each
828 1747 67 75 19-y
906 1747 75 75 deg.
1031 1747 48 75 At
1104 1747 63 75 this
1185 1747 69 75 rate

211 1793 57 75 the
293 1793 99 75 nodes
410 1793 73 75 {hift
500 1793 141 75 through
668 1793 43 75 all
735 1793 54 75 the
807 1793 81 75 figns
905 1793 62 75 and
995 1793 133 75 degrees
1146 1793 39 75 of
1197 1793 57 75 the

214 1841 129 75 ecliptic
360 1841 32 75 in
414 1841 40 75 18
474 1841 93 75 years
595 1841 61 75 and
680 1841 65 75 225
763 1841 79 75 days
858 1841 10 75 ;
895 1841 32 75 in
945 1841 106 75 which
1069 1841 76 75 time
1162 1841 92 75 there

211 1887 111 75 would
352 1887 121 75 always
498 1887 40 75 be
562 1887 18 75 a
607 1887 126 75 regular
769 1887 112 75 period
910 1887 38 75 of
975 1887 143 75 eclipfes,
1144 1887 30 75 if
1193 1887 61 75 any

213 1934 162 75 complete
397 1934 133 75 number
549 1934 40 75 of
608 1934 161 75 lunations
798 1934 85 75 were
910 1934 131 75 finiflied
1068 1934 140 75 without
1237 1934 18 75 a

211 1979 150 75 fraction.
410 1979 67 75 But
494 1979 64 75 this
575 1979 97 75 never
699 1979 162 75 happens;
888 1979 53 75 for
969 1979 29 75 if
1017 1979 80 75 both
1125 1979 56 75 the
1197 1979 57 75 fun

212 2027 64 75 and
303 2027 95 75 moon
427 2027 111 75 fhould
567 2027 79 75 ftart
668 2027 85 75 from
770 2027 97 75 aline
891 2027 40 75 of
955 2027 202 75 conjunction
1176 2027 78 75 with

213 2073 105 75 either
334 2073 40 75 of
385 2073 56 75 the
458 2073 97 75 nodes
573 2073 31 75 in
623 2073 62 75 any
701 2073 89 75 point
808 2073 40 75 of
870 2073 55 75 the
954 2073 139 75 ecliptic,
1119 2073 55 75 the
1197 2073 57 75 fun

213 2121 111 75 would
349 2121 141 75 perform
518 2121 45 75 18
589 2121 115 75 annual
731 2121 195 75 revolutions
954 2121 64 75 and
1037 2121 66 75 222
1122 2121 133 75 degrees

215 2167 78 75 over
321 2167 62 75 and
407 2167 114 75 above,
554 2167 63 75 and
647 2167 55 75 the
726 2167 97 75 moon
847 2167 70 75 230
944 2167 160 75 lunations
1124 2167 63 75 and
1210 2167 43 75 8$

214 2214 134 75 degrees
366 2214 40 75 of
424 2214 58 75 the
500 2214 105 75 231ft,
630 2214 45 75 by
691 2214 56 75 the
763 2214 78 75 time
861 2214 55 75 the
934 2214 83 75 node
1042 2214 88 75 came
1153 2214 104 75 round

215 2262 37 75 to
269 2262 55 75 the
340 2262 82 75 fame
440 2262 89 75 point
552 2262 40 75 of
615 2262 56 75 the
691 2262 129 75 ecliptic
837 2262 91 75 again
940 2262 9 75 :
979 2262 46 75 So
1042 2262 73 75 that
1128 2262 56 75 the
1199 2262 57 75 fun

217 2307 110 75 would
345 2307 77 75 then
439 2307 39 75 be
500 2307 63 75 138
581 2307 133 75 degrees
730 2307 85 75 from
833 2307 55 75 the
905 2307 95 75 node,
1018 2307 63 75 and
1092 2307 56 75 the
1160 2307 96 75 moon

220 2352 44 75 85
289 2352 133 75 degrees
439 2352 84 75 from
541 2352 55 75 the
612 2352 69 75 fun.

268 2400 78 75 But,
371 2400 33 75 in
422 2400 66 75 223
508 2400 90 75 mean
616 2400 172 75 lunations,
807 2400 85 75 after
908 2400 56 75 the
980 2400 69 75 fun,
1067 2400 110 75 moon,
1195 2400 64 75 and

216 2448 113 75 nodes,
354 2448 81 75 have
451 2448 81 75 been
552 2448 81 75 once
649 2448 31 75 in
698 2448 18 75 a
731 2448 65 75 line
812 2448 45 75 of
871 2448 215 75 conjunction,
1111 2448 79 75 they
1207 2448 50 75 re-

219 2494 73 75 turn
310 2494 34 75 fo
361 2494 111 75 nearly
499 2494 37 75 to
559 2494 56 75 the
638 2494 84 75 fame
738 2494 77 75 ftate
834 2494 102 75 again,
963 2494 34 75 as
1014 2494 71 75 that
1101 2494 56 75 the
1174 2494 83 75 fame

218 2541 97 75 node,
341 2541 104 75 which
464 2541 64 75 was
544 2541 43 75 in'
587 2541 211 75 conjunction
814 2541 78 75 with
920 2541 56 75 the
1000 2541 56 75 fun
1082 2541 62 75 and
1161 2541 96 75 moon

220 2586 32 75 at
270 2586 55 75 the
341 2586 172 75 beginning
529 2586 45 75 of
587 2586 55 75 the
666 2586 65 75 firft
759 2586 41 75 of
826 2586 88 75 thefe
935 2586 173 75 lunations,
1134 2586 67 75 will
1218 2586 40 75 be

221 2634 114 75 within
354 2634 47 75 28
432 2634 62 75 12"
517 2634 42 75 of
570 2634 23 75 a
603 2634 115 75 degree
735 2634 40 75 of
790 2634 19 75 a
825 2634 64 75 line
907 2634 39 75 of
957 2634 202 75 conjunction
1178 2634 79 75 with

222 2681 55 75 the
295 2681 54 75 fun
367 2681 61 75 and
446 2681 94 75 moon
570 2681 104 75 again,
699 2681 93 75 when
821 2681 55 75 the
903 2681 57 75 iaft
988 2681 40 75 of
1050 2681 89 75 thefe
1166 2681 91 75 luna-

221 2728 85 75 tions
323 2728 25 75 is
366 2728 193 75 completed.
610 2728 77 75 And
708 2728 174 75 therefore,
908 2728 31 75 in
968 2728 71 75 that
1061 2728 78 75 time
1166 2728 92 75 there

223 2774 64 75 will
305 2774 39 75 be
361 2774 18 75 a
396 2774 127 75 regular
538 2774 113 75 period
668 2774 40 75 of
719 2774 143 75 eclipfes-,
878 2774 38 75 or
928 2774 108 75 return
1054 2774 41 75 of
1106 2774 55 75 the
1175 2774 82 75 fame

222 2821 127 75 eclipfe,
367 2821 52 75 for,
431 2821 95 75 many
542 2821 91 75 ages.'
633 2821 76 75 —In
730 2821 63 75 this
811 2821 124 75 period,
962 2821 121 75 (which
1108 2821 65 75 was
1194 2821 65 75 firft

223 2868 185 75 difcovered
424 2868 43 75 by
482 2868 54 75 the
553 2868 215 75 Chaldeans),
795 2868 91 75 there
904 2868 53 75 are
983 2868 39 75 18
1041 2868 107 75 JuKan
1166 2868 92 75 years

229 2914 36 75 11
285 2914 80 75 days
385 2914 15 75 7
422 2914 99 75 hours
543 2914 40 75 43
612 2914 136 75 minutes
776 2914 45 75 20
848 2914 145 75 feconds,
1019 2914 93 75 when
1128 2914 56 75 the
1200 2914 58 75 laft

224 2962 63 75 day
302 2962 218 75 of.February
541 2962 37 75 in,
596 2962 182 75 leap-years
805 2962 27 75 is
860 2962 74 75 four
961 2962 93 75 times
1080 2962 175 75 included:

1347 145 45 75 N
1470 145 41 75 O
1589 145 50 75 M
1716 145 54 75 Y.

1291 211 67 75 But
1374 211 93 75 when
1492 211 26 75 it
1544 211 27 75 is
1600 211 61 75 five
1689 211 95 75 times
1811 211 165 75 included,
1999 211 57 75 the
2072 211 113 75 period
2205 211 126 75 confifts

1294 259 40 75 of
1346 259 77 75 only
1441 259 39 75 18
1499 259 91 75 years
1613 259 41 75 10
1671 259 79 75 days
1772 259 17 75 7
1807 259 99 75 hours
1920 259 41 75 43
1978 259 136 75 minutes
2129 259 44 75 20
2185 259 147 75 feconds.

1295 304 255 75 Confequently,
1576 304 30 75 if
1618 304 36 75 to
1670 304 56 75 the
1743 304 92 75 mean
1847 304 77 75 time
1948 304 41 75 of
2000 304 61 75 any
2077 304 127 75 eclipfe,
2230 304 103 75 either

1295 352 39 75 of
1346 352 56 75 the
1418 352 56 75 fun
1502 352 38 75 or
1569 352 109 75 moon,
1704 352 64 75 you
1796 352 65 75 add
1893 352 39 75 18
1951 352 108 75 Julian
2084 352 92 75 years
2198 352 36 75 xx
2255 352 79 75 days

1298 398 17 75 7
1329 398 98 75 hours
1446 398 41 75 43
1508 398 137 75 minutes
1664 398 44 75 20
1726 398 143 75 feconds,
1895 398 92 75 when
2005 398 56 75 the
2077 398 57 75 laft
2150 398 64 75 day
2225 398 41 75 of
2274 398 62 75 Fe-

1295 444 119 75 bruary
1429 444 33 75 in
1487 444 181 75 leap-years
1696 444 107 75 comes
1828 444 32 75 in
1876 444 74 75 four
1975 444 106 75 times,
2106 444 38 75 or
2160 444 19 75 a
2195 444 63 75 day
2274 444 61 75 lefs

1294 491 93 75 when
1416 491 27 75 it
1472 491 107 75 comes
1605 491 31 75 in
1664 491 61 75 five
1752 491 107 75 times,
1884 491 64 75 you
1972 491 67 75 will
2062 491 82 75 have
2170 491 56 75 the
2243 491 91 75 mean

1296 539 76 75 time
1388 539 42 75 of
1441 539 56 75 the
1521 539 110 75 return
1655 539 40 75 of
1714 539 55 75 the
1790 539 84 75 fame
1890 539 127 75 eclipfe.

1343 584 67 75 But
1426 584 55 75 the
1498 584 113 75 falling
1628 584 146 75 back'of
1796 584 55 75 the
1869 584 75 75 line,
1979 584 37 75 or
2040 584 232 75 conjunctions,
2297 584 40 75 or

1296 631 193 75 oppofitions
1506 631 40 75 of
1557 631 56 75 the
1630 631 55 75 fun
1703 631 63 75 and
1782 631 95 75 moon
1896 631 41 75 28
1937 613 13 49 /
1973 631 62 75 12"
2058 631 78 75 with
2161 631 118 75 refpeCt
2299 631 37 75 to

1296 678 57 75 the
1369 678 64 75 line
1451 678 39 75 of
1503 678 55 75 the
1576 678 100 75 nodes
1699 678 31 75 in
1755 678 97 75 every
1872 678 124 75 period,
2021 678 68 75 will
2116 678 85 75 wear
2227 678 27 75 it
2277 678 59 75 out

1297 725 31 75 in
1353 725 125 75 procefs
1496 725 39 75 of
1554 725 76 75 time
1645 725 10 75 ;
1683 725 63 75 and
1762 725 83 75 after
1861 725 84 75 that,
1971 725 25 75 it
2013 725 65 75 will
2096 725 55 75 not
2175 725 108 75 return
2302 725 33 75 a-

1297 771 71 75 gain
1385 771 33 75 in
1434 771 60 75 lefs
1519 771 77 75 than
1631 771 109 75 12492
1769 771 104 75 years.
1879 771 38 75 —
1923 771 109 75 Thefe
2056 771 129 75 eclipfes
2213 771 41 75 of
2281 771 55 75 the

1300 818 67 75 fun,
1393 818 108 75 which
1516 818 124 75 happen
1658 818 99 75 about
1774 818 55 75 the
1845 818 170 75 afcending
2039 818 96 75 node,
2161 818 62 75 and
2240 818 94 75 begin

1299 865 36 75 to
1347 865 91 75 come
1454 865 32 75 in
1505 865 33 75 at
1556 865 55 75 the
1626 865 96 75 north
1741 865 72 75 pole
1829 865 40 75 of
1881 865 55 75 the
1953 865 104 75 earth,
2074 865 67 75 will
2159 865 42 75 go
2218 865 18 75 a
2253 865 85 75 little

1299 911 164 75 foutherly
1479 911 33 75 at
1528 911 77 75 each
1624 911 121 75 return,
1770 911 49 75 till
1838 911 78 75 they
1932 911 42 75 go
1991 911 90 75 quite
2101 911 52 75 off
2165 911 55 75 the
2244 911 91 75 earth

1300 958 32 75 at
1350 958 54 75 the
1421 958 91 75 fouth
1530 958 73 75 pole
1616 958 10 75 ;
1653 958 62 75 and
1728 958 89 75 thofe
1829 958 106 75 which
1952 958 123 75 happen
2092 958 98 75 about
2206 958 56 75 the
2278 958 58 75 de-

1299 1005 151 75 fcending
1466 1005 96 75 node,
1588 1005 63 75 and
1667 1005 94 75 begin
1774 1005 35 75 to
1826 1005 89 75 come
1936 1005 31 75 in
1988 1005 33 75 at
2038 1005 57 75 the
2111 1005 92 75 fouth
2217 1005 71 75 pole
2301 1005 42 75 of

1300 1052 54 75 the
1375 1052 105 75 earth,
1507 1052 66 75 will
1591 1052 41 75 go
1653 1052 18 75 a
1691 1052 84 75 little
1795 1052 167 75 northerly
1990 1052 32 75 at
2042 1052 77 75 each
2137 1052 122 75 return,
2285 1052 51 75 till

1303 1099 33 75 at
1352 1099 57 75 laft
1425 1099 78 75 they
1521 1099 89 75 quite
1627 1099 89 75 leave
1733 1099 55 75 the
1806 1099 90 75 earth
1921 1099 33 75 at
1970 1099 55 75 the
2042 1099 94 75 north
2155 1099 85 75 pole.

1346 1145 56 75 To
1419 1145 177 75 exemplify
1624 1145 64 75 this
1706 1145 128 75 matter,
1860 1145 49 75 we
1926 1145 76 75 fhall
2019 1145 64 75 firft
2111 1145 141 75 confider
2279 1145 58 75 the

1299 1191 84 75 fun’s
1400 1191 126 75 eclipfe,
1550 1191 134 75 (March
1703 1191 71 75 21ft
1790 1191 57 75 old
1862 1191 91 75 ftyle,
1971 1191 96 75 April
2084 1191 43 75 ift
2140 1191 74 75 new
2227 1191 113 75 ftyle),

1299 1238 46 75 A.
1359 1238 47 75 D.
1431 1238 101 75 1764,
1557 1238 171 75 according
1745 1238 34 75 to
1796 1238 40 75 its
1855 1238 92 75 mean
1964 1238 209 75 revolutions,
2199 1238 138 75 without

1299 1283 152 75 equating
1468 1283 56 75 the
1541 1283 106 75 times,
1672 1283 38 75 or
1727 1283 55 75 the
1805 1283 84 75 fun’s
1906 1283 136 75 diftance
2059 1283 85 75 from
2156 1283 55 75 the
2228 1283 83 75 node
2323 1283 15 75 j

1298 1330 63 75 and
1371 1330 81 75 then
1466 1330 174 75 according
1654 1330 35 75 to
1709 1330 42 75 its
1768 1330 73 75 true
1856 1330 141 75 equated
2012 1330 107 75 times.

1345 1377 86 75 This
1449 1377 115 75 eclipfe
1587 1377 55 75 fell
1668 1377 31 75 in
1725 1377 81 75 open
1831 1377 91 75 fpace
1941 1377 33 75 at
1990 1377 79 75 each
2099 1377 121 75 return,
2246 1377 92 75 quite

1299 1423 85 75 clear
1412 1423 40 75 of
1472 1423 57 75 the
1554 1423 105 75 earth,
1684 1423 78 75 even
1787 1423 81 75 fince
1896 1423 56 75 the
1973 1423 155 75 creation,
2155 1423 48 75 till
2224 1423 42 75 A.
2285 1423 57 75 D-

1303 1473 102 75 129J,
1430 1473 84 75 June
1538 1473 77 75 13th
1639 1473 56 75 old
1712 1473 90 75 ftyle,
1831 1473 33 75 at
1884 1473 36 75 12
1939 1473 33 75 h.
2003 1473 41 75 52
2060 1473 44 75 m.
2125 1473 42 75 59
2184 1473 62 75 fee.
2267 1473 71 75 pojl

1299 1518 180 75 meridiem,
1514 1518 92 75 when
1635 1518 56 75 the
1719 1518 124 75 moon’s
1872 1518 127 75 fhadow
2027 1518 63 75 firft
2118 1518 140 75 touched
2282 1518 55 75 the

1298 1564 90 75 earth
1406 1564 33 75 at
1455 1564 57 75 the
1529 1564 96 75 north
1643 1564 96 75 pole;
1765 1564 55 75 the
1841 1564 54 75 fun
1908 1564 95 75 being
2020 1564 76 75 then
2120 1564 37 75 17
2157 1546 20 49 0
2196 1564 43 75 48
2239 1546 13 49 /
2271 1564 69 75 27"

1299 1611 84 75 from
1396 1611 57 75 the
1470 1611 168 75 afcending
1649 1611 176 75 node.—In
1838 1611 77 75 each
1934 1611 112 75 period
2061 1611 81 75 fince
2158 1611 71 75 that
2246 1611 90 75 time,

1299 1658 55 75 the
1372 1658 54 75 fun
1456 1658 57 75 has
1534 1658 90 75 come
1652 1658 54 75 2%'
1727 1658 38 75 i2
1765 1640 25 49 ,r
1806 1658 112 75 nearer
1946 1658 62 75 and
2034 1658 111 75 nearer
2172 1658 58 75 the
2253 1658 84 75 fame

1299 1706 97 75 node,
1420 1706 64 75 and
1511 1706 56 75 the
1591 1706 123 75 moon’s
1730 1706 128 75 ftiadow
1886 1706 57 75 has
1971 1706 161 75 therefore
2148 1706 82 75 gone
2246 1706 91 75 more

1299 1752 62 75 and
1389 1752 89 75 more
1494 1752 267 75 foutherly.—In
1786 1752 56 75 the
1857 1752 77 75 year
1967 1752 100 75 1962,
2085 1752 79 75 July
2186 1752 77 75 18th
2280 1752 58 75 old

1299 1798 91 75 ftyle,
1407 1798 34 75 at
1461 1798 42 75 10
1515 1798 33 75 h.
1569 1798 43 75 36
1626 1798 43 75 m.
1690 1798 40 75 21
1746 1798 63 75 fee.
1823 1798 37 75 p.
1874 1798 42 75 ni.
1940 1798 94 75 when
2051 1798 55 75 the
2122 1798 84 75 fame
2222 1798 115 75 eclipfe

1299 1844 65 75 will
1379 1844 81 75 have
1478 1844 150 75 returned
1642 1844 43 75 38
1699 1844 106 75 times,
1831 1844 56 75 the
1903 1844 55 75 fun
1976 1844 119 75 will.be
2107 1844 76 75 only
2201 1844 44 75 24
2245 1826 12 49 /
2270 1844 41 75 45
2311 1826 29 49 ,,

1299 1891 84 75 from
1399 1891 58 75 the
1473 1891 169 75 afcending
1668 1891 95 75 node,
1790 1891 61 75 and
1881 1891 56 75 the
1964 1891 109 75 centre
2089 1891 40 75 of
2141 1891 55 75 the
2212 1891 126 75 moon’s

1298 1937 128 75 fhadow
1443 1937 67 75 will
1525 1937 58 75 fafl
1601 1937 18 75 a
1635 1937 84 75 little
1735 1937 190 75 northward
1940 1937 41 75 of
1991 1937 57 75 the
2076 1937 120 75 earth’s
2212 1937 123 75 centre.

1297 1984 89 75 —At
1402 1984 56 75 the
1475 1984 63 75 end
1554 1984 40 75 of
1604 1984 56 75 the
1679 1984 80 75 next
1774 1984 169 75 following
1959 1984 125 75 period,
2102 1984 32 75 A
2161 1984 48 75 D.
2234 1984 102 75 1980,

1300 2030 78 75 July
1395 2030 81 75 28th
1493 2030 56 75 old
1566 2030 91 75 ftyle,
1674 2030 137 75 ati8h.
1837 2030 40 75 19
1892 2030 44 75 m.
1956 2030 40 75 41
2012 2030 63 75 fee.
2088 2030 24 75 p
2144 2030 44 75 m.
2212 2030 55 75 the
2280 2030 58 75 fun

1300 2077 64 75 will
1382 2077 81 75 have
1479 2077 137 75 receded
1631 2077 84 75 back
1734 2077 30 75 3'
1777 2077 70 75 27"
1872 2077 84 75 from
1981 2077 55 75 tjre
2053 2077 170 75 afcending
2239 2077 97 75 node,
2352 2077 5 75 .

1300 2124 62 75 and
1378 2124 56 75 the
1451 2124 96 75 moon
1571 2124 69 75 will
1664 2124 81 75 have
1762 2124 19 75 a
1797 2124 78 75 very
1891 2124 90 75 fmall
1997 2124 116 75 degree
2130 2124 40 75 of
2186 2124 159 75 fouthern'

1299 2172 148 75 latitude,
1473 2172 105 75 which
1603 2172 67 75 will
1687 2172 90 75 caufe
1794 2172 57 75 the
1878 2172 108 75 centre
2011 2172 40 75 of
2065 2172 58 75 her
2150 2172 127 75 (hadow
2302 2172 36 75 to

1300 2218 67 75 pafs
1386 2218 18 75 a
1422 2218 79 75 very
1518 2218 89 75 fmall
1625 2218 116 75 matter
1757 2218 93 75 fouth
1878 2218 43 75 of
1940 2218 57 75 the
2024 2218 119 75 earth’s
2167 2218 172 75 centre.—

1300 2265 99 75 After
1416 2265 119 75 which,
1561 2265 32 75 in
1610 2265 96 75 every
1724 2265 166 75 following
1905 2265 124 75 period,
2055 2265 55 75 the
2126 2265 57 75 fun
2209 2265 65 75 will
2299 2265 41 75 be

1303 2313 47 75 28'
1350 2313 10 75 .
1380 2313 63 75 12"
1459 2313 124 75 farther
1598 2313 81 75 back
1696 2313 85 75 from
1797 2313 57 75 the
1871 2313 168 75 afcending
2051 2313 83 75 node
2146 2313 77 75 than
2237 2313 30 75 in
2282 2313 57 75 the

1301 2358 112 75 period
1429 2358 57 75 laft
1501 2358 111 75 before
1626 2358 10 75 ;
1662 2358 62 75 and
1747 2358 55 75 the
1827 2358 124 75 moon’s
1979 2358 127 75 ftiadow
2134 2358 66 75 will
2217 2358 42 75 go
2276 2358 65 75 ftill

1302 2404 123 75 farther
1456 2404 62 75 and
1545 2404 124 75 farther
1697 2404 198 75 foutHward,
1929 2404 80 75 until
2040 2404 188 75 September
2259 2404 79 75 12th

1302 2451 56 75 old
1373 2451 93 75 ftyle,
1489 2451 32 75 at
1550 2451 42 75 23
1612 2451 34 75 h.
1673 2451 45 75 46
1739 2451 49 75 m.
1812 2451 42 75 22
1868 2451 63 75 fee.
1952 2451 36 75 p.
2010 2451 42 75 m.
2083 2451 47 75 A.
2149 2451 50 75 D.
2220 2451 88 75 2665
2324 2451 12 75 ;

1302 2497 92 75 when
1411 2497 56 75 the
1482 2497 113 75 eclipfe
1612 2497 66 75 will
1694 2497 81 75 have
1792 2497 201 75 compleated
2009 2497 44 75 its
2067 2497 79 75 77th
2165 2497 192 75 periodical"

1303 2544 122 75 return,
1450 2544 64 75 and
1530 2544 64 75 will
1613 2544 41 75 go
1671 2544 90 75 quite
1778 2544 50 75 off
1840 2544 55 75 the
1920 2544 91 75 earth
2030 2544 31 75 at
2080 2544 54 75 the
2152 2544 94 75 fouth
2264 2544 77 75 pole

1305 2591 71 75 (the
1401 2591 56 75 fun
1483 2591 96 75 being
1601 2591 78 75 then
1709 2591 61 75 17°
1789 2591 113 75 jj'22
1902 2573 25 49 ,/
1927 2591 97 75 back
2042 2591 90 75 from
2156 2591 55 75 the
2237 2591 99 75 node)

1304 2637 60 75 and
1389 2637 116 75 cannot
1522 2637 90 75 come
1628 2637 31 75 in
1685 2637 34 75 at
1743 2637 56 75 the
1827 2637 97 75 north
1949 2637 86 75 pole,
2059 2637 35 75 fo
2120 2637 34 75 as
2182 2637 35 75 to
2245 2637 94 75 begin

1302 2684 59 75 the.
1369 2684 85 75 fame
1466 2684 110 75 courfe
1589 2684 76 75 over
1678 2684 104 75 again,
1800 2684 31 75 in
1845 2684 59 75 lefs
1919 2684 74 75 than
2012 2684 109 75 12492
2136 2684 91 75 years
2240 2684 99 75 after-

1303 2730 229 75 ward.—And
1549 2730 76 75 fuch
1649 2730 65 75 will
1732 2730 40 75 be
1788 2730 56 75 the
1860 2730 69 75 cafe
1949 2730 147 75 of’every
2115 2730 94 75 other
2225 2730 117 75 eclipfd

1301 2778 42 75 of
1352 2778 56 75 the
1424 2778 76 75 fun:
1529 2778 77 75 For,
1632 2778 35 75 as
1689 2778 92 75 there
1803 2778 26 75 is
1854 2778 98 75 about
1974 2778 39 75 18
2034 2778 132 75 degrees
2190 2778 41 75 on
2260 2778 78 75 eacli

1302 2824 64 75 fide
1390 2824 39 75 of
1439 2824 58 75 the.
1510 2824 83 75 node
1617 2824 111 75 within
1749 2824 104 75 which
1879 2824 90 75 there
1986 2824 26 75 is
2030 2824 17 75 a
2064 2824 167 75 paifibility
2247 2824 39 75 of
2305 2824 35 75 e-

1304 2870 123 75 clipfes,
1453 2870 85 75 their
1555 2870 105 75 whole
1678 2870 178 75 revolution
1882 2870 76 75 goes
1987 2870 139 75 through
2148 2870 42 75 36
2207 2870 137 75 degrees

1304 2919 96 75 about
1419 2919 69 75 that
1505 2919 96 75 node,
1627 2919 118 75 which,
1771 2919 95 75 taken
1882 2919 83 75 from
1986 2919 67 75 360
2065 2919 145 75 degrees,
2235 2919 105 75 leaves

1305 2964 175 75 remaining
1510 2964 69 75 324
1606 2964 134 75 degrees
1765 2964 53 75 for
1840 2964 56 75 the
1920 2964 129 75 eclipfes
2065 2964 35 75 to
2117 2964 101 75 travel
2236 2964 33 75 in
2288 2964 49 75 ex-.
2337 2964 11 75 -
