2493 3387
225 197 86 75 474

785 197 497 75 ASTRO

225 252 77 75 time
319 252 56 75 has
393 252 97 75 fallen
507 252 141 75 towards
665 252 54 75 the
737 252 108 75 moon,
869 252 85 75 from
966 252 56 75 the
1038 252 132 75 tangent
1189 252 34 75 at
1239 252 20 75 a

228 299 35 75 to
279 299 31 75 f,
333 299 62 75 and
412 299 31 75 fo
457 299 102 75 round
576 299 54 75 the
647 299 106 75 whole
769 299 110 75 circle.

273 343 178 75 The'fun’s
464 343 154 75 influence
634 343 31 75 in
683 343 113 75 raifing
811 343 56 75 the
884 343 84 75 tides
991 343 28 75 is
1042 343 59 75 but
1117 343 87 75 fmall
1226 343 32 75 in

227 389 196 75 comparifon
440 389 39 75 of
498 389 56 75 the
570 389 146 75 moon’s:
744 389 63 75 For
825 389 124 75 though
967 389 56 75 the
1046 389 120 75 earth’s
1190 389 67 75 dia-

226 437 102 75 meter
344 437 96 75 bears
454 437 19 75 a
488 437 214 75 confiderable
719 437 187 75 proportion
922 437 35 75 to
973 437 42 75 its
1026 437 137 75 diftance
1176 437 84 75 from

227 483 55 75 the
299 483 108 75 moon,
432 483 26 75 it
470 483 26 75 is
513 483 80 75 next
609 483 36 75 to
661 483 135 75 nothing
810 483 94 75 when
921 483 170 75 compared
1107 483 78 75 with
1203 483 56 75 the

226 530 138 75 diftance
387 530 40 75 of
445 530 56 75 the
524 530 70 75 fun.
643 530 76 75 And
745 530 175 75 therefore,
945 530 56 75 the
1028 530 174 75 difference
1223 530 41 75 of

226 576 56 75 the
298 576 84 75 fun’s
399 576 167 75 attraftion
583 576 41 75 on
647 576 56 75 the
728 576 78 75 fides
832 576 40 75 of
891 576 56 75 the
963 576 92 75 earth
1071 576 101 75 under
1196 576 63 75 and

210 623 4 75 '
225 623 139 75 oppofite
381 623 35 75 to
433 623 79 75 him,
538 623 27 75 is
589 623 94 75 much
707 623 60 75 lefs
784 623 77 75 than
879 623 54 75 the
949 623 173 75 difference
1144 623 40 75 of
1202 623 56 75 the

225 669 124 75 moon’s
367 669 168 75 attra&ion
561 669 42 75 on
627 669 57 75 the
709 669 78 75 fides
813 669 41 75 of
872 669 55 75 the
952 669 90 75 earth
1066 669 102 75 under
1196 669 63 75 and

225 716 140 75 oppofite
383 716 33 75 to
433 716 80 75 her;
540 716 63 75 and
619 716 163 75 therefore
798 716 56 75 the
878 716 96 75 moon
999 716 82 75 muft
1105 716 78 75 raife
1203 716 55 75 the

225 762 83 75 tides
321 762 94 75 much
433 762 114 75 higher
564 762 77 75 than
658 762 78 75 they
753 762 59 75 can
829 762 40 75 be
885 762 101 75 raifed
997 762 43 75 by
1056 762 56 75 the
1128 762 70 75 fun.

272 808 54 75 On
343 808 64 75 this
424 808 129 75 theory,
577 808 33 75 fo
627 808 50 75 far
702 808 35 75 as
762 808 49 75 we
835 808 80 75 have
940 808 170 75 explained
1137 808 39 75 it,
1202 808 55 75 the

222 855 84 75 tides
318 855 102 75 ought
433 855 33 75 to
483 855 39 75 be
534 855 123 75 higheft
668 855 135 75 diredily
814 855 102 75 under
928 855 63 75 and
1004 855 138 75 oppofite
1155 855 35 75 to
1202 855 55 75 the

221 902 119 75 moon;
365 902 73 75 that
458 902 39 75 is,
524 902 92 75 when
634 902 55 75 the
706 902 95 75 moon
823 902 27 75 is
867 902 63 75 due
954 902 96 75 north
1068 902 63 75 and
1147 902 108 75 fouth.

221 947 68 75 But
298 947 51 75 we
360 947 78 75 find,
456 947 70 75 that
538 947 30 75 in
587 947 80 75 open
681 947 78 75 feas,
777 947 108 75 where
898 947 55 75 the
964 947 100 75 water
1075 947 88 75 flows
1173 947 82 75 free-

221 994 47 75 ly,
284 994 54 75 the
350 994 95 75 moon
459 994 48 75 M
518 994 107 75 (Plate
637 994 133 75 XLIV.
781 994 55 75 fig.
847 994 51 75 4.)
912 994 26 75 is
948 994 163 75 generally
1123 994 66 75 part
1202 994 55 75 the

222 1040 94 75 north
336 1040 63 75 and
416 1040 91 75 fouth
525 1040 166 75 meridian,
717 1040 34 75 as
768 1040 33 75 at
811 1040 37 75 p,
874 1040 92 75 when
979 1040 25 75 it
1016 1040 27 75 is
1059 1040 78 75 high
1150 1040 100 75 water

221 1086 32 75 at
272 1086 34 75 Z
324 1086 62 75 and
403 1086 33 75 at
459 1086 32 75 n.
539 1086 78 75 The
637 1086 109 75 reafon
765 1086 200 75 isiobvious;
990 1086 54 75 for
1059 1086 124 75 though
1201 1086 55 75 the

220 1134 124 75 moon’s
362 1134 165 75 attraction
544 1134 65 75 was
626 1134 35 75 to
678 1134 88 75 ceafe
790 1134 182 75 altogether
996 1134 94 75 when
1114 1134 51 75 Ihe
1189 1134 66 75 was

220 1180 66 75 paft
305 1180 56 75 the
386 1180 166 75 meridian,
577 1180 56 75 yet
659 1180 56 75 the
744 1180 122 75 motion
891 1180 41 75 of
950 1180 105 75 afcent
1079 1180 174 75 communi-

219 1226 95 75 cated
336 1226 35 75 to
389 1226 53 75 the
459 1226 100 75 water
575 1226 111 75 before
705 1226 71 75 that
791 1226 77 75 time
885 1226 109 75 would
1017 1226 93 75 make
1133 1226 26 75 it
1175 1226 79 75 con-

218 1273 88 75 tinue
322 1273 35 75 to
373 1273 60 75 rife
454 1273 52 75 for
522 1273 85 75 fome
623 1273 77 75 time
716 1273 106 75 after;
849 1273 96 75 much
961 1273 88 75 more
1066 1273 80 75 muft
1167 1273 26 75 it
1209 1273 45 75 do

215 1319 36 75 fo
264 1319 92 75 when
373 1319 55 75 the
445 1319 167 75 attraction
632 1319 25 75 is
675 1319 77 75 only
768 1319 204 75 diminilhed:
1000 1319 33 75 as
1050 1319 19 75 a
1085 1319 85 75 little
1184 1319 66 75 im-

215 1365 89 75 pulfe
327 1365 92 75 given
437 1365 34 75 to
490 1365 17 75 a
524 1365 129 75 moving
669 1365 65 75 ball
756 1365 67 75 will
848 1365 90 75 caufe
962 1365 26 75 it
1012 1365 60 75 ftill
1094 1365 39 75 tp
1157 1365 93 75 move

214 1412 121 75 farther
355 1412 77 75 than
449 1412 168 75 otherwife
634 1412 25 75 it
676 1412 96 75 could
788 1412 81 75 have
886 1412 96 75 done.
1030 1412 79 75 And
1133 1412 33 75 as
1190 1412 58 75 ex-

214 1459 146 75 perience
372 1459 112 75 (hews,
510 1459 72 75 that
601 1459 55 75 the
673 1459 63 75 day
750 1459 28 75 is
790 1459 109 75 hotter
916 1459 98 75 about
1030 1459 92 75 three
1138 1459 33 75 in
1194 1459 55 75 the

214 1505 182 75 afternoon,
423 1505 75 75 than
516 1505 92 75 when
620 1505 55 75 the
690 1505 57 75 fun
760 1505 27 75 is
804 1505 41 75 on
858 1505 55 75 the
930 1505 166 75 meridian,
1117 1505 131 75 becaufie

213 1551 41 75 of
273 1551 55 75 the
340 1551 174 75 increment
528 1551 91 75 made
636 1551 35 75 to
688 1551 55 75 the
755 1551 76 75 heat
848 1551 130 75 already
990 1551 170 75 imparted.

261 1598 75 75 The
353 1598 82 75 tides
459 1598 120 75 anfwer
603 1598 57 75 not
685 1598 118 75 always
827 1598 36 75 to
879 1598 55 75 the
952 1598 83 75 fame
1051 1598 137 75 diftance
1211 1598 41 75 of

211 1645 57 75 the
285 1645 95 75 moon
397 1645 84 75 from
503 1645 55 75 the
580 1645 153 75 meridian
750 1645 32 75 at
799 1645 55 75 the
870 1645 83 75 fame
969 1645 119 75 places,
1113 1645 57 75 but
1193 1645 53 75 are

212 1690 158 75 varioufly
386 1690 135 75 affefted
536 1690 43 75 by
592 1690 56 75 the
667 1690 102 75 a&ion
786 1690 40 75 of
845 1690 57 75 the
917 1690 70 75 fun,
1012 1690 105 75 which
1135 1690 109 75 brings

210 1737 90 75 them
316 1737 42 75 on
374 1737 113 75 fooner
503 1737 94 75 when
622 1737 55 75 the
701 1737 97 75 moon
822 1737 27 75 is
865 1737 33 75 in
914 1737 58 75 her
998 1737 64 75 firft
1078 1737 63 75 and
1156 1737 88 75 third

213 1783 160 75 quarters,
400 1783 62 75 and
478 1783 96 75 keeps
591 1783 87 75 them
695 1783 81 75 back
798 1783 83 75 later
904 1783 93 75 when
1020 1783 52 75 fhe
1096 1783 26 75 is
1139 1783 31 75 in
1187 1783 59 75 her

209 1830 117 75 fecond
343 1830 62 75 and
422 1830 133 75 fourth;
582 1830 131 75 becaufe
730 1830 32 75 in
785 1830 56 75 the
862 1830 121 75 former
1007 1830 68 75 cafe
1098 1830 55 75 the
1176 1830 68 75 tide

208 1876 103 75 raifed
336 1876 44 75 by
405 1876 56 75 the
484 1876 57 75 fun
566 1876 91 75 alone
682 1876 109 75 would
815 1876 40 75 be
871 1876 114 75 earlier
1009 1876 77 75 than
1101 1876 56 75 the
1174 1876 66 75 tide

209 1922 103 75 raifed
328 1922 44 75 by
388 1922 54 75 the
458 1922 108 75 moon,
593 1922 62 75 and
671 1922 32 75 in
720 1922 55 75 the
791 1922 97 75 latter
904 1922 69 75 cafe
988 1922 94 75 later.

257 1968 76 75 The
350 1968 94 75 moon
463 1968 76 75 goes
555 1968 103 75 round
683 1968 56 75 the
763 1968 91 75 earth
878 1968 32 75 in
935 1968 40 75 an
999 1968 121 75 elliptic
1143 1968 98 75 orbit,

208 2014 65 75 and
289 2014 162 75 therefore
468 2014 51 75 (he
532 2014 195 75 approaches
742 2014 112 75 nearer
866 2014 35 75 to
917 2014 56 75 the
987 2014 90 75 earth
1094 2014 77 75 than
1183 2014 60 75 her

208 2061 93 75 mean
318 2061 152 75 diftance,
494 2061 64 75 and
573 2061 128 75 recedes
719 2061 123 75 farther
859 2061 85 75 from
967 2061 39 75 it,
1031 2061 33 75 in
1080 2061 96 75 every
1191 2061 49 75 lu-

206 2107 60 75 nar
285 2107 127 75 month.
460 2107 111 75 When
588 2107 52 75 (he
656 2107 26 75 is
699 2107 132 75 neareft,
856 2107 53 75 (he
925 2107 130 75 attra&s
1077 2107 163 75 ftrongeft,

207 2153 62 75 and
289 2153 33 75 fa
338 2153 92 75 raifes
448 2153 55 75 the
519 2153 84 75 tides
619 2153 101 75 moft;
746 2153 56 75 the
819 2153 152 75 contrary
987 2153 141 75 happens
1147 2153 94 75 when

208 2200 52 75 fhe
277 2200 27 75 is
321 2200 144 75 fartheft,
490 2200 131 75 becaufe
637 2200 40 75 of
688 2200 58 75 her
760 2200 126 75 weaker
898 2200 182 75 attraction.
1128 2200 113 75 When

207 2246 79 75 both
304 2246 182 75 luminaries
504 2246 53 75 are
577 2246 32 75 in
626 2246 56 75 the
699 2246 148 75 equator,
865 2246 63 75 and
943 2246 55 75 the
1016 2246 93 75 moon
1126 2246 32 75 in
1176 2246 64 75 Pe-

206 2293 100 75 rigeo,
331 2293 37 75 or
384 2293 33 75 at
433 2293 58 75 her
508 2293 74 75 leaft
598 2293 137 75 diftance
751 2293 85 75 from
860 2293 57 75 the
941 2293 105 75 earth,
1070 2293 52 75 (he
1146 2293 94 75 raifes

206 2340 57 75 the
279 2340 82 75 tides
376 2340 125 75 higheft
517 2340 41 75 of
577 2340 54 75 all,
657 2340 170 75 efpecially
842 2340 32 75 at
886 2340 59 75 her
960 2340 202 75 conjunction
1178 2340 63 75 and

207 2386 177 75 oppofition
399 2386 10 75 ;
436 2386 79 75 both
533 2386 132 75 becaufe
682 2386 58 75 the
760 2386 187 75 equatoreal
969 2386 88 75 parts
1081 2386 81 75 have
1184 2386 56 75 the

207 2433 136 75 greateft
359 2433 191 75 centrifugal
568 2433 89 75 force
674 2433 84 75 from
775 2433 85 75 their
870 2433 179 75 defcribing
1060 2433 54 75 the
1126 2433 115 75 largeft

206 2479 111 75 circle,
342 2479 62 75 and
420 2479 85 75 from
526 2479 56 75 the
605 2479 190 75 concurring
818 2479 119 75 actions
961 2479 40 75 of
1019 2479 56 75 the
1098 2479 56 75 fun
1177 2479 63 75 and

207 2525 109 75 moon.
365 2525 47 75 At
437 2525 55 75 the
509 2525 134 75 change,
667 2525 55 75 the
746 2525 163 75 attractive
931 2525 107 75 forces
1053 2525 39 75 of
1111 2525 56 75 the
1183 2525 56 75 fun

205 2572 66 75 and
287 2572 94 75 moon
399 2572 97 75 being
511 2572 123 75 united,
658 2572 79 75 they
753 2572 144 75 diminiftt
913 2572 56 75 the
985 2572 125 75 gravity
1126 2572 41 75 of
1183 2572 56 75 the

206 2618 116 75 waters
351 2618 100 75 under
479 2618 56 75 the
563 2618 108 75 moon,
697 2618 63 75 and
787 2618 84 75 their
895 2618 128 75 gravity
1044 2618 42 75 on
1110 2618 55 75 the
1182 2618 56 75 op-

205 2665 100 75 pofite
321 2665 63 75 fide
400 2665 27 75 is
443 2665 186 75 diminiflred
644 2665 45 75 by
704 2665 112 75 means
826 2665 39 75 of
877 2665 18 75 a
907 2665 126 75 greater
1048 2665 191 75 centrifugal

207 2712 101 75 force.
359 2712 47 75 At
423 2712 56 75 the
495 2712 74 75 full,
595 2712 102 75 whilft
715 2712 55 75 the
787 2712 97 75 moon
900 2712 94 75 raifes
1011 2712 55 75 the
1090 2712 66 75 tide
1180 2712 57 75 un-

207 2757 59 75 der
278 2757 63 75 and
356 2757 141 75 opppfite
512 2757 36 75 to
564 2757 70 75 her,
660 2757 55 75 the
735 2757 57 75 fun
815 2757 103 75 acting
934 2757 31 75 in
982 2757 55 75 the
1053 2757 84 75 fame
1159 2757 80 75 line,

206 2803 95 75 raifes
325 2803 56 75 the
397 2803 68 75 tide
483 2803 100 75 under
599 2803 63 75 and
677 2803 140 75 oppofite
841 2803 35 75 to
892 2803 88 75 him;
1007 2803 131 75 whence
1155 2803 85 75 their

208 2849 142 75 conjoint
366 2849 91 75 effect
474 2849 26 75 is
517 2849 55 75 the
588 2849 84 75 fame
689 2849 33 75 as
739 2849 31 75 at
787 2849 56 75 the
859 2849 142 75 change;
1027 2849 62 75 and
1108 2849 33 75 in
1157 2849 81 75 both

207 2896 96 75 cafes,
329 2896 140 75 occafion
498 2896 88 75 what
613 2896 48 75 we
688 2896 62 75 call
772 2896 56 75 the
842 2896 231 75 fpring-tides.
1121 2896 68 75 But
1204 2896 33 75 at

206 2943 57 75 the
280 2943 158 75 quarters,
463 2943 56 75 the
535 2943 85 75 fun’s
637 2943 103 75 action
757 2943 41 75 on
817 2943 57 75 the
890 2943 116 75 waters
1023 2943 33 75 at
1073 2943 26 75 0
1116 2943 63 75 and
1199 2943 40 75 H

210 2989 110 75 (Plate
337 2989 115 75 XLV.
474 2989 56 75 fig.
546 2989 51 75 2.)
616 2989 178 75 diminifties
811 2989 55 75 the
882 2989 93 75 effect
991 2989 41 75 of
1041 2989 57 75 the
1113 2989 124 75 moon’s

207 3036 103 75 action
336 3036 41 75 on
405 3036 56 75 the
485 3036 114 75 waters
625 3036 34 75 at
674 3036 34 75 Z
732 3036 62 75 and
812 3036 59 75 N\
898 3036 33 75 fo
948 3036 70 75 that
1041 3036 78 75 they
1141 3036 60 75 rife
1217 3036 22 75 a

1360 183 43 75 N
1482 183 41 75 O
1601 183 50 75 M
1729 183 54 75 Y.

1305 251 85 75 little
1407 251 101 75 under
1521 251 62 75 and
1600 251 140 75 oppofite
1756 251 36 75 to
1808 251 55 75 the
1879 251 55 75 fun
1953 251 32 75 at
2002 251 26 75 0
2046 251 61 75 and
2124 251 48 75 //,
2200 251 60 75 and
2278 251 57 75 fall

1307 296 33 75 as
1365 296 95 75 much
1485 296 103 75 under
1611 296 62 75 and
1696 296 141 75 oppofite
1859 296 35 75 to
1913 296 55 75 the
1984 296 96 75 moon
2097 296 32 75 at
2154 296 33 75 Z
2205 296 62 75 and
2283 296 52 75 N,

1308 343 129 75 making
1454 343 86 75 what
1555 343 49 75 we
1620 343 61 75 call
1697 343 57 75 the
1771 343 192 75 neap-tides,
1981 343 132 75 becaufe
2130 343 54 75 the
2200 343 55 75 fun
2273 343 63 75 and

1307 390 95 75 moon
1426 390 77 75 then
1523 390 48 75 act
1588 390 179 75 crofs-wife
1791 390 36 75 to
1851 390 78 75 each
1954 390 106 75 other.
2109 390 80 75 But,
2216 390 120 75 ftrictly

1307 436 162 75 fpeaking,
1487 436 86 75 thefe
1590 436 82 75 tides
1684 436 123 75 happen
1820 436 58 75 not
1894 436 50 75 till
1957 436 86 75 fome
2059 436 77 75 time
2148 436 104 75 after;
2279 436 56 75 be-

1308 483 90 75 caufe
1414 483 33 75 in
1470 483 77 75 this,
1572 483 34 75 as
1623 483 31 75 in
1675 483 94 75 other
1784 483 99 75 cafes,
1906 483 55 75 the
1985 483 119 75 aftions
2120 483 43 75 do
2186 483 57 75 not
2260 483 74 75 pro-

1307 529 82 75 duce
1405 529 56 75 the
1485 529 135 75 greateft
1637 529 93 75 effect
1754 529 94 75 when
1872 529 76 75 they
1973 529 54 75 are
2050 529 33 75 at
2099 529 56 75 the
2171 529 163 75 ftrongeft,

1307 576 59 75 but
1385 576 86 75 fome
1491 576 77 75 time
1584 576 184 75 afterward.

1353 622 76 75 The
1446 622 54 75 fun
1518 622 94 75 being
1624 622 110 75 nearer
1751 622 55 75 the
1821 622 90 75 earth
1929 622 31 75 in
1977 622 116 75 winter
2108 622 77 75 than
2202 622 32 75 in
2251 622 82 75 fum-

1306 667 80 75 mer,
1412 667 26 75 is
1456 667 40 75 of
1514 667 108 75 courfe
1639 667 110 75 nearer
1765 667 35 75 to
1822 667 25 75 it
1872 667 32 75 in
1928 667 163 75 February
2108 667 61 75 and
2191 667 143 75 October

1306 715 75 75 than
1393 715 33 75 in
1442 715 118 75 March
1578 715 63 75 and
1658 715 209 75 September;
1885 715 64 75 and
1960 715 162 75 therefore
2133 715 55 75 the
2200 715 133 75 greateft

1306 761 81 75 tides
1404 761 123 75 happen
1545 761 56 75 not
1619 761 50 75 till
1686 761 85 75 fome
1794 761 76 75 time
1887 761 83 75 after
1992 761 55 75 the
2065 761 160 75 autumnal
2242 761 89 75 equi-

1307 807 77 75 nox,
1411 807 62 75 and
1488 807 110 75 return
1614 807 19 75 a
1648 807 85 75 little
1749 807 111 75 before
1876 807 56 75 the
1947 807 122 75 vernal.

1352 855 76 75 The
1440 855 51 75 fea
1506 855 94 75 being
1616 855 74 75 thus
1707 855 57 75 put
1780 855 33 75 in
1833 855 135 75 motion,
1994 855 109 75 would
2125 855 148 75 continue
2295 855 37 75 to

1306 899 61 75 ebb
1383 899 62 75 and
1461 899 74 75 flow
1552 899 51 75 for
1619 899 118 75 feveral
1757 899 106 75 times,
1889 899 77 75 even
1982 899 124 75 though
2126 899 55 75 the
2198 899 55 75 fun
2269 899 63 75 and

1306 947 95 75 moon
1417 947 86 75 wpre
1519 947 206 75 annihilated,
1750 947 37 75 or
1809 947 84 75 their
1915 947 154 75 influence
2093 947 111 75 ftpould
2220 947 107 75 ceafe:

1306 995 34 75 as
1356 995 30 75 if
1403 995 19 75 a
1438 995 96 75 bafon
1550 995 40 75 of
1608 995 98 75 water
1731 995 84 75 were
1838 995 154 75 agitated,
2018 995 55 75 the
2100 995 99 75 water
2222 995 110 75 would

1304 1040 149 75 continue
1469 1040 35 75 to
1520 1040 93 75 move
1629 1040 53 75 for
1697 1040 85 75 fome
1798 1040 77 75 time
1899 1040 84 75 after
2003 1040 56 75 the
2076 1040 94 75 bafon
2188 1040 64 75 was
2268 1040 62 75 left

1304 1086 35 75 to
1355 1086 88 75 ftand
1460 1086 74 75 ftill.
1583 1086 51 75 Or
1655 1086 66 75 like
1737 1086 18 75 a
1771 1086 184 75 pendulum,
1981 1086 103 75 which
2110 1086 116 75 having
2248 1086 82 75 been

1303 1132 56 75 put
1376 1132 31 75 in
1424 1132 122 75 motion
1563 1132 44 75 by
1623 1132 55 75 the
1695 1132 97 75 hand,
1817 1132 164 75 continues
1993 1132 35 75 to
2040 1132 91 75 make
2147 1132 120 75 feveral
2282 1132 48 75 vi-

1303 1179 141 75 brations
1460 1179 137 75 without
1615 1179 62 75 any
1689 1179 70 75 new
1774 1179 145 75 impulfe.

1347 1225 111 75 When
1474 1225 62 75 the
1557 1225 97 75 moon
1680 1225 27 75 is
1733 1225 33 75 in
1791 1225 55 75 the
1873 1225 147 75 equator,
2045 1225 57 75 the
2125 1225 83 75 tides
2225 1225 53 75 are
2294 1225 33 75 e-

1301 1271 111 75 qually
1427 1271 76 75 high
1517 1271 31 75 in
1566 1271 78 75 both
1658 1271 86 75 parts
1758 1271 40 75 of
1807 1271 56 75 the
1875 1271 92 75 lunar
1981 1271 74 75 day,
2081 1271 38 75 or
2133 1271 78 75 time
2223 1271 40 75 of
2272 1271 58 75 the

1297 1317 123 75 moon’s
1437 1317 164 75 revolving
1625 1317 84 75 from
1729 1317 55 75 the
1808 1317 154 75 meridian
1984 1317 35 75 to
2039 1317 55 75 the
2122 1317 155 75 meridian
2294 1317 33 75 a-

1298 1362 85 75 gain,
1408 1362 105 75 which
1531 1362 27 75 is
1576 1362 45 75 24
1637 1362 98 75 hours
1753 1362 43 75 48
1819 1362 149 75 minutes.
2017 1362 65 75 But
2108 1362 33 75 as
2159 1362 55 75 the
2230 1362 96 75 moon

1298 1410 138 75 declines
1453 1410 86 75 from
1555 1410 55 75 the
1622 1410 135 75 equator
1777 1410 142 75 towards
1938 1410 101 75 either
2063 1410 84 75 pole,
2173 1410 55 75 the
2244 1410 83 75 tides

1297 1456 53 75 are
1362 1456 189 75 alternately
1566 1456 114 75 higher
1692 1456 63 75 and
1765 1456 100 75 lower
1877 1456 33 75 at
1926 1456 106 75 places
2048 1456 117 75 having
2181 1456 96 75 north
2290 1456 39 75 or

1296 1503 92 75 fouth
1406 1503 146 75 latitude.
1603 1503 65 75 For
1683 1503 60 75 one
1756 1503 40 75 of
1807 1503 55 75 the
1878 1503 123 75 higheft
2017 1503 186 75 elevations,
2221 1503 105 75 which

1294 1549 26 75 is
1338 1549 71 75 that
1422 1549 102 75 under
1541 1549 56 75 the
1614 1549 108 75 moon,
1747 1549 128 75 follows
1892 1549 58 75 her
1965 1549 141 75 towards
2122 1549 56 75 the
2202 1549 72 75 pole
2290 1549 37 75 to

1295 1596 106 75 which
1417 1596 52 75 {he
1491 1596 27 75 is
1535 1596 132 75 neareft,
1693 1596 63 75 and
1771 1596 56 75 the
1843 1596 95 75 other
1954 1596 139 75 declines
2112 1596 140 75 towards
2269 1596 56 75 the

1295 1643 140 75 oppofite
1451 1643 73 75 pole
1538 1643 9 75 ;
1576 1643 78 75 each
1674 1643 157 75 elevation
1852 1643 178 75 defcribing
2054 1643 146 75 parallels
2217 1643 34 75 as
2276 1643 50 75 far

1294 1688 114 75 diftant
1424 1688 86 75 from
1528 1688 55 75 the
1606 1688 147 75 equator,
1770 1688 42 75 on
1829 1688 140 75 oppofite
1986 1688 91 75 fides,
2103 1688 33 75 as
2153 1688 55 75 the
2225 1688 99 75 moon

1293 1736 139 75 declines
1459 1736 85 75 from
1561 1736 26 75 it
1610 1736 34 75 to
1672 1736 104 75 either
1791 1736 63 75 fide
1868 1736 9 75 ;
1916 1736 62 75 and
2005 1736 238 75 confequently,
2269 1736 56 75 the

1292 1782 146 75 parallels
1454 1782 165 75 defcribed
1645 1782 43 75 by
1705 1782 86 75 thefe
1818 1782 174 75 elevations
2008 1782 41 75 of
2070 1782 56 75 the
2152 1782 100 75 water
2268 1782 54 75 are

1292 1827 94 75 twice
1403 1827 33 75 as
1454 1827 94 75 many
1564 1827 131 75 degrees
1723 1827 84 75 from
1823 1827 60 75 one
1908 1827 147 75 another,
2083 1827 33 75 as
2145 1827 55 75 the
2228 1827 95 75 moon

1291 1873 27 75 is
1345 1873 86 75 from
1457 1873 57 75 the
1538 1873 136 75 equator
1689 1873 11 75 ;
1737 1873 172 75 increafing
1936 1873 84 75 their
2043 1873 137 75 diftance
2208 1873 33 75 as
2267 1873 56 75 the

1291 1919 95 75 moon
1401 1919 153 75 increafes
1567 1919 58 75 her
1641 1919 205 75 declination,
1871 1919 51 75 till
1947 1919 24 75 it
1990 1919 39 75 be
2045 1919 33 75 at
2095 1919 55 75 the
2174 1919 148 75 greateft,

1290 1966 93 75 when
1406 1966 56 75 the
1477 1966 65 75 faid
1560 1966 146 75 parallels
1724 1966 64 75 are,
1814 1966 32 75 at
1866 1966 19 75 a
1901 1966 90 75 mean
2008 1966 90 75 ftate,
2125 1966 44 75 47
2187 1966 134 75 degrees

1290 2013 84 75 from
1391 2013 60 75 one
1467 2013 133 75 another
1614 2013 9 75 :
1651 2013 62 75 and
1729 2013 41 75 on
1795 2013 72 75 that
1889 2013 76 75 day,
1990 2013 56 75 the
2073 2013 81 75 tides
2172 2013 53 75 are
2242 2013 80 75 moft

1290 2058 137 75 unequal
1450 2058 33 75 in
1501 2058 84 75 their
1600 2058 142 75 heights.
1790 2058 50 75 As
1860 2058 56 75 the
1935 2058 95 75 moon
2055 2058 123 75 returns
2195 2058 128 75 toward

1290 2104 54 75 the
1361 2104 148 75 equator,
1533 2104 55 75 the
1605 2104 147 75 parallels
1767 2104 165 75 defcribed
1954 2104 43 75 by
2014 2104 55 75 the
2093 2104 142 75 oppofite
2252 2104 65 75 ele-

1290 2153 124 75 vations
1441 2153 159 75 approach
1628 2153 140 75 towards
1792 2153 78 75 each
1893 2153 106 75 cither,
2034 2153 80 75 until
2142 2153 56 75 the
2224 2153 96 75 moon

1291 2199 106 75 comes
1413 2199 36 75 to
1465 2199 55 75 the
1536 2199 149 75 equator,
1709 2199 63 75 and
1792 2199 78 75 then
1892 2199 78 75 they
1987 2199 154 75 coincide.
2190 2199 49 75 As
2264 2199 56 75 the

1291 2245 96 75 moon
1414 2245 140 75 declines
1582 2245 124 75 toward
1733 2245 55 75 the
1817 2245 140 75 oppofite
1985 2245 87 75 pole,
2100 2245 33 75 at
2160 2245 94 75 equal
2270 2245 49 75 di-

1290 2291 236 75 ftances,„each
1542 2291 157 75 elevation
1716 2291 157 75 defcribes
1892 2291 54 75 the
1962 2291 83 75 fame
2068 2291 130 75 parallel
2214 2291 32 75 in
2263 2291 56 75 the

1290 2337 94 75 other
1400 2337 71 75 part
1488 2337 40 75 of
1539 2337 56 75 the
1611 2337 91 75 lunar
1724 2337 75 75 day,
1825 2337 106 75 which
1946 2337 42 75 its
2004 2337 140 75 oppofite
2160 2337 160 75 elevation

1290 2385 163 75 defcribed
1469 2385 123 75 before.
1640 2385 121 75 Whilft
1785 2385 55 75 the
1856 2385 96 75 moon
1975 2385 59 75 has
2058 2385 95 75 north
2177 2385 140 75 declina-

1290 2430 81 75 tion,
1396 2430 55 75 the
1467 2430 134 75 greateft
1623 2430 82 75 tides
1729 2430 32 75 in
1790 2430 55 75 the
1872 2430 153 75 northern
2052 2430 196 75 hemifphere
2264 2430 56 75 are

1289 2477 91 75 when
1398 2477 52 75 flie
1465 2477 25 75 is
1509 2477 99 75 above
1626 2477 54 75 the
1708 2477 134 75 horizon
1857 2477 10 75 ;
1904 2477 64 75 and
1994 2477 56 75 the
2078 2477 119 75 reverfe
2214 2477 103 75 whilft

1286 2523 58 75 her
1370 2523 192 75 declination
1589 2523 26 75 is
1643 2523 107 75 fouth.
1800 2523 37 75 In
1865 2523 92 75 Plate
1979 2523 114 75 XLV.
2120 2523 44 75 let
2182 2523 144 75 NE5P>_

1289 2569 40 75 be
1353 2569 55 75 the
1435 2569 104 75 earth,
1565 2569 90 75 NCS
1682 2569 43 75 its
1753 2569 83 75 axis,
1871 2569 146 75 £^'the
2048 2569 148 75 equator,
2229 2569 80 75 T25

1287 2615 55 75 the
1368 2615 104 75 tropic
1499 2615 41 75 of
1563 2615 138 75 Cancer,
1733 2615 51 75 trs
1817 2615 56 75 the
1920 2615 103 75 tropic
2054 2615 39 75 of
2124 2615 191 75 Capricorn,

1288 2661 40 75 ab
1351 2661 55 75 the
1423 2661 95 75 ardtic
1534 2661 109 75 circle,
1667 2661 43 75 cd
1723 2661 54 75 the
1794 2661 164 75 antardHc,
1982 2661 44 75 N
2042 2661 57 75 the
2115 2661 96 75 north
2229 2661 84 75 pole,

1289 2708 25 75 S
1331 2708 56 75 the
1403 2708 93 75 fouth
1514 2708 85 75 pole,
1625 2708 48 75 M
1686 2708 56 75 the
1757 2708 109 75 moon,
1892 2708 29 75 F
1942 2708 62 75 and
2020 2708 31 75 G
2074 2708 56 75 the
2154 2708 65 75 two
2235 2708 78 75 emi-

1287 2755 116 75 nences
1430 2755 39 75 of
1492 2755 112 75 water,
1629 2755 105 75 whofe
1758 2755 107 75 loweft
1893 2755 87 75 parts
2009 2755 52 75 are
2089 2755 32 75 at
2147 2755 22 75 a
2194 2755 62 75 and
2279 2755 32 75 d,

1289 2801 71 75 (fig.
1381 2801 68 75 3.},
1471 2801 33 75 at
1520 2801 115 75 Wand
1647 2801 38 75 5,
1705 2801 71 75 (fig.
1795 2801 66 75 4.),
1887 2801 60 75 and
1959 2801 33 75 at
2004 2801 89 75 foind
2107 2801 34 75 c,.
2155 2801 71 75 (fig.
2247 2801 66 75 5.),

1287 2847 118 75 always
1433 2847 45 75 90
1494 2847 132 75 degrees
1652 2847 83 75 from
1765 2847 54 75 the
1846 2847 135 75 higheft.
2029 2847 87 75 Now
2138 2847 92 75 when
2258 2847 58 75 the

1286 2894 96 75 moon
1409 2894 26 75 is
1464 2894 33 75 in
1523 2894 58 75 her
1609 2894 134 75 greateft
1771 2894 95 75 north
1894 2894 190 75 declination
2113 2894 32 75 at
2172 2894 53 75 M,
2256 2894 58 75 the

1286 2941 120 75 higheft
1423 2941 156 75 elevation
1604 2941 31 75 G
1662 2941 101 75 under
1779 2941 71 75 her,
1874 2941 26 75 is
1918 2941 40 75 on
1975 2941 56 75 the
2047 2941 102 75 tropic
2167 2941 43 75 of
2226 2941 86 75 Can-

1287 2987 65 75 cer,
1378 2987 99 75 TOn,
1502 2987 63 75 and
1579 2987 57 75 the
1655 2987 138 75 oppofite
1809 2987 156 75 elevation
1982 2987 29 75 F
2031 2987 41 75 on
2090 2987 54 75 the
2160 2987 103 75 tropic
2277 2987 43 75 of

1287 3035 179 75 Capricorn
1480 3035 52 75 trs
1545 3035 11 75 ;
1583 3035 63 75 and
1657 3035 87 75 thefe
1760 3035 65 75 two
1837 3035 172 75 elevations
2022 3035 139 75 defcribe
2178 3035 56 75 the
2242 3035 70 75 tro-

2244 3080 66 75 pics
