2477 3395
598 168 34 75 B
692 168 35 75 R
784 168 16 75 I

1132 168 20 75 (
1209 168 82 75 ^79
1350 168 18 75 )

1714 168 35 75 B
1808 168 36 75 R
1903 168 17 75 I

212 235 157 75 BRILL,
395 235 38 75 or
448 235 136 75 Briel,
610 235 55 75 the
681 235 115 75 capital
816 235 39 75 of
873 235 55 75 the
945 235 98 75 iflafid
1058 235 41 75 of
1111 235 126 75 Voorn,

258 282 30 75 in
314 282 156 75 Holland,
496 282 134 75 lituated
653 282 97 75 about
773 282 114 75 twelve
909 282 89 75 miles
1016 282 92 75 fouth
1125 282 41 75 of
1184 282 56 75 the

259 333 135 75 Hague;
420 333 41 75 E,
478 333 86 75 long.
584 333 21 75 4
605 315 21 49 0
626 333 15 75 ,
667 333 61 75 and
745 333 46 75 N.
807 333 56 75 lat.
885 333 38 75 51
923 315 27 49 0
973 333 66 75 jo'.

213 374 281 75 BRILLIANT,
520 374 32 75 in
575 374 18 75 a
616 374 128 75 general
767 374 98 75 fenfe,
891 374 180 75 fomething
1088 374 71 75 that
1182 374 58 75 has

259 421 18 75 a
291 421 86 75 lucid
391 421 61 75 and
468 421 108 75 bright
592 421 203 75 appearance.

213 466 235 75 Brilliant,
486 466 30 75 in
546 466 54 75 the
627 466 142 75 menage,
810 466 19 75 a
859 466 95 75 brilk,
995 466 243 75 high-mettled,

258 514 111 75 llately
393 514 103 75 horfe,
533 514 25 75 is
583 514 103 75 called
709 514 153 75 brilliant,
897 514 34 75 as
957 514 119 75 having
1099 514 18 75 a
1139 514 45 75 rai
1200 514 41 75 ed

258 561 91 75 neck,
376 561 18 75 a
419 561 61 75 fine
501 561 134 75 motion,
659 561 160 75 excellent
834 561 174 75 haunches,
1034 561 84 75 upon
1136 561 104 75 which

259 607 40 75 he
316 607 87 75 rifes,
429 607 124 75 though
570 607 95 75 never
684 607 34 75 fo
733 607 84 75 little
833 607 57 75 put
906 607 55 75 on.

212 654 122 75 BRIM
351 654 133 75 denotes
506 654 54 75 the
584 654 116 75 utmoft
723 654 96 75 verge
843 654 37 75 or
903 654 94 75 edge,
1022 654 168 75 efpecially
1206 654 41 75 of

258 700 102 75 round
372 700 119 75 things.

210 746 118 75 Brim,
354 746 30 75 in
402 746 136 75 country
553 746 120 75 affairs.
722 746 33 75 A
771 746 64 75 fow
851 746 26 75 is
899 746 65 75 faid
981 746 35 75 to
1032 746 96 75 brim,
1154 746 37 75 or
1207 746 35 75 to

257 793 40 75 go
313 793 35 75 to
363 793 94 75 brim,
482 793 94 75 when
592 793 51 75 fhe
659 793 26 75 is
703 793 98 75 ready
817 793 34 75 to
863 793 74 75 take
953 793 89 75 boar.

212 839 299 75 BRIMSTONE.
562 839 61 75 See
640 839 198 75 Sulphur,
863 839 62 75 and
943 839 252 75 Chemistry.

214 883 392 75 Brimstone-w^/p.
656 883 62 75 See
734 883 181 75 Marble.

210 932 128 75 BRIN,
366 932 18 75 a
407 932 67 75 city
497 932 41 75 of
557 932 160 75 Moravia,
741 932 182 75 dependent
947 932 42 75 on
1014 932 168 75 Bohemia,
1208 932 33 75 a-

256 977 77 75 bout
349 977 103 75 thirty
464 977 89 75 miles
570 977 187 75 fouth-weft
773 977 40 75 of
824 977 135 75 Olmutz
973 977 8 75 :
1009 977 45 75 E.
1071 977 88 75 long.
1182 977 40 75 16
1222 959 19 49 0

258 1025 66 75 20,
350 1025 61 75 and
427 1025 47 75 N.
493 1025 56 75 lat.
569 1025 44 75 49
613 1007 23 49 0
657 1025 45 75 40
718 1025 7 75 .

210 1070 231 75 BRINDISI,
467 1070 18 75 a
501 1070 175 75 port-town
693 1070 41 75 of
752 1070 56 75 the
824 1070 150 75 kingdom
993 1070 40 75 of
1052 1070 134 75 Naples,
1201 1070 40 75 fi-

256 1116 113 75 tuated
384 1116 42 75 on
444 1116 54 75 the
514 1116 98 75 gulph
625 1116 40 75 of
684 1116 137 75 Venice,
846 1116 98 75 about
961 1116 179 75 thirty-five
1152 1116 90 75 miles

257 1162 187 75 north-weft
460 1162 40 75 of
511 1162 162 75 Otranto;
699 1162 44 75 E.
761 1162 89 75 long.
873 1162 41 75 1S
914 1144 22 49 0
956 1162 41 75 45
997 1144 14 49 /
1011 1162 13 75 ,
1042 1162 121 75 andN.
1181 1162 62 75 lat.

260 1210 44 75 40
304 1192 22 49 0
347 1210 44 75 40
391 1192 11 49 /
402 1210 13 75 .

210 1255 162 75 BRINE,
397 1255 100 75 water
512 1255 122 75 replete
655 1255 80 75 with
759 1255 97 75 faline
871 1255 148 75 particles
1032 1255 9 75 ;
1069 1255 36 75 or
1122 1255 121 75 pickle.

209 1301 262 75 Brine-w«/ct,
497 1301 18 75 a
536 1301 60 75 fait
613 1301 112 75 water,
750 1301 105 75 which
879 1301 95 75 being
998 1301 121 75 boiled,
1151 1301 92 75 turns

256 1347 67 75 into
339 1347 71 75 fait.

301 1394 98 75 Brine
423 1394 94 75 taken
541 1394 57 75 out
621 1394 39 75 of
678 1394 183 75 brine-pits,
886 1394 38 75 or
945 1394 197 75 brine-pans,
1166 1394 79 75 ufed

256 1439 44 75 by
311 1439 85 75 fome
413 1439 52 75 for
480 1439 111 75 curing
607 1439 36 75 or
660 1439 138 75 pickling
815 1439 39 75 of
873 1439 68 75 fifh,
966 1439 138 75 without
1120 1439 127 75 boiling

256 1486 57 75 the
328 1486 83 75 fame
427 1486 68 75 into
511 1486 74 75 fait,
602 1486 63 75 and
681 1486 154 75 rock-Ialt
850 1486 137 75 without
1004 1486 133 75 refining
1152 1486 26 75 it
1193 1486 49 75 in-

257 1531 36 75 to
308 1531 187 75 white-falt,
521 1531 53 75 are
589 1531 182 75 prohibited
787 1531 43 75 by
851 1531 14 75 1
884 1531 108 75 Anne,
1017 1531 69 75 cap.
1105 1531 73 75 xxi.

211 1578 317 75 BRINGING-IN
543 1578 21 75 a
581 1578 98 75 borfe,
705 1578 30 75 in
748 1578 56 75 the
820 1578 143 75 menage,
988 1578 56 75 the
1060 1578 83 75 fame
1160 1578 33 75 as
1207 1578 35 75 to

257 1625 67 75 fay,
348 1625 82 75 keep
452 1625 95 75 down
568 1625 55 75 the
647 1625 75 75 nofe
744 1625 40 75 of
803 1625 19 75 a
844 1625 93 75 horfe
960 1625 72 75 that
1048 1625 107 75 boars,
1180 1625 63 75 and

258 1670 93 75 toffes
364 1670 49 75 his
430 1670 73 75 nofe
519 1670 32 75 in
569 1670 56 75 the
636 1670 107 75 wind;
769 1670 64 75 this
845 1670 26 75 is
883 1670 82 75 done
983 1670 42 75 by
1042 1670 106 75 means
1165 1670 40 75 of
1225 1670 21 75 a

259 1716 83 75 good
354 1716 132 75 branch.
537 1716 61 75 See
613 1716 202 75 Banquet,
840 1716 64 75 and
918 1716 134 75 Wind.

212 1763 164 75 BRION,
401 1763 38 75 an
462 1763 99 75 ifland
584 1763 40 75 of
642 1763 110 75 North
775 1763 166 75 America,
965 1763 32 75 in
1020 1763 54 75 the
1091 1763 98 75 gulph
1206 1763 40 75 of

262 1808 38 75 St
316 1808 186 75 Lawrence.

212 1855 222 75 BRIONES,
460 1855 19 75 a
493 1855 89 75 fmall
599 1855 86 75 town
706 1855 40 75 of
765 1855 69 75 Old
856 1855 129 75 Caftile,
1010 1855 33 75 in
1069 1855 109 75 Spain,
1203 1855 41 75 fi-

259 1900 110 75 tuated
386 1900 42 75 on
439 1900 56 75 the
512 1900 82 75 river
610 1900 102 75 Ebro.

212 1948 182 75 BRIONI,
419 1948 56 75 the
490 1948 91 75 name
598 1948 39 75 of
657 1948 90 75 three
762 1948 113 75 iftands
891 1948 32 75 in
940 1948 55 75 the
1012 1948 149 75 Adriatic
1176 1948 63 75 fea,

259 1994 82 75 upon
358 1994 54 75 the
428 1994 131 75 weftern
576 1994 83 75 coaft
676 1994 40 75 of
735 1994 103 75 Iftria.
885 1994 99 75 They
1000 1994 117 75 belong
1134 1994 35 75 to
1185 1994 66 75 the.

258 2040 160 75 Republic
434 2040 40 75 of
494 2040 134 75 Venice.

211 2085 232 75 BRlONNE,
469 2085 19 75 a
503 2085 88 75 town
615 2085 38 75 of
673 2085 203 75 Normandy,
901 2085 32 75 in
949 2085 135 75 France,
1108 2085 136 75 fituated

260 2130 40 75 on
316 2130 54 75 the
386 2130 83 75 Rill,
494 2130 98 75 about
609 2130 52 75 ten
677 2130 127 75 leagues
815 2130 84 75 from
916 2130 129 75 Rouen.

212 2177 187 75 BRISAC,
425 2177 18 75 a
464 2177 141 75 fortified
622 2177 87 75 town
726 2177 39 75 of
785 2177 138 75 Swabia,
951 2177 31 75 in
1000 2177 180 75 Germany,
1205 2177 38 75 fi-

261 2222 110 75 tuated
386 2222 40 75 on
443 2222 55 75 the
515 2222 117 75 eaftern
649 2222 89 75 fhore
754 2222 40 75 of
813 2222 55 75 the
892 2222 83 75 river
999 2222 121 75 Rhine,
1145 2222 98 75 about

261 2269 101 75 thirty
374 2269 91 75 miles
481 2269 97 75 north
594 2269 40 75 of
647 2269 188 75 Stralburg;
862 2269 43 75 E.
923 2269 89 75 long.
1033 2269 17 75 7
1050 2251 25 49 0
1098 2269 38 75 ij
1136 2251 13 49 7
1149 2269 13 75 ,
1180 2269 64 75 and

261 2314 47 75 N.
325 2314 59 75 lat.
402 2314 66 75 48°
493 2314 63 75 io'.

215 2360 89 75 New
327 2360 160 75 Brisac,
518 2360 19 75 a
558 2360 129 75 fortrefs
712 2360 41 75 on
776 2360 55 75 the
855 2360 131 75 weftern
1010 2360 90 75 fhore
1127 2360 41 75 of
1187 2360 56 75 the

261 2407 118 75 Rhine,
404 2407 138 75 oppofite
563 2407 35 75 to
614 2407 69 75 Old
699 2407 122 75 Brifac.
876 2407 33 75 It
933 2407 26 75 is
982 2407 134 75 fituated
1131 2407 32 75 in
1180 2407 63 75 Al-

261 2453 80 75 face,
366 2453 62 75 and
444 2453 131 75 belongs
591 2453 35 75 to
643 2453 55 75 the
714 2453 138 75 French.

214 2500 241 75 BRISGOW,
489 2500 17 75 a
532 2500 154 75 territory
710 2500 41 75 of
773 2500 56 75 the
853 2500 96 75 circle
973 2500 39 75 of
1040 2500 138 75 Swabia,
1210 2500 32 75 in

261 2545 179 75 Germany,
463 2545 134 75 fituated
610 2545 42 75 on
669 2545 54 75 the
739 2545 63 75 eaft
817 2545 64 75 fide
903 2545 40 75 of
962 2545 54 75 the
1040 2545 120 75 Rhine,
1186 2545 55 75 op-

262 2591 97 75 pofite
371 2591 35 75 to
417 2591 55 75 the
489 2591 113 75 Upper
618 2591 127 75 Alface,
763 2591 146 75 whereof
920 2591 158 75 Fribourg
1090 2591 62 75 and
1168 2591 74 75 Brir

263 2636 50 75 fac
330 2636 52 75 are
399 2636 56 75 the
471 2636 91 75 chief
579 2636 116 75 towns.

216 2684 221 75 BRISTLE,
463 2684 18 75 a
497 2684 83 75 rigid
596 2684 100 75 glofty
708 2684 80 75 kind
804 2684 40 75 of
861 2684 82 75 hair,
968 2684 101 75 found
1081 2684 39 75 on
1133 2684 111 75 fwine,

263 2728 62 75 and
341 2728 93 75 much
452 2728 77 75 ufed
544 2728 43 75 by
603 2728 232 75 brufhmakers,
861 2728 64 75 &c.

309 2776 143 75 Bnftles,
477 2776 101 75 rough
604 2776 62 75 and
690 2776 176 75 undrefled,
890 2776 63 75 pay
976 2776 24 75 a^
1017 2776 82 75 duty
1123 2776 40 75 of
1187 2776 11 75 1
1213 2776 28 75 s.

264 2814 17 49 2
281 2832 26 75 t
307 2814 7 49 3
314 2832 76 75 oVL
408 2832 55 75 the
478 2832 105 75 dozen
596 2832 118 75 pound,
732 2832 148 75 whereof
903 2832 12 75 1
930 2832 27 75 s.
977 2832 104 75 -^5d,
1095 2832 25 75 is
1132 2832 112 75 drawn

262 2868 80 75 back
359 2868 40 75 on
416 2868 171 75 exporting
606 2868 85 75 them
703 2868 10 75 ;
741 2868 141 75 whereas
905 2868 122 75 dreffed
1045 2868 120 75 briftles
1182 2868 62 75 pay

262 2915 18 75 a
296 2915 82 75 duty
393 2915 40 75 of
453 2915 17 75 2
482 2915 27 75 s.
528 2915 21 75 4
549 2947 88 49 T^d
637 2915 18 75 .
674 2915 55 75 the
745 2915 104 75 dozen
872 2915 120 75 pound,
1016 2915 148 75 whereof
1184 2915 19 75 a
1214 2915 39 75 s-

407 2967 26 75 is
450 2967 110 75 drawn
577 2967 79 75 back
673 2967 43 75 on
731 2967 229 75 exportation..

1380 224 78 75 The
1475 224 149 75 whifkers
1643 224 39 75 of
1700 224 67 75 cats
1786 224 52 75 are
1855 224 65 75 alfo
1937 224 180 75 fometimes
2141 224 102 75 called
2260 224 64 75 bri-

1338 270 69 75 ftles
1420 270 10 75 ;
1457 270 34 75 as
1508 270 53 75 are
1573 270 55 75 the
1645 270 96 75 quills
1754 270 41 75 of
1814 270 55 75 the
1887 270 185 75 porcupine.

1288 319 225 75 BRISTOL,
1539 319 17 75 a
1574 319 65 75 city
1661 319 62 75 and
1748 319 176 75 port-town
1944 319 41 75 of
2004 319 161 75 England,
2192 319 141 75 fitnated"

1335 363 106 75 partly
1457 363 31 75 in
1500 363 284 75 Gloucefterfhire,
1805 363 63 75 and
1885 363 105 75 partly
2006 363 32 75 in
2057 363 241 75 Somerfetfhire
2311 363 11 75 ;

1335 411 60 75 W.
1413 411 89 75 long.
1524 411 17 75 2
1541 393 24 49 0
1581 411 69 75 40',
1676 411 121 75 andN.
1816 411 57 75 lat.
1891 411 64 75 5*°
1972 411 68 75 go'.

1382 457 32 75 It
1430 457 102 75 (lands
1551 457 41 75 on
1608 457 55 75 the
1676 457 82 75 river
1774 457 109 75 Avon,
1903 457 96 75 about
2017 457 109 75 ninety
2143 457 90 75 miles
2250 457 75 75 weft

1335 502 37 75 of
1386 502 152 75 London,
1566 502 62 75 and
1639 502 27 75 is
1684 502 18 75 a
1718 502 87 75 town
1823 502 39 75 of
1874 502 55 75 the
1940 502 134 75 greateft
2091 502 124 75 foreign
2232 502 92 75 trade

1335 550 40 75 of
1387 550 62 75 any
1464 550 33 75 in
1510 550 125 75 Britain
1652 550 78 75 next
1747 550 36 75 to
1795 550 152 75 London.
1989 550 31 75 It
2037 550 26 75 is
2077 550 64 75 alfo
2153 550 18 75 a
2187 550 139 75 bifhop’s

1335 596 63 75 fee,
1423 596 91 75 fends
1531 596 67 75 two
1613 596 159 75 members
1796 596 36 75 to
1854 596 200 75 parliament,
2079 596 63 75 and
2164 596 87 75 gives
2270 596 55 75 the

1337 643 71 75 title
1425 643 39 75 of
1484 643 64 75 earl
1566 643 35 75 to
1613 643 55 75 the
1685 643 94 75 noble
1795 643 113 75 family
1924 643 40 75 of
1982 643 147 75 Harvey.

1291 690 90 75 New
1397 690 195 75 Bristol,
1617 690 55 75 the
1688 690 114 75 capital
1819 690 41 75 of
1878 690 56 75 the
1950 690 120 75 county
2087 690 39 75 of
2145 690 122 75 Bucks,
2292 690 32 75 in

1336 738 205 75 Penfilvania,
1566 738 97 75 about
1680 738 122 75 twenty
1813 738 90 75 miles
1916 738 94 75 north
2029 738 40 75 of
2088 738 235 75 Philadelphia.

1336 783 32 75 It
1391 783 26 75 is
1435 783 133 75 fituated
1585 783 40 75 on
1642 783 57 75 the
1715 783 84 75 river
1822 783 166 75 Delawar,
2012 783 33 75 in
2070 783 40 75 75
2110 765 25 49 0
2155 783 61 75 W.
2233 783 90 75 long,

1338 830 62 75 and
1417 830 67 75 40°
1505 830 56 75 45'
1579 830 47 75 N.
1644 830 58 75 lat.

1289 879 181 75 Bristol
1489 879 122 75 wa/r’r.
1659 879 109 75 Thefe
1792 879 114 75 waters
1932 879 53 75 are
2009 879 56 75 the
2089 879 111 75 fourth
2217 879 31 75 in
2266 879 57 75 de-

1338 924 73 75 gree
1438 924 142 75 amongft
1606 924 55 75 the
1684 924 115 75 waters
1827 924 106 75 which
1959 924 54 75 are
2037 924 154 75 efteemed
2207 924 114 75 warm.

1336 970 76 75 The
1429 970 115 75 waters
1560 970 41 75 of
1614 970 87 75 Bath
1719 970 53 75 are
1789 970 55 75 the
1861 970 76 75 firft,
1963 970 136 75 Buxton
2121 970 56 75 the
2194 970 137 75 fecond,.

1337 1016 62 75 and
1418 1016 150 75 Matlock
1586 1016 54 75 the
1657 1016 100 75 third.

1383 1064 85 75 Bath
1485 1064 114 75 waters
1616 1064 52 75 are
1680 1064 177 75 beneficial,
1873 1064 92 75 when
1978 1064 55 75 the
2050 1064 169 75 fecietions
2237 1064 92 75 from'

1337 1110 54 75 the
1408 1110 99 75 blood
1523 1110 53 75 are
1592 1110 186 75 diminifhed
1792 1110 10 75 ;
1829 1110 131 75 Briftol,
1985 1110 92 75 when
2094 1110 56 75 too
2163 1110 93 75 much
2274 1110 49 75 in-

1336 1157 143 75 creafed:
1518 1157 88 75 Bath
1621 1157 178 75 attenuates
1815 1157 214 75 powerfully;
2064 1157 116 75 Briftol
2206 1157 116 75 incraf-

1335 1203 81 75 fates
1431 1203 9 75 :
1478 1203 85 75 Bath
1581 1203 27 75 is
1625 1203 182 75 fpirituous,
1833 1203 62 75 and
1919 1203 90 75 helps
2035 1203 142 75 defe&s;
2204 1203 119 75 Briftol

1336 1249 27 75 is
1389 1249 89 75 more
1505 1249 140 75 cooling,
1671 1249 61 75 and
1759 1249 175 75 fiipprefles
1958 1249 190 75 plentitude,
2174 1249 79 75 with
2280 1249 43 75 its

1337 1298 243 75 confequences,
1606 1298 243 75 inflammations
1868 1298 61 75 and
1945 1298 249 75 haemorrhages.
2261 1298 14 75 *

1385 1344 36 75 If
1433 1344 47 75 we
1497 1344 73 75 may
1583 1344 102 75 judge
1701 1344 39 75 of
1750 1344 57 75 the
1824 1344 146 75 contents
1998 1344 40 75 of
2059 1344 118 75 Briftol
2195 1344 126 75 waters,

1337 1389 83 75 from
1437 1389 84 75 their
1537 1389 122 75 effefts,
1684 1389 106 75 which
1808 1389 53 75 are
1873 1389 209 75 exceedingly
2094 1389 153 75 deterfive
2260 1389 64 75 and

1337 1435 127 75 healing
1478 1435 10 75 ;
1507 1435 77 75 they
1602 1435 133 75 partake
1751 1435 115 75 chiefly
1883 1435 41 75 of
1934 1435 106 75 chalk,
2057 1435 80 75 lapis
2154 1435 167 75 calcarius,

1338 1482 62 75 and
1416 1482 210 75 calaminaris,
1651 1482 55 75 the
1722 1482 118 75 virtues
1866 1482 40 75 of
1924 1482 106 75 which
2058 1482 53 75 are
2137 1482 57 75 too
2209 1482 61 75 dry
2287 1482 36 75 to

1338 1530 139 75 cleanfe*
1477 1562 9 49 r
1506 1530 78 75 they
1595 1530 47 75 fill
1658 1530 103 75 ulcers
1778 1530 78 75 with
1873 1530 86 75 flefli,
1978 1530 61 75 and
2056 1530 151 75 cicatrize
2219 1530 101 75 them.

1383 1575 67 75 But
1474 1575 163 75 whatever
1663 1575 56 75 the
1746 1575 175 75 fubftances
1947 1575 53 75 are
2025 1575 69 75 that
2122 1575 198 75 impregnate

1336 1622 100 75 them,
1461 1622 25 75 it
1503 1622 26 75 is
1546 1622 84 75 plain
1646 1622 78 75 they
1739 1622 54 75 are
1808 1622 79 75 very
1902 1622 127 75 fubtile,
2055 1622 63 75 and
2144 1622 71 75 that
2231 1622 91 75 there

1335 1668 27 75 is
1379 1668 57 75 but
1452 1668 84 75 little
1559 1668 42 75 of
1620 1668 17 75 a
1661 1668 171 75 terreftrial
1855 1668 73 75 part
1944 1668 35 75 in
2002 1668 102 75 them,
2127 1668 86 75 from
2237 1668 84 75 their

1337 1716 123 75 fpecific
1486 1716 153 75 lightnefs
1664 1716 101 75 above
1788 1716 93 75 other
1908 1716 136 75 waters:
2072 1716 64 75 Yet
2157 1716 91 75 when
2271 1716 51 75 we

1334 1762 142 75 confider
1498 1762 74 75 how
1589 1762 164 75 agreeable
1770 1762 35 75 to
1828 1762 56 75 the
1900 1762 103 75 fight,,
2018 1762 88 75 fmell
2129 1762 62 75 and
2215 1762 77 75 tafte
2307 1762 10 75 ;

1333 1807 75 75 how
1423 1807 97 75 clear,
1537 1807 79 75 pure
1632 1807 63 75 and
1710 1807 64 75 foft
1789 1807 78 75 they
1879 1807 52 75 are
1943 1807 11 75 ;
1980 1807 85 75 their
2080 1807 107 75 gentle
2202 1807 117 75 degree

1334 1854 40 75 of
1384 1854 86 75 heat,
1487 1854 35 75 fo
1539 1854 135 75 adapted
1689 1854 36 75 to
1741 1854 117 75 fundry
1873 1854 132 75 difeafes
2017 1854 11 75 ;
2054 1854 25 75 it
2096 1854 80 75 muft
2191 1854 39 75 be
2243 1854 76 75 con-

1334 1901 127 75 cluded,
1480 1901 70 75 that
1566 1901 89 75 thofe
1671 1901 115 75 waters
1802 1901 43 75 do
1861 1901 117 75 imbibe
1990 1901 85 75 fome
2091 1901 139 75 falutary
2247 1901 70 75 par-

1335 1948 89 75 ticles
1448 1948 30 75 in
1502 1948 83 75 their
1601 1948 121 75 paffage
1738 1948 142 75 through
1902 1948 55 75 the
1981 1948 113 75 earth;
2130 1948 73 75 and,
2234 1948 97 75 from:

1335 1995 55 75 the
1407 1995 93 75 many
1517 1995 91 75 cures
1635 1995 111 75 yearly
1768 1995 151 75 wrought
1946 1995 42 75 by
2013 1995 100 75 them,
2143 1995 70 75 that
2240 1995 80 75 they

1333 2041 81 75 have
1430 2041 38 75 an
1487 2041 185 75 undoubted
1688 2041 85 75 tittle
1794 2041 34 75 to
1846 2041 18 75 a
1880 2041 88 75 place
1985 2041 34 75 in
2035 2041 55 75 the
2106 2041 160 75 firft-clafs
2282 2041 42 75 of

1333 2089 165 75 medicinal
1517 2089 128 75 waters.

1381 2137 77 75 The
1473 2137 135 75 difeafes
1622 2137 31 75 in
1671 2137 105 75 which
1803 2137 116 75 Briftol
1944 2137 115 75 waters
2088 2137 54 75 are
2168 2137 151 75 properly

1336 2181 192 75 prefcribed,
1564 2181 54 75 are
1642 2181 134 75 internal
1799 2181 232 75 haemorrhages
2056 2181 63 75 and
2143 2181 173 75 inflamma-

1337 2226 97 75 tions,
1459 2226 257 75 blood-fpitting,
1740 2226 182 75 dyfentery,
1948 2226 61 75 and
2026 2226 207 75 immoderate
2250 2226 70 75 flux

1337 2271 40 75 of
1388 2271 55 75 the
1459 2271 133 75 menfes,
1617 2271 148 75 purulent
1780 2271 102 75 ulcers
1901 2271 40 75 of
1952 2271 54 75 the
2022 2271 120 75 vifcera
2156 2271 9 75 :
2192 2271 141 75 Hence,,

1335 2318 31 75 in
1388 2318 246 75 confumptions,
1660 2318 55 75 the
1731 2318 128 75 dropfy,
1884 2318 114 75 fcurvy
2012 2318 77 75 with
2107 2318 86 75 heat,
2219 2318 99 75 (lone,

1337 2366 118 75 gravel,
1480 2366 184 75 ftrangury.;
1691 2366 55 75 the
1763 2366 142 75 habitual
1921 2366 92 75 gout,
2037 2366 159 75 fcorbutic
2224 2366 94 75 rheu-

1335 2412 136 75 matifm,
1496 2412 154 75 diabetes,
1674 2412 82 75 flow-
1768 2412 116 75 fevers,
1911 2412 148 75 atrophy,
2085 2412 80 75 pox,
2191 2412 125 75 cancer,

1336 2459 99 75 gleets
1448 2459 31 75 in
1493 2459 77 75 both
1583 2459 103 75 fexes,
1703 2459 104 75 king’s
1819 2459 74 75 evil,
1913 2459 87 75 <&c.;
2019 2459 31 75 in
2064 2459 40 75 all
2118 2459 89 75 thefe
2215 2459 102 75 difor-

1336 2504 85 75 ders,
1440 2504 86 75 Bath
1544 2504 114 75 waters
1675 2504 52 75 are
1744 2504 55 75 not
1813 2504 75 75 only
1904 2504 172 75 improper,
2093 2504 58 75 but
2167 2504 147 75 hurtful;

1337 2550 77 75 they
1430 2550 89 75 roufe
1542 2550 54 75 the
1615 2550 56 75 too
1691 2550 142 75 languid,
1858 2550 62 75 and
1944 2550 138 75 quicken
2098 2550 55 75 the
2170 2550 55 75 too
2241 2550 76 75 lazy

1337 2598 183 75 circulation
1533 2598 10 75 ;
1570 2598 77 75 they
1663 2598 84 75 allay
1772 2598 57 75 the
1851 2598 89 75 heat,
1965 2598 62 75 and
2045 2598 128 75 reftrain
2187 2598 56 75 the
2260 2598 57 75 too

1336 2644 89 75 rapid
1451 2644 121 75 motion
1600 2644 42 75 of
1666 2644 56 75 the
1746 2644 112 75 blood.
1905 2644 111 75 Thofe
2042 2644 195 75 impregnate
2261 2644 57 75 the

1335 2693 206 75 phlegmatic,
1557 2693 87 75 thefe
1660 2693 208 75 attemperate
1880 2693 55 75 the
1948 2693 140 75 choleric
2101 2693 214 75 conftitution.

1336 2737 91 75 Bath
1443 2737 98 75 water
1556 2737 99 75 feems
1672 2737 35 75 to
1722 2737 39 75 be
1778 2737 137 75 adapted
1931 2737 34 75 to
1977 2737 55 75 the
2049 2737 150 75 maladies
2212 2737 40 75 of
2263 2737 56 75 the

1338 2785 149 75 ftomacb,
1513 2785 85 75 guts,
1624 2785 61 75 and
1710 2785 132 75 nerves;
1880 2785 129 75 Briftol,
2036 2785 35 75 to
2093 2785 89 75 thofe
2204 2785 41 75 of
2263 2785 66 75 the:

1340 2830 104 75 lungs,
1461 2830 147 75 kidneys,
1627 2830 60 75 and
1712 2830 131 75 bladder
1859 2830 8 75 :
1894 2830 119 75 Again,
2031 2830 85 75 Bath
2134 2830 113 75 waters
2264 2830 54 75 are

1339 2878 32 75 at
1387 2878 145 75 variance
1549 2878 78 75 with
1650 2878 17 75 a
1688 2878 77 75 milk
1783 2878 110 75 courfe
1907 2878 9 75 ;
1944 2878 62 75 and
2033 2878 56 75 the
2116 2878 117 75 Briftol
2261 2878 59 75 can

1339 2922 94 75 never
1456 2922 40 75 be
1509 2922 190 75 judicioufly
1715 2922 152 75 direfted,
1892 2922 58 75 but
1974 2922 91 75 when
2086 2922 76 75 they
2180 2922 76 75 may
2280 2922 51 75 be;

1337 2971 116 75 joined
1466 2971 81 75 with
1563 2971 107 75 reafoh
1687 2971 66 75 and
1765 2971 134 75 fuccefs.

2243 3025 87 75 The.
