2397 3387
485 151 209 75 BIB

1059 151 19 75 (
1136 151 81 75 545
1278 151 19 75 )

1657 151 211 75 BIB

112 225 145 75 BIBIO,
281 225 34 75 in
332 225 152 75 zoology,
510 225 57 75 the
583 225 110 75 trivial
709 225 91 75 name
817 225 40 75 of
875 225 20 75 a
909 225 118 75 fpecies
1044 225 40 75 of
1103 225 41 75 ti-

160 271 87 75 pula.
298 271 62 75 See
370 271 50 75 Ti
429 271 112 75 pula.

111 318 234 75 BIBITORY
361 318 128 75 mufcle,
515 318 56 75 the
594 318 84 75 fame
695 318 78 75 with
799 318 54 75 the
871 318 152 75 adduftor
1045 318 97 75 oculi.

164 365 61 75 See
242 365 242 75 Adductor.

112 412 158 75 BIBLE,
295 412 19 75 a
329 412 90 75 name
436 412 127 75 applied
580 412 44 75 by
642 412 188 75 Chriftians,
855 412 44 75 by
921 412 70 75 way
1007 412 41 75 of
1066 412 78 75 emi-

160 458 97 75 nence
274 458 37 75 or
331 458 189 75 diftindtion,
546 458 35 75 to
606 458 55 75 the
686 458 165 75 colleftion
877 458 40 75 of
936 458 107 75 facred
1068 458 74 75 wri-

159 505 97 75 tings,
281 505 38 75 or
337 505 54 75 the
407 505 79 75 holy
503 505 168 75 fcriptures
688 505 40 75 of
740 505 54 75 the
811 505 67 75 Old
895 505 62 75 and
973 505 85 75 New
1073 505 70 75 Te-

159 552 153 75 ftament;
338 552 117 75 known
473 552 64 75 alfo
553 552 43 75 by
613 552 125 75 various
750 552 94 75 other
856 552 222 75 appellations,
1096 552 46 75 as,

159 598 54 75 the
244 598 119 75 Sacred
390 598 125 75 Books,
547 598 91 75 Holy
663 598 103 75 Writ,
798 598 144 75 Infpired
966 598 176 75 Writings,

160 645 195 75 Scriptures,
381 645 66 75 ’be.
495 645 76 75 The
588 645 86 75 Jews
691 645 92 75 ftiled
798 645 55 75 the
870 645 95 75 Bible
992 645 88 75 (that
1103 645 39 75 is,

159 691 56 75 the
233 691 68 75 Old
316 691 203 75 Telkment)
538 691 119 75 fnikra,
681 691 106 75 which
805 691 132 75 fignifies
962 691 118 75 Lejfon,
1106 691 38 75 or

160 739 150 75 Leflure.

783 739 11 75 ,

206 785 85 75 This
315 785 166 75 collection
510 785 40 75 of
569 785 56 75 the
648 785 109 75 facred
778 785 158 75 writings,
962 785 183 75 containing

160 832 90 75 thofe
268 832 39 75 of
319 832 54 75 the
386 832 68 75 Old
471 832 63 75 and
549 832 85 75 New
645 832 200 75 Teftament,
872 832 26 75 is
912 832 98 75 judly
1025 832 120 75 looked

158 878 83 75 upon
266 878 33 75 as
316 878 55 75 the
395 878 189 75 foundation
609 878 41 75 of
668 878 57 75 the
748 878 117 75 Jewiflr
882 878 34 75 as
940 878 73 75 well
1032 878 34 75 as
1088 878 56 75 the

158 925 159 75 Chriftian
346 925 147 75 religion.
541 925 79 75 The
647 925 100 75 Jews,
778 925 25 75 it
832 925 27 75 is
884 925 85 75 true,
994 925 149 75 acknow-

157 972 93 75 ledge
266 972 77 75 only
359 972 55 75 the
435 972 171 75 fcriptures
631 972 41 75 of
691 972 56 75 the
770 972 67 75 Old
862 972 198 75 Teftament,
1089 972 55 75 the

156 1018 176 75 correcting
348 1018 63 75 and
427 1018 179 75 publifhing
631 1018 40 75 of
689 1018 106 75 which
820 1018 26 75 is
870 1018 217 75 unanimoufly
1110 1018 32 75 a-

155 1065 134 75 feribed,
315 1065 81 75 both
418 1065 45 75 by
485 1065 56 75 the
566 1065 87 75 Jews
678 1065 62 75 and
763 1065 189 75 Chriftians,
980 1065 35 75 to
1039 1065 103 75 Ezra.

157 1112 97 75 Some
281 1112 41 75 of
346 1112 56 75 the
429 1112 127 75 ancient
578 1112 136 75 fathers,
747 1112 42 75 on
817 1112 42 75 no
886 1112 97 75 other
1007 1112 136 75 founda-

156 1158 67 75 tion
240 1158 78 75 than
334 1158 72 75 that
420 1158 149 75 fabulous
595 1158 62 75 and
681 1158 194 75 apocryphal
900 1158 98 75 book,
1024 1158 55 75 the
1095 1158 48 75 fe-

155 1205 84 75 cond
262 1205 87 75 book
371 1205 40 75 of
437 1205 133 75 Efdras,
607 1205 147 75 pretend,
792 1205 71 75 that
889 1205 57 75 the
973 1205 170 75 fcriptures

154 1252 84 75 were
270 1252 137 75 entirely
429 1252 59 75 loft
515 1252 62 75 and
600 1252 170 75 deftroyed
797 1252 33 75 at
863 1252 57 75 the
948 1252 194 75 Babyloniih

153 1298 166 75 captivity,
360 1298 63 75 and
454 1298 71 75 that
557 1298 91 75 Ezra
682 1298 141 75 reftored
854 1298 88 75 them
973 1298 45 75 all
1051 1298 91 75 again

154 1345 43 75 by
221 1345 107 75 divine
354 1345 189 75 revelation.
602 1345 107 75 What
733 1345 27 75 is
789 1345 120 75 certain
934 1345 40 75 is,
1011 1345 70 75 that
1110 1345 31 75 in

153 1391 55 75 the
240 1391 91 75 reign
362 1391 41 75 of
429 1391 108 75 Jofiah
569 1391 94 75 there
695 1391 66 75 was
793 1391 43 75 no
868 1391 94 75 other
993 1391 86 75 book
1106 1391 42 75 of

153 1436 58 75 the
231 1436 62 75 law
320 1436 113 75 extant
458 1436 122 75 befides
605 1436 69 75 that
699 1436 103 75 found
826 1436 33 75 in
877 1436 56 75 the
960 1436 117 75 temple
1097 1436 45 75 bp

153 1483 156 75 Hilkiah;
337 1483 84 75 from
437 1483 106 75 which
560 1483 149 75 original,
734 1483 45 75 by
795 1483 94 75 order
906 1483 40 75 of
963 1483 69 75 that
1050 1483 90 75 pious

153 1530 89 75 king,
260 1530 106 75 copies
383 1530 84 75 were
484 1530 218 75 immediately
717 1530 128 75 written
862 1530 70 75 out,
957 1530 63 75 and
1031 1530 109 75 fearch

153 1577 92 75 made
257 1577 51 75 for
325 1577 43 75 all
381 1577 55 75 the
453 1577 94 75 other
564 1577 86 75 parts
662 1577 41 75 of
714 1577 55 75 the
782 1577 183 75 fcriptures,
985 1577 37 75 (2
1035 1577 105 75 Kings

153 1623 126 75 xxii.);
306 1623 44 75 by
370 1623 106 75 which
493 1623 108 75 means
625 1623 106 75 copies
752 1623 41 75 of
809 1623 56 75 the
889 1623 105 75 whole
1011 1623 130 75 became

152 1670 181 75 multiplied
349 1670 117 75 among
489 1670 55 75 the
561 1670 127 75 people,
713 1670 75 75 who
811 1670 123 75 carried
955 1670 88 75 them
1060 1670 80 75 with

153 1717 87 75 them
265 1717 69 75 into
358 1717 85 75 their
472 1717 167 75 captivity.
688 1717 101 75 After
811 1717 57 75 the
893 1717 109 75 return
1026 1717 42 75 of
1085 1717 55 75 the

153 1763 85 75 Jews
264 1763 84 75 from
372 1763 57 75 the
452 1763 194 75 Babylonilh
671 1763 167 75 captivity,
863 1763 91 75 Ezra
977 1763 56 75 got
1048 1763 91 75 toge-

152 1810 72 75 ther
247 1810 33 75 as
303 1810 96 75 many
414 1810 107 75 copies
546 1810 34 75 as
605 1810 41 75 he
669 1810 97 75 could
789 1810 40 75 of
848 1810 55 75 the
927 1810 121 75 Sacred
1064 1810 74 75 wri-

151 1856 96 75 tings,
273 1856 62 75 and
357 1856 57 75 out
437 1856 40 75 of
494 1856 87 75 them
600 1856 42 75 all
659 1856 155 75 prepared
830 1856 19 75 a
865 1856 122 75 correct
1003 1856 133 75 edition,

151 1903 154 75 difpofing
321 1903 54 75 the
391 1903 119 75 feveral
536 1903 101 75 books
655 1903 32 75 in
710 1903 84 75 their
811 1903 116 75 proper
943 1903 107 75 order,
1076 1903 62 75 and

151 1951 127 75 fettling
293 1951 56 75 the
374 1951 100 75 canon
499 1951 41 75 of
558 1951 153 75 feripture
737 1951 52 75 for
812 1951 51 75 his
888 1951 91 75 time.
1027 1951 110 75 Thefe

151 1997 99 75 books
278 1997 41 75 he
344 1997 132 75 divided
502 1997 69 75 into
599 1997 91 75 three
718 1997 101 75 parts.
873 1997 30 75 1.
933 1997 78 75 The
1039 1997 96 75 Law.

150 2045 34 75 2.
208 2045 78 75 The
309 2045 174 75 Prophets.
535 2045 33 75 3.
592 2045 7 75 '
599 2045 50 75 jTh
649 2027 20 49 6
694 2045 166 75 Cetiibim,
892 2045 37 75 or
947 2045 8 75 '
955 2045 180 75 Hagiogra-

151 2088 86 75 phia,
262 2088 24 75 i.
304 2088 30 75 e.
361 2088 68 75 The
438 2088 67 75 holy
521 2088 173 75 nuritings.

198 2135 29 75 I.
259 2135 77 75 The
361 2135 83 75 Law
467 2135 155 75 contains,
664 2135 30 75 x.
724 2135 146 75 Genefis.
922 2135 33 75 2.
982 2135 152 75 Exodus.

154 2180 33 75 3.
213 2180 178 75 Leviticus.
442 2180 33 75 4.
501 2180 176 75 Numbers.
729 2180 33 75 5.
788 2180 259 75 Deuteronomy.

198 2227 33 75 II
280 2227 78 75 The
375 2227 142 75 writings
534 2227 39 75 of
593 2227 54 75 the
664 2227 160 75 Prophets
842 2227 65 75 are,
944 2227 30 75 1.
1004 2227 130 75 Jbftma.

151 2276 33 75 2.
203 2276 135 75 Judges,
356 2276 77 75 with
451 2276 104 75 Ruth.
600 2276 33 75 3.
653 2276 141 75 Samuel.
838 2276 32 75 4.
890 2276 115 75 Kings,
1051 2276 31 75 5.
1102 2276 32 75 I-

149 2320 95 75 faiah.
296 2320 34 75 6.
357 2320 174 75 Jeremiah,
555 2320 79 75 with
653 2320 49 75 his
720 2320 257 75 Lamentations;
1028 2320 33 75 7.
1087 2320 47 75 E-

149 2367 115 75 zekiel.
326 2367 35 75 8.
399 2367 134 75 Daniel.
594 2367 33 75 9.
665 2367 76 75 The
768 2367 123 75 twelve,
917 2367 103 75 minor
1051 2367 82 75 Pro-

148 2414 104 75 phets.
307 2414 52 75 10.
387 2414 76 75 Job.
518 2414 52 75 ix.
596 2414 102 75 Ezra.
754 2414 52 75 12.
828 2414 195 75 Nehemiah.
1077 2414 55 75 13.

151 2460 128 75 Efther.

196 2507 65 75 III.
299 2507 78 75 And
411 2507 54 75 the
493 2507 241 75 Hagiographia
762 2507 124 75 confifts
915 2507 47 75 of,
1008 2507 13 75 1
1057 2507 76 75 The

148 2553 133 75 Pfalms.
324 2553 32 75 2.
373 2553 77 75 The
463 2553 171 75 Proverbs.
687 2553 31 75 3.
737 2553 215 75 Ecclefiaftes.
1004 2553 32 75 4.
1053 2553 78 75 The

149 2599 88 75 Song
261 2599 41 75 of
320 2599 166 75 Solomon.
535 2599 84 75 This
644 2599 131 75 divifion
799 2599 63 75 was
888 2599 94 75 made
1005 2599 51 75 for
1076 2599 55 75 the

146 2647 73 75 fake
242 2647 39 75 of
299 2647 163 75 reducing’
476 2647 55 75 the
557 2647 132 75 number
713 2647 41 75 of
772 2647 55 75 the
844 2647 108 75 facred
975 2647 104 75 books
1095 2647 35 75 to

146 2693 55 75 the
226 2693 134 75 number
383 2693 40 75 of
448 2693 55 75 the
530 2693 111 75 letters
665 2693 31 75 in
722 2693 85 75 their
830 2693 161 75 alphabet,
1023 2693 105 75 which

147 2738 129 75 amount
296 2738 33 75 to
346 2738 204 75 twenty-two
613 2738 47 75 At
673 2738 136 75 prefent,
835 2738 55 75 the
907 2738 86 75 Jews
1010 2738 119 75 reckon

145 2786 212 75 twenty-four
378 2786 100 75 books
496 2786 30 75 in
544 2786 85 75 their
644 2786 100 75 canon
768 2786 41 75 of
826 2786 166 75 feripture,
1018 2786 31 75 in
1064 2786 63 75 dif-

146 2831 107 75 pofing
269 2831 40 75 of
330 2831 103 75 which
451 2831 54 75 the
521 2831 61 75 law
598 2831 104 75 ftands
720 2831 33 75 as
771 2831 24 75 it
811 2831 54 75 did
884 2831 30 75 in
932 2831 56 75 the
1009 2831 129 75 former,

145 2879 143 75 divifion,
315 2879 59 75 and
388 2879 55 75 the
456 2879 151 75 prophets
625 2879 53 75 are
694 2879 186 75 diftributed
897 2879 67 75 into
983 2879 54 75 the
1061 2879 65 75 for-

146 2926 66 75 mer
230 2926 62 75 and
307 2926 96 75 latter
419 2926 165 75 prophets.

380 2973 75 75 The
473 2973 119 75 former
610 2973 149 75 prophets
777 2973 66 75 are,

143 3018 129 75 Jofiiua,
299 3018 134 75 Judges,
460 3018 142 75 Samuel,
627 3018 117 75 Kings.

192 3066 99 75 Vol.
310 3066 30 75 I.
380 3066 124 75 Numb.
525 3066 57 75 23.

1492 219 77 75 The
1585 219 97 75 latter
1698 219 152 75 prophets
1868 219 66 75 are,

1194 264 116 75 Ifaiah,
1328 264 175 75 Jeremiah,
1520 264 149 75 Ezekiel,
1688 264 62 75 and
1758 264 55 75 the
1823 264 115 75 twelve
1948 264 104 75 minor
2063 264 165 75 prophets.

1416 311 76 75 And
1510 311 54 75 the
1581 311 230 75 hagiographia
1826 311 109 75 confift
1951 311 48 75 of.

1194 358 76 75 The
1289 358 134 75 Pfalms,
1449 358 55 75 the
1520 358 172 75 Proverbs,
1719 358 77 75 Job,
1822 358 56 75 the
1896 358 87 75 Song
2000 358 40 75 of
2059 358 168 75 Solomon,

1195 405 105 75 Ruth,
1325 405 55 75 the
1409 405 257 75 Lamentations,
1691 405 219 75 Ecclefiaftes,
1935 405 128 75 Efther,
2095 405 132 75 Daniel,

1195 452 103 75 Ezra,
1324 452 55 75 the
1396 452 205 75 Chronicles.

1242 499 115 75 Under
1381 499 57 75 the
1462 499 91 75 name
1580 499 43 75 of
1643 499 101 75 Ezra,
1770 499 79 75 they
1874 499 213 75 comprehend
2116 499 111 75 Nehe-

1194 546 98 75 miah.
1343 546 32 75 It
1394 546 28 75 is
1442 546 72 75 true
1531 546 64 75 this
1612 546 96 75 order
1719 546 78 75 hath
1816 546 57 75 not
1888 546 118 75 always
2022 546 80 75 been
2121 546 107 75 obfer-

1193 592 72 75 ved,
1286 592 56 75 but
1359 592 56 75 the
1430 592 173 75 variations
1619 592 84 75 from
1715 592 26 75 it
1753 592 53 75 are
1819 592 40 75 of
1870 592 83 75 little
1965 592 39 75 or
2016 592 41 75 no
2073 592 154 75 moment.

1241 641 77 75 The
1334 641 61 75 five
1411 641 102 75 books
1529 641 41 75 pf
1589 641 56 75 the
1662 641 61 75 law
1745 641 53 75 are
1821 641 129 75 divided
1973 641 69 75 into
2065 641 165 75 fifty-four

1193 687 146 75 fettions.
1387 687 86 75 This
1490 687 130 75 divifion
1637 687 95 75 many
1755 687 40 75 of
1814 687 56 75 the
1887 687 87 75 Jews
1998 687 79 75 hold
2095 687 34 75 to
2146 687 82 75 have

1193 733 79 75 been
1289 733 172 75 appointed
1477 733 43 75 by
1536 733 110 75 Mofes
1664 733 146 75 himfelf;
1836 733 56 75 but
1906 733 123 75 others,
2048 733 79 75 with
2139 733 89 75 more

1194 780 207 75 probability,
1426 780 120 75 aferibe
1562 780 26 75 it
1604 780 36 75 to
1659 780 102 75 Ezra.
1809 780 77 75 The
1904 780 108 75 defign
2037 780 40 75 of
2096 780 64 75 this
2177 780 50 75 di-

1193 827 96 75 vifion
1309 827 76 75 was,
1411 827 71 75 that
1499 827 60 75 one
1575 827 40 75 of
1635 827 86 75 thefe
1745 827 132 75 fedtions
1902 827 104 75 might
2030 827 39 75 be
2095 827 76 75 read
2194 827 33 75 in

1193 873 86 75 their
1296 873 193 75 fynagogues
1514 873 97 75 every
1627 873 225 75 fabbath-day.
1902 873 76 75 The
2003 873 134 75 number
2163 873 64 75 was

1196 921 56 75 54,
1278 921 131 75 becaufe
1432 921 32 75 in
1489 921 85 75 their
1597 921 208 75 intercalated
1830 921 103 75 years,
1960 921 18 75 a
2003 921 110 75 month
2132 921 96 75 being

1194 967 75 75 then
1295 967 117 75 added,
1438 967 92 75 there
1554 967 85 75 were
1666 967 43 75 54
1733 967 162 75 fabbaths.
1945 967 38 75 In
2003 967 95 75 other
2120 967 106 75 years,

1171 1017 7 75 .
1193 1017 78 75 they
1286 1017 139 75 reduced
1438 1017 88 75 them
1542 1017 35 75 to
1598 1017 55 75 52,
1678 1017 44 75 by
1738 1017 93 75 twice
1844 1017 126 75 joining
1986 1017 150 75 together
2160 1017 68 75 two

1193 1060 86 75 Ihort
1295 1060 146 75 feddions.
1489 1060 72 75 Till
1586 1060 55 75 the
1667 1060 198 75 perfecution
1889 1060 41 75 of
1948 1060 181 75 Antiochus
2146 1060 82 75 Epi-

1193 1108 130 75 phanes,
1342 1108 78 75 they
1433 1108 75 75 read
1524 1108 77 75 only
1618 1108 54 75 the
1688 1108 83 75 law;
1798 1108 57 75 but
1872 1108 55 75 the
1940 1108 131 75 reading
2082 1108 41 75 of
2133 1108 26 75 it
2172 1108 54 75 be-

1192 1154 54 75 ing
1262 1154 76 75 then
1355 1154 196 75 prohibited,
1576 1154 79 75 they
1676 1154 189 75 fubftituted
1889 1154 33 75 in
1946 1154 56 75 the
2027 1154 91 75 room
2142 1154 40 75 of
2200 1154 27 75 it

1196 1202 43 75 J4
1256 1202 132 75 feftions
1405 1202 61 75 ou&
1478 1202 40 75 of
1537 1202 55 75 the
1609 1202 183 75 Prophets;
1819 1202 63 75 and
1906 1202 92 75 when
2023 1202 55 75 the
2095 1202 132 75 reading

1192 1247 39 75 of
1251 1247 55 75 the
1330 1247 63 75 law
1417 1247 66 75 was
1509 1247 139 75 reftored
1673 1247 44 75 by
1734 1247 54 75 the
1805 1247 206 75 Maccabees,
2036 1247 56 75 the
2107 1247 120 75 fedtion

1192 1295 105 75 which
1315 1295 65 75 was
1399 1295 76 75 read
1491 1295 96 75 every
1600 1295 130 75 fabbath
1748 1295 58 75 out
1823 1295 41 75 of
1882 1295 56 75 the
1949 1295 75 75 law,
2050 1295 177 75 fervedfor

1192 1341 83 75 their
1287 1341 63 75 firft
1367 1341 110 75 lefibn,
1503 1341 62 75 and
1582 1341 55 75 the
1652 1341 116 75 fedtion
1786 1341 58 75 out
1860 1341 40 75 of
1919 1341 55 75 the
1997 1341 152 75 prophets
2172 1341 55 75 for

1191 1388 84 75 their
1291 1388 129 75 fecond.
1459 1388 111 75 Thefe
1586 1388 132 75 fedHons
1736 1388 83 75 were
1832 1388 131 75 divided
1974 1388 70 75 into
2055 1388 116 75 verfes,
2189 1388 42 75 of

1191 1434 106 75 which
1314 1434 144 75 divifion,
1476 1434 31 75 if
1519 1434 89 75 Ezra
1625 1434 63 75 was
1705 1434 56 75 not
1778 1434 56 75 the
1850 1434 128 75 author,
2004 1434 25 75 it
2041 1434 65 75 was
2122 1434 103 75 intro^

1190 1481 105 75 duced
1307 1481 55 75 not
1378 1481 77 75 long
1471 1481 83 75 after
1566 1481 80 75 him,
1665 1481 63 75 and
1739 1481 98 75 feems
1847 1481 35 75 to
1893 1481 82 75 have
1987 1481 79 75 been
2075 1481 150 75 defigned.

1191 1528 51 75 for
1265 1528 56 75 the
1337 1528 54 75 ufe
1407 1528 40 75 of
1466 1528 56 75 the
1537 1528 213 75 Targumifts,
1777 1528 38 75 or
1831 1528 146 75 Chaldee
1992 1528 206 75 interpreters
2211 1528 11 75 ;

1191 1574 51 75 for
1259 1574 82 75 after
1359 1574 54 75 the
1430 1574 108 75 return
1549 1574 39 75 of
1600 1574 54 75 the
1672 1574 86 75 Jews
1771 1574 82 75 from
1867 1574 55 75 the
1938 1574 194 75 Babylonilh
2149 1574 74 75 cap-

1191 1621 106 75 tivity,
1322 1621 93 75 when
1433 1621 55 75 the
1500 1621 144 75 Hebrew
1656 1621 155 75 language
1827 1621 66 75 had
1909 1621 110 75 ceafed
2036 1621 34 75 to
2083 1621 39 75 be
2138 1621 87 75 their

1189 1670 127 75 mother
1339 1670 132 75 tongue,
1496 1670 63 75 and
1581 1670 56 75 the
1653 1670 145 75 Chaldee
1823 1670 87 75 grew
1934 1670 69 75 into
2026 1670 54 75 ufe
2104 1670 120 75 inftead

1190 1716 39 75 of
1248 1716 39 75 it,
1313 1716 55 75 the
1385 1716 118 75 cuftom
1520 1716 78 75 was,
1623 1716 70 75 that
1710 1716 55 75 the
1782 1716 60 75 law
1866 1716 110 75 fhould
2001 1716 40 75 be
2065 1716 64 75 firft
2146 1716 77 75 read

1188 1763 32 75 in
1239 1763 55 75 the
1310 1763 134 75 original
1464 1763 155 75 Hebrew,
1645 1763 62 75 and
1723 1763 75 75 then
1811 1763 195 75 interpreted
2014 1763 44 75 .to
2074 1763 55 75 the
2145 1763 76 75 peo-

1189 1810 50 75 ple
1266 1810 31 75 in
1324 1810 55 75 the
1405 1810 144 75 Chaldee
1573 1810 170 75 language,
1769 1810 52 75 for
1845 1810 105 75 which
1974 1810 134 75 purpole
2133 1810 89 75 thefe

1188 1857 121 75 Ihorter
1326 1857 130 75 fedtions
1474 1857 38 75 or
1528 1857 126 75 periods
1668 1857 83 75 were
1767 1857 78 75 very
1861 1857 200 75 convenient.

1234 1904 77 75 The
1323 1904 130 75 divifion
1471 1904 40 75 of
1529 1904 56 75 the
1601 1904 171 75 fcriptures
1790 1904 69 75 into
1880 1904 159 75 chapters,
2067 1904 34 75 as
2118 1904 48 75 we
2187 1904 35 75 at

1187 1951 125 75 prefent
1334 1951 81 75 have
1438 1951 100 75 them,
1564 1951 26 75 is
1608 1951 40 75 of
1667 1951 95 75 much
1779 1951 81 75 later
1876 1951 87 75 date.
2013 1951 97 75 Some
2128 1951 92 75 attri-

1187 1997 75 75 bute
1281 1997 25 75 it
1330 1997 34 75 to
1383 1997 141 75 Stephen
1542 1997 164 75 Langton,
1732 1997 187 75 archbilhop
1942 1997 39 75 of
2000 1997 218 75 Canterbury,

1185 2044 31 75 in
1235 2044 56 75 the
1308 2044 104 75 reigns
1430 2044 39 75 of
1489 2044 86 75 John
1589 2044 61 75 and
1664 2044 114 75 Henry
1794 2044 66 75 III.
1909 2044 66 75 But
1993 2044 55 75 the
2067 2044 72 75 true
2162 2044 57 75 au-

1178 2090 82 75 thor
1276 2090 40 75 of
1335 2090 55 75 the
1414 2090 160 75 invention
1601 2090 63 75 was
1693 2090 97 75 Hugo
1812 2090 41 75 de
1870 2090 118 75 Sandto
2004 2090 100 75 Caro,
2129 2090 89 75 com-

1186 2136 108 75 monly
1311 2136 102 75 called
1431 2136 98 75 Hugo
1546 2136 194 75 Cardinalis,
1767 2136 130 75 becaufe
1919 2136 41 75 he
1986 2136 64 75 was
2075 2136 55 75 the
2153 2136 65 75 firft

1187 2184 193 75 Dominican
1397 2184 71 75 that
1485 2184 74 75 ever
1582 2184 66 75 was
1674 2184 101 75 raifed
1798 2184 35 75 to
1849 2184 56 75 the
1921 2184 116 75 degree
2053 2184 40 75 of
2112 2184 105 75 cardi-

1184 2230 65 75 nal.
1298 2230 86 75 This
1401 2230 100 75 Hugo
1518 2230 168 75 flourilhed
1711 2230 99 75 about
1836 2230 55 75 the
1916 2230 74 75 year
2012 2230 99 75 1240.
2162 2230 55 75 He

1185 2277 100 75 wrote
1310 2277 19 75 a
1353 2277 158 75 comment
1536 2277 41 75 on
1606 2277 55 75 the
1685 2277 182 75 fcriptures,
1893 2277 61 75 and
1975 2277 162 75 projedled
2161 2277 56 75 the

1185 2323 62 75 firft
1264 2323 230 75 concordance,
1519 2323 106 75 which
1642 2323 26 75 is
1687 2323 70 75 that
1773 2323 40 75 of
1833 2323 54 75 the
1903 2323 113 75 vulgar
2032 2323 98 75 Latin
2155 2323 58 75 Bi-

1184 2370 63 75 ble.
1288 2370 77 75 The
1382 2370 61 75 aim
1460 2370 40 75 of
1512 2370 63 75 this
1589 2370 91 75 work
1697 2370 157 75 being.for
1871 2370 55 75 the
1944 2370 87 75 more
2048 2370 72 75 eafy
2132 2370 81 75 find-

1183 2416 53 75 ing
1252 2416 56 75 out
1326 2416 61 75 any
1405 2416 89 75 word
1510 2416 37 75 or
1565 2416 121 75 pafiage
1702 2416 31 75 in
1746 2416 54 75 the
1816 2416 180 75 feriptures,
2015 2416 40 75 he
2071 2416 100 75 foiind
2187 2416 26 75 it

1182 2464 159 75 neceflary
1362 2464 36 75 to
1422 2464 106 75 divide
1553 2464 54 75 the
1631 2464 86 75 book
1741 2464 68 75 into
1824 2464 146 75 fedtions,
1996 2464 61 75 and
2073 2464 56 75 the
2146 2464 66 75 lec-

1182 2510 82 75 tions
1282 2510 68 75 into
1366 2510 205 75 fubdivifions
1587 2510 10 75 ;
1621 2510 50 75 for
1690 2510 48 75 till
1755 2510 69 75 that
1841 2510 77 75 time
1934 2510 56 75 the
2014 2510 111 75 vulgar
2144 2510 66 75 La-

1181 2556 45 75 tin
1245 2556 109 75 Bibles
1372 2556 84 75 were
1472 2556 135 75 without
1631 2556 61 75 any
1712 2556 129 75 divifion
1859 2556 32 75 at
1909 2556 55 75 all.
2013 2556 107 75 Thele
2144 2556 65 75 fec-

1181 2603 83 75 tions
1282 2603 52 75 are
1359 2603 55 75 the
1439 2603 145 75 chapters
1611 2603 67 75 into
1703 2603 105 75 which
1834 2603 54 75 the
1914 2603 94 75 Bible
2033 2603 76 75 hath
2134 2603 76 75 ever

1181 2650 79 75 fince
1276 2650 78 75 been
1372 2650 141 75 divided.
1563 2650 66 75 But
1650 2650 55 75 the
1721 2650 187 75 fubdiylfion
1929 2650 50 75 of,
1988 2650 55 75 the
2060 2650 148 75 chanters

1180 2696 64 75 was
1262 2696 55 75 not
1334 2696 76 75 then
1428 2696 67 75 into
1510 2696 114 75 verfes.
1644 2696 32 75 as
1687 2696 24 75 it
1730 2696 25 75 is
1769 2696 83 75 now.
1890 2696 124 75 Hugo’s
2029 2696 130 75 method
2173 2696 41 75 of

1177 2745 293 75 fubdividingthem
1484 2745 64 75 was
1557 2745 44 75 by
1610 2745 54 75 the
1671 2745 110 75 letters
1795 2745 41 75 A;
1854 2745 41 75 B,
1911 2745 43 75 C,
1973 2745 49 75 D,
2040 2745 42 75 E,
2101 2745 38 75 F,
2157 2745 49 75 G,

1179 2789 110 75 placed
1302 2789 29 75 in
1351 2789 53 75 the
1417 2789 121 75 margin
1556 2789 32 75 at
1601 2789 38 75 an
1651 2789 93 75 equal
1758 2789 137 75 diftance
1908 2789 82 75 from
2004 2789 76 75 each
2098 2789 105 75 other,

1178 2836 170 75 according
1373 2836 34 75 to
1431 2836 55 75 the
1511 2836 116 75 length'
1637 2836 41 75 of
1698 2836 53 75 the
1768 2836 158 75 chapters.
1975 2836 76 75 The
2068 2836 138 75 fubdivi-

1177 2882 61 75 fioo
1258 2882 33 75 ol
1307 2882 56 75 the
1380 2882 144 75 chapters
1541 2882 69 75 into
1627 2882 116 75 verfes,
1762 2882 33 75 as
1808 2882 79 75 they
1903 2882 73 75 now
1993 2882 87 75 Hand
2097 2882 30 75 in
2145 2882 60 75 our

1177 2930 121 75 Bibles,
1320 2930 66 75 had
1401 2930 42 75 its
1461 2930 134 75 original
1613 2930 82 75 from
1713 2930 18 75 a
1747 2930 123 75 famous
1888 2930 114 75 Jewilh
2021 2930 102 75 rabbi,
2148 2930 55 75 na-

1176 2980 72 75 med
1261 2980 168 75 Mordecai
1447 2980 144 75 Nathan,
1610 2980 95 75 about
1723 2980 56 75 the
1797 2980 74 75 year
1893 2980 101 75 1445.
2034 2980 85 75 This
2133 2980 72 75 rab-

1176 3023 44 75 bi,
1245 3023 31 75 in
1296 3023 159 75 imitation
1472 3023 41 75 of
1531 3023 100 75 Hugo
1646 3023 194 75 Cardinalis,
1865 3023 88 75 drew
1967 3023 40 75 up
2020 3023 17 75 a
2050 3023 155 75 concord-

1655 3079 20 75 6
1706 3079 31 75 Y

2132 3079 79 75 anee

967 3079 16 75 3
