2428 3377
115 145 149 75 Parti.

654 145 42 75 A
813 145 43 75 N
970 145 40 75 A
1129 145 39 75 T

113 208 74 75 one.

330 208 100 75 From
459 208 54 75 the
540 208 161 75 backmoft
718 208 180 75 prominent
925 208 72 75 part
1024 208 41 75 of
1077 208 64 75 this

112 254 92 75 great
236 254 195 75 trochanter,
472 254 19 75 a
517 254 103 75 rough
652 254 93 75 ridge
770 254 74 75 runs
853 254 201 75 "backwards
1078 254 65 75 and

111 300 214 75 downwards,
350 300 69 75 into
441 300 106 75 which
574 300 55 75 the
647 300 173 75 quadratus
845 300 27 75 is
896 300 149 75 inferted.

112 347 40 75 In
167 347 55 75 the
238 347 80 75 deep
335 347 133 75 hollow,
494 347 32 75 at
553 347 56 75 the
636 347 136 75 internal
800 347 99 75 upper
923 347 66 75 fide
1013 347 39 75 of
1075 347 64 75 this

111 394 104 75 ridge,
233 394 56 75 the
305 394 168 75 obturator
486 394 151 75 externus
654 394 26 75 is
696 394 186 75 implanted.
979 394 98 75 More
1092 394 48 75 in-

111 440 149 75 ternally,
278 440 19 75 a
312 440 116 75 conoid
439 440 139 75 procefs,
596 440 103 75 called
710 440 189 75 trochanter
916 440 117 75 minor,
1053 440 87 75 rifes,

111 486 53 75 for
179 486 56 75 the
250 486 151 75 infertion
418 486 40 75 of
470 486 55 75 the
542 486 158 75 mufculus
718 486 89 75 pfoas
832 486 62 75 and
920 486 112 75 iliacus
1043 486 98 75 inter-

110 532 71 75 nus,
208 532 63 75 and
298 532 54 75 the
379 532 158 75 pedtineus
562 532 26 75 is
609 532 176 75 implanted
807 532 69 75 into
900 532 18 75 a
943 532 101 75 rough
1068 532 71 75 hol-

109 578 66 75 low
191 578 105 75 below
311 578 41 75 its
370 578 136 75 internal
523 578 86 75 root.
698 578 76 75 The
791 578 131 75 mufcles
939 578 137 75 inferted
1091 578 48 75 in-

114 625 35 75 to
166 625 87 75 thefe
270 625 66 75 two
352 625 153 75 procefles
523 625 95 75 being
641 625 55 75 the
719 625 153 75 principal
889 625 200 75 inltruments
1106 625 41 75 of

110 671 55 75 the
183 671 144 75 rotatory
349 671 122 75 motion
496 671 39 75 of
554 671 55 75 the
636 671 106 75 thigh,
767 671 81 75 have
876 671 183 75 occafioned
1083 671 55 75 the

109 718 91 75 name
216 718 40 75 of
271 718 201 75 trochanters
489 718 34 75 to
540 718 55 75 the
619 718 167 75 procelfes.

155 763 78 75 The
249 763 87 75 body
347 763 40 75 of
393 763 56 75 the
461 763 36 75 os
510 763 130 75 femoris
657 763 26 75 is
700 763 124 75 convex
836 763 41 75 on
895 763 54 75 the
967 763 169 75 fore-part,

108 810 65 75 and
188 810 93 75 made
308 810 120 75 hollow
455 810 130 75 behind,
611 810 43 75 by
670 810 55 75 the
742 810 102 75 adtion
868 810 40 75 of
926 810 56 75 the
1005 810 132 75 mufcles

109 855 71 75 that
197 855 93 75 move
300 855 27 75 it
343 855 62 75 and
420 855 55 75 the
494 855 64 75 leg,
585 855 62 75 and
664 855 51 75 for
732 855 55 75 the
804 855 214 75 conveniency
1034 855 41 75 of
1085 855 52 75 fit-

107 902 81 75 ting,
206 902 138 75 without
360 902 131 75 bearing
506 902 55 75 too
573 902 95 75 much
685 902 41 75 on
745 902 87 75 thefe
849 902 146 75 mufcles.

112 949 77 75 The
206 949 159 75 fore-part
381 949 40 75 of
443 949 55 75 the
521 949 192 75 thigh-bone
729 949 26 75 is
773 949 19 75 a
807 949 84 75 little
910 949 112 75 flatted
1038 949 100 75 above

110 995 44 75 by
173 995 54 75 the
243 995 225 75 beginning^of
484 995 54 75 the
555 995 137 75 crurseus
710 995 129 75 mufcle,
864 995 33 75 as
915 995 26 75 it
956 995 27 75 is
999 995 66 75 alfo
1082 995 54 75 be-

108 1041 72 75 low,
190 1041 43 75 by
251 1041 55 75 the
322 1041 83 75 fame
421 1041 118 75 mufcle
563 1041 63 75 and
643 1041 53 75 the
714 1041 144 75 redtus.—
923 1041 50 75 Its
989 1041 149 75 external

108 1088 122 75 furface
246 1088 26 75 is
286 1088 138 75 likewife
441 1088 91 75 made
544 1088 56 75 flat
611 1088 103 75 below
727 1088 42 75 by
780 1088 55 75 the
852 1088 102 75 vaftus
970 1088 166 75 externus,

108 1134 106 75 where
224 1134 26 75 it
267 1134 26 75 is
309 1134 165 75 feparated
489 1134 83 75 from
591 1134 54 75 the
661 1134 119 75 former
796 1134 44 75 by
856 1134 39 75 an
912 1134 110 75 obtufe
1034 1134 101 75 ridge.

179 1180 90 75 rThe
285 1180 101 75 valtus
402 1180 143 75 internus
565 1180 154 75 depiefies
738 1180 17 75 a
771 1180 85 75 little
879 1180 55 75 the
950 1180 99 75 lower
1065 1180 71 75 part

108 1226 39 75 of
160 1226 53 75 the
230 1226 136 75 internal
387 1226 135 75 furface.
619 1226 77 75 The
721 1226 154 75 pofterior
901 1226 141 75 concave
1069 1226 68 75 fur-

110 1273 69 75 face
195 1273 57 75 has
266 1273 17 75 a
295 1273 89 75 ridge
397 1273 92 75 rifing
506 1273 33 75 in
554 1273 42 75 its
613 1273 132 75 middle,
770 1273 186 75 commonly
973 1273 104 75 called
1092 1273 43 75 li-

108 1318 60 75 nea
184 1318 125 75 afpera,
335 1318 69 75 into
435 1318 106 75 which
569 1318 56 75 the
642 1318 116 75 triceps
775 1318 26 75 is
819 1318 149 75 inferted,
994 1318 63 75 and
1080 1318 56 75 the

107 1365 87 75 Ihort
216 1365 83 75 head
319 1365 40 75 of
370 1365 55 75 the
441 1365 107 75 biceps
566 1365 102 75 flexor
685 1365 85 75 tibiae
786 1365 77 75 rifes
887 1365 86 75 from
999 1365 39 75 it.

106 1411 49 75 At
173 1411 54 75 the
246 1411 100 75 upper
361 1411 71 75 part
449 1411 40 75 of
502 1411 38 75 it,
559 1411 55 75 the
630 1411 178 75 medullary
825 1411 109 75 veflels
952 1411 89 75 enter
1057 1411 42 75 by
1118 1411 18 75 a

107 1457 89 75 fmall
212 1457 76 75 hole
305 1457 70 75 that
391 1457 75 75 runs
495 1457 163 75 obliquely
676 1457 243 75 upwards.—A
934 1457 84 75 little
1036 1457 99 75 above

107 1504 118 75 which,
246 1504 90 75 there
352 1504 27 75 is
397 1504 18 75 a
432 1504 102 75 rough
558 1504 77 75 fofia
653 1504 37 75 or
706 1504 77 75 two,
810 1504 106 75 where
933 1504 55 75 the
1015 1504 120 75 tendon

110 1550 39 75 of
162 1550 55 75 the
242 1550 133 75 glutaeus
392 1550 158 75 maximus
567 1550 26 75 is
609 1550 100 75 fixed.
788 1550 76 75 The
887 1550 100 75 lower
1011 1550 62 75 end
1100 1550 41 75 of

108 1596 56 75 the
180 1596 84 75 linea
276 1596 107 75 afpera
397 1596 122 75 divides
535 1596 70 75 into
621 1596 77 75 two,
727 1596 104 75 which
848 1596 138 75 defeend
996 1596 140 75 towards

109 1643 79 75 each
205 1643 77 75 fide.
377 1643 76 75 The
480 1643 66 75 two
561 1643 75 75 valli
654 1643 133 75 mufcles
804 1643 81 75 have
902 1643 70 75 part
1000 1643 40 75 of
1051 1643 84 75 their
1150 1675 11 49 >

105 1689 104 75 origin
225 1689 84 75 from
324 1689 87 75 thefe
427 1689 129 75 ridges;
585 1689 62 75 and
664 1689 55 75 the
735 1689 77 75 long
827 1689 118 75 tendon
958 1689 41 75 of
1009 1689 55 75 the
1077 1689 57 75 tri-

106 1735 72 75 ceps
195 1735 25 75 is
238 1735 90 75 fixed
351 1735 35 75 to
409 1735 59 75 the
491 1735 149 75 internal,
665 1735 43 75 by
735 1735 107 75 means
867 1735 39 75 of
928 1735 72 75 part
1023 1735 40 75 of
1079 1735 56 75 the

105 1782 98 75 fafeia
215 1782 225 75 aponeurotica
456 1782 40 75 of
507 1782 56 75 the
578 1782 106 75 thigh.
778 1782 92 75 Near
885 1782 55 75 the
963 1782 172 75 beginning

106 1827 39 75 of
158 1827 54 75 the
229 1827 135 75 internal
389 1827 105 75 ridge,
519 1827 90 75 there
633 1827 27 75 is
682 1827 18 75 a
727 1827 266 75 difeontinuation
1018 1827 39 75 of
1079 1827 55 75 the

105 1875 102 75 ridge,
232 1875 107 75 where
355 1875 55 75 the
427 1875 103 75 crural
555 1875 107 75 artery
689 1875 97 75 pafles
815 1875 139 75 through
979 1875 55 75 the
1056 1875 77 75 apo-

105 1921 149 75 neurofis.
350 1921 153 75 Between
520 1921 90 75 thefe
626 1921 66 75 two
721 1921 103 75 rough
846 1921 93 75 lines,
972 1921 55 75 the
1052 1921 83 75 bone

105 1967 25 75 is
151 1967 90 75 made
257 1967 56 75 flat
337 1967 44 75 by
397 1967 55 75 the
468 1967 87 75 large
578 1967 222 75 blood-yeflels
819 1967 62 75 and
900 1967 111 75 nerves
1028 1967 105 75 which

104 2014 67 75 pafs
188 2014 84 75 upon
289 2014 47 75 it;
363 2014 62 75 and
448 2014 75 75 near
540 2014 54 75 the
611 2014 61 75 end
689 2014 40 75 of
746 2014 78 75 each
848 2014 40 75 of
907 2014 87 75 thefe
1013 2014 118 75 ridges,

105 2059 17 75 a
146 2059 88 75 fmall
257 2059 125 75 fmooth
412 2059 231 75 protuberance
666 2059 74 75 may
768 2059 89 75 often
885 2059 39 75 be
952 2059 179 75 remarked,

105 2105 107 75 where
225 2105 55 75 the
297 2105 64 75 two
377 2105 98 75 heads
494 2105 38 75 of
544 2105 55 75 the
623 2105 144 75 external
786 2105 242 75 gaftrocnemius
1049 2105 83 75 muf-

105 2151 47 75 cle
169 2151 74 75 take
262 2151 84 75 their
362 2151 59 75 rife
436 2151 10 75 ;
474 2151 62 75 and
558 2151 85 75 from
659 2151 55 75 the
731 2151 158 75 fore-part
904 2151 39 75 of
961 2151 55 75 the
1033 2151 98 75 inter-

106 2197 51 75 nal
174 2197 156 75 tubercle,
355 2197 18 75 a
388 2197 106 75 ftrong
509 2197 152 75 ligament
677 2197 27 75 is
721 2197 162 75 extended
905 2197 36 75 to
963 2197 55 75 the
1035 2197 97 75 infide

105 2245 39 75 of
156 2245 56 75 the
227 2245 91 75 tibia.

151 2290 76 75 The
243 2290 97 75 lower
357 2290 63 75 end
435 2290 40 75 of
493 2290 56 75 the
565 2290 35 75 os
618 2290 130 75 femoris
763 2290 27 75 is
806 2290 104 75 larger
926 2290 76 75 than
1020 2290 61 75 any
1097 2290 35 75 o-

105 2337 72 75 ther
199 2337 73 75 part
288 2337 40 75 of
345 2337 37 75 it,
408 2337 64 75 and
486 2337 27 75 is
529 2337 125 75 formed
671 2337 69 75 into
757 2337 18 75 a
798 2337 90 75 great
903 2337 230 75 protuberance

104 2383 40 75 on
162 2383 76 75 each
255 2383 77 75 fide,
357 2383 103 75 called
471 2383 41 75 its
525 2383 162 75 condyles;
713 2383 146 75 between
877 2383 104 75 which
1000 2383 18 75 a
1035 2383 97 75 confi-

103 2430 129 75 derable
249 2430 106 75 cavity
378 2430 26 75 is
428 2430 113 75 found,
566 2430 169 75 efpecially
759 2430 32 75 at
814 2430 55 75 the
894 2430 180 75 back-part,
1099 2430 33 75 in

103 2475 105 75 which
232 2475 54 75 the
303 2475 105 75 crural
424 2475 108 75 veflels
550 2475 59 75 and
634 2475 110 75 nerves
767 2475 42 75 lie
826 2475 166 75 immerfed
1015 2475 32 75 in
1070 2475 61 75 fat.

196 2522 78 75 The
290 2522 133 75 internal
440 2522 135 75 condyle
591 2522 26 75 is
633 2522 111 75 longer
756 2522 75 75 than
855 2522 56 75 the
927 2522 207 75 external.—

103 2568 90 75 Each
211 2568 40 75 of
269 2568 87 75 thefe
373 2568 153 75 procefles
542 2568 99 75 leans
659 2568 35 75 to
710 2568 39 75 be
773 2568 130 75 divided
926 2568 32 75 in
981 2568 42 75 its
1046 2568 85 75 plain

102 2614 124 75 fmooth
245 2614 133 75 furface.
426 2614 76 75 The
519 2614 89 75 mark
631 2614 39 75 of
690 2614 130 75 divifion
844 2614 42 75 on
910 2614 55 75 the
985 2614 146 75 external

103 2660 27 75 is
156 2660 18 75 a
197 2660 112 75 notch,
334 2660 63 75 and
419 2660 42 75 on
486 2660 55 75 the
568 2660 136 75 internal
728 2660 19 75 a
773 2660 90 75 fmall
887 2660 242 75 protuberance.

103 2707 76 75 The
194 2707 158 75 fore-part
369 2707 39 75 of
419 2707 62 75 this
494 2707 142 75 divifion,
654 2707 41 75 on
706 2707 106 75 which
824 2707 56 75 the
893 2707 105 75 rotula
1009 2707 120 75 moves,

103 2752 26 75 is
154 2752 127 75 formed
305 2752 64 75 like
394 2752 18 75 a
438 2752 121 75 pulley,
583 2752 56 75 the
663 2752 144 75 external
832 2752 64 75 fide
918 2752 43 75 of
976 2752 104 75 v/hich
1103 2752 27 75 is

103 2797 135 75 higheft.
333 2797 140 75 Behind,
496 2797 91 75 there
611 2797 52 75 are
686 2797 66 75 two
768 2797 119 75 oblong
908 2797 88 75 large
1018 2797 111 75 heads,

103 2843 107 75 whofe
226 2843 134 75 greatefl:
375 2843 111 75 extent
498 2843 26 75 is
541 2843 199 75 backwards,
756 2843 51 75 for
823 2843 55 75 the
891 2843 120 75 motion
1025 2843 39 75 of
1075 2843 55 75 the

104 2890 99 75 tibia;
231 2890 62 75 and
307 2890 84 75 from
404 2890 54 75 the
471 2890 102 75 rough
585 2890 105 75 cavity
702 2890 142 75 between
861 2890 100 75 them,
987 2890 57 75 but
1056 2890 75 75 near

105 2935 35 75 to
156 2935 54 75 the
230 2935 71 75 bafe
317 2935 40 75 of
377 2935 54 75 the
447 2935 134 75 internal
598 2935 148 75 condyle,
771 2935 56 75 the
843 2935 106 75 ftrong
965 2935 164 75 ligament,

106 2984 178 75 commonly
301 2984 103 75 called
420 2984 54 75 the
491 2984 84 75 crofs
599 2984 73 75 one,
698 2984 57 75 has
771 2984 42 75 its
830 2984 71 75 rife.
997 2984 34 75 A
1046 2984 84 75 little

1287 144 39 75 O
1444 144 49 75 M
1609 144 53 75 Y.

2140 144 73 75 183

1192 205 99 75 above
1307 205 119 75 which,
1443 205 19 75 a
1478 205 102 75 rough
1598 205 230 75 protuberance
1839 205 88 75 gives
1947 205 150 75 infertion
2113 205 36 75 to
2165 205 56 75 the

1190 251 118 75 tendon
1326 251 39 75 of
1384 251 54 75 the
1455 251 129 75 triceps.
1681 251 75 75 The
1787 251 163 75 condyles,
1988 251 79 75 both
2095 251 43 75 on
2165 251 56 75 the

1189 298 92 75 outer
1294 298 63 75 and
1368 298 90 75 inner
1469 298 64 75 fide
1545 298 41 75 of
1596 298 56 75 the
1663 298 94 75 knee,
1770 298 54 75 are
1839 298 92 75 made
1942 298 56 75 flat
2010 298 44 75 by
2066 298 55 75 the
2137 298 83 75 muf-

1189 344 64 75 cles
1270 344 115 75 palling
1401 344 95 75 along
1512 344 100 75 them.
1709 344 55 75 On
1780 344 55 75 the
1851 344 83 75 back
1949 344 72 75 part
2037 344 40 75 of
2099 344 56 75 the
2170 344 50 75 in-

1190 390 114 75 ternal,
1331 390 18 75 a
1364 390 93 75 flight
1470 390 170 75 depreflion
1657 390 27 75 is
1707 390 92 75 made
1820 390 42 75 by
1878 390 55 75 the
1950 390 135 75 tendons
2102 390 40 75 of
2164 390 57 75 the

1189 437 126 75 gracilis
1333 437 61 75 and
1411 437 151 75 fartorius
1576 437 10 75 ;
1612 437 62 75 and
1687 437 41 75 on
1745 437 55 75 the
1817 437 158 75 external,
1993 437 75 75 fuch
2086 437 134 75 another

1189 483 25 75 is
1243 483 125 75 formed
1385 483 42 75 by
1443 483 55 75 the
1515 483 106 75 biceps
1639 483 103 75 flexor
1758 483 99 75 cruris
1911 483 117 75 behind
2051 483 120 75 which,
2201 483 19 75 a

1190 530 78 75 deep
1285 530 77 75 folia
1379 530 24 75 is
1421 530 35 75 to
1473 530 38 75 be
1528 530 165 75 obferved,
1718 530 108 75 where
1850 530 54 75 the
1921 530 165 75 poplitaeus
2103 530 117 75 mufcle

1188 576 57 75 has
1262 576 41 75 its
1320 576 114 75 origin.
1530 576 100 75 From
1645 576 56 75 the
1717 576 142 75 tubercle
1876 576 217 75 immediately
2109 576 111 75 before

1189 623 63 75 this
1280 623 117 75 cavity,
1423 623 19 75 a
1457 623 106 75 Itrong
1579 623 103 75 round
1698 623 151 75 ligament
1864 623 77 75 goes
1958 623 58 75 out
2032 623 35 75 to
2083 623 55 75 the
2161 623 58 75 up-

1188 668 56 75 per
1259 668 71 75 part
1350 668 40 75 of
1401 668 55 75 the
1472 668 110 75 fibula.
1678 668 122 75 Round
1815 668 64 75 this
1895 668 101 75 lower
2018 668 63 75 end
2104 668 40 75 of
2163 668 57 75 the

1187 717 203 75 thigh-bone,
1414 717 89 75 large
1519 717 91 75 holes
1638 717 54 75 are
1708 717 113 75 found,
1846 717 68 75 into
1930 717 106 75 which
2064 717 56 75 the
2137 717 81 75 liga-

1187 762 101 75 ments
1305 762 52 75 for
1369 762 55 75 the
1441 762 137 75 fecurity
1594 762 40 75 of
1660 762 56 75 the
1728 762 86 75 joint
1830 762 53 75 are
1899 762 88 75 fixed
1987 794 15 49 v
2025 762 63 75 and
2104 762 115 75 blood-

1186 808 113 75 veflels
1312 808 69 75 pafs
1397 808 36 75 to
1448 808 56 75 the
1521 808 136 75 internal
1673 808 161 75 fubltance
1851 808 39 75 of
1902 808 55 75 the
1974 808 96 75 bone.

1233 855 75 75 The
1320 855 191 75 thigh-bone
1523 855 94 75 being
1629 855 190 75 articulated
1834 855 101 75 above
1951 855 79 75 with
2046 855 56 75 the
2113 855 105 75 aceta-

1186 901 110 75 bulum
1313 901 40 75 of
1371 901 56 75 the
1451 901 65 75 ofia
1539 901 209 75 innominata,
1775 901 106 75 which
1906 901 119 75 affords
2048 901 42 75 its
2116 901 104 75 round

1186 947 83 75 head
1285 947 19 75 a
1318 947 108 75 fecure
1443 947 62 75 and
1521 947 160 75 extenfive
1697 947 87 75 play,
1810 947 58 75 can
1884 947 40 75 be
1942 947 116 75 moved
2076 947 34 75 to
2123 947 97 75 every

1186 994 75 75 fide;
1288 994 57 75 but
1361 994 27 75 is
1405 994 170 75 rellrained
1587 994 32 75 in
1632 994 42 75 its
1686 994 122 75 motion
1825 994 163 75 outwards
2010 994 44 75 by
2069 994 55 75 the
2140 994 79 75 high

1186 1040 98 75 brims
1301 1040 41 75 of
1360 1040 55 75 the
1433 1040 117 75 cavity,
1577 1040 63 75 and
1655 1040 44 75 by
1715 1040 56 75 the
1788 1040 104 75 round
1914 1040 174 75 ligament;
2114 1040 52 75 for
2182 1040 37 75 0-

1186 1087 144 75 therwife
1347 1087 55 75 the
1418 1087 84 75 head
1517 1087 41 75 of
1569 1087 56 75 the
1636 1087 87 75 -bone
1739 1087 109 75 would
1863 1087 81 75 have
1962 1087 79 75 been
2052 1087 166 75 frequent-

1184 1132 35 75 ly
1235 1132 99 75 thru!!
1357 1132 57 75 out
1439 1132 33 75 at
1494 1132 57 75 the
1577 1132 116 75 breach
1718 1132 41 75 of
1776 1132 56 75 the
1856 1132 98 75 brims
1978 1132 42 75 on
2036 1132 56 75 the
2107 1132 111 75 infide,

1185 1179 105 75 which
1315 1179 110 75 allows
1451 1179 54 75 the
1529 1179 94 75 thigh
1647 1179 35 75 to
1707 1179 94 75 move
1825 1179 217 75 confiderably
2064 1179 152 75 inwards.

1279 1226 74 75 The
1369 1226 88 75 body
1478 1226 41 75 of
1538 1226 64 75 this
1625 1226 82 75 bone
1728 1226 110 75 enjoys
1855 1226 85 75 little
1957 1226 38 75 or
2010 1226 42 75 no
2069 1226 149 75 rotatory

1185 1272 134 75 motion,
1345 1272 125 75 though
1493 1272 55 75 the
1573 1272 83 75 head
1680 1272 79 75 moll
1783 1272 181 75 commonly
1980 1272 108 75 moves
2113 1272 105 75 round

1184 1318 41 75 its
1243 1318 73 75 own
1333 1318 92 75 axis;
1452 1318 130 75 becaufe
1607 1318 56 75 the
1688 1318 130 75 oblique
1843 1318 144 75 progrefs
2006 1318 39 75 of
2063 1318 55 75 the
2135 1318 82 75 neck

1184 1365 61 75 and
1261 1365 84 75 head
1360 1365 85 75 from
1462 1365 54 75 the
1529 1365 82 75 bone
1626 1365 27 75 is
1671 1365 87 75 fuch,
1777 1365 70 75 that
1864 1365 56 75 the
1932 1365 147 75 rotatory
2093 1365 124 75 motion

1184 1410 40 75 of
1243 1410 54 75 the
1314 1410 83 75 head
1421 1410 58 75 can
1503 1410 77 75 only
1605 1410 92 75 bring
1714 1410 55 75 the
1793 1410 88 75 body
1904 1410 41 75 of
1964 1410 55 75 the
2042 1410 82 75 bone
2147 1410 69 75 for-

1183 1458 103 75 wards
1304 1458 62 75 and
1382 1458 200 75 backwards.
1677 1458 76 75 The
1770 1458 36 75 os
1830 1458 129 75 femoris
1976 1458 27 75 is
2027 1458 191 75 articulated

1183 1505 104 75 below
1303 1505 35 75 to
1355 1505 55 75 the
1426 1505 80 75 tibia
1522 1505 63 75 and
1600 1505 106 75 rotula
1716 1505 32 75 in
1761 1505 54 75 the
1832 1505 131 75 manner
1974 1505 190 75 afterwards
2181 1505 39 75 to

1185 1550 38 75 be
1240 1550 177 75 deferibed.

1230 1597 75 75 The
1322 1597 143 75 nearnefs
1490 1597 39 75 of
1548 1597 55 75 the
1626 1597 90 75 fmall
1738 1597 81 75 neck
1836 1597 35 75 to
1888 1597 55 75 the
1956 1597 103 75 round
2075 1597 81 75 head
2180 1597 42 75 of

1183 1643 55 75 the
1255 1643 204 75 diigh-bone,
1478 1643 63 75 and
1551 1643 42 75 its
1606 1643 99 75 upper
1716 1643 62 75 end
1792 1643 95 75 being
1899 1643 135 75 covered
2046 1643 79 75 with
2137 1643 80 75 very

1183 1690 89 75 thick
1297 1690 145 75 mufcles,
1468 1690 92 75 make
1584 1690 126 75 greater
1736 1690 157 75 difficulty
1920 1690 31 75 in
1979 1690 238 75 diltinguilhing

1183 1736 143 75 between
1343 1736 19 75 a
1388 1736 146 75 luxation
1551 1736 62 75 and
1629 1736 137 75 fra&ure
1782 1736 90 75 here,
1898 1736 79 75 than
1993 1736 32 75 in
2042 1736 63 75 any
2121 1736 94 75 other

1182 1782 71 75 part
1270 1782 41 75 of
1328 1782 55 75 the
1398 1782 100 75 body.

1228 1829 75 75 The
1320 1829 84 75 Leg
1431 1829 27 75 is
1482 1829 170 75 compofed
1674 1829 40 75 of
1732 1829 90 75 three
1846 1829 112 75 bones,
1982 1829 95 75 tihia,
2093 1829 119 75 fibula-,

1183 1874 60 75 and
1267 1874 121 75 rotula.

1227 1924 136 75 Tibia,
1387 1924 35 75 fo
1438 1924 103 75 called
1552 1924 85 75 from
1654 1924 41 75 its
1714 1924 210 75 refemblance
1941 1924 35 75 to
1992 1924 39 75 an
2049 1924 55 75 old
2120 1924 94 75 mulh-

1181 1968 49 75 cal
1250 1968 73 75 pipe
1339 1968 38 75 or
1392 1968 90 75 flute,
1507 1968 27 75 is
1552 1968 56 75 the
1624 1968 89 75 long,
1738 1968 102 75 thick,
1866 1968 176 75 triangular
2058 1968 93 75 bone,
2176 1968 21 75 fi
2197 2000 7 49 :
2204 1968 12 75 -

1180 2014 111 75 tuated
1315 2014 32 75 at
1373 2014 56 75 the
1445 2014 136 75 internal
1605 2014 71 75 part
1693 2014 40 75 of
1751 2014 55 75 the
1824 2014 64 75 leg,
1915 2014 63 75 and
1995 2014 168 75 continued
2180 2014 33 75 in

1182 2060 110 75 almolt
1308 2060 19 75 a
1338 2060 131 75 ftreight
1485 2060 64 75 line
1562 2060 83 75 from
1659 2060 55 75 the
1725 2060 205 75 thigh-bone.

1226 2107 76 75 The
1326 2107 101 75 upper
1450 2107 63 75 end
1537 2107 39 75 of
1595 2107 56 75 the
1674 2107 79 75 tibia
1776 2107 27 75 is
1829 2107 102 75 large,
1963 2107 149 75 bulbous,
2149 2107 63 75 and

1180 2152 133 75 fpongy,
1338 2152 63 75 and
1416 2152 26 75 is
1458 2152 132 75 divided
1605 2152 69 75 into
1689 2152 66 75 two
1772 2152 129 75 cavities
1918 2152 44 75 by
1977 2152 16 75 a
2013 2152 102 75 rough
2131 2152 80 75 irre,-

1181 2198 91 75 gular
1287 2198 242 75 protuberance,
1547 2198 105 75 which
1664 2198 27 75 is
1702 2198 120 75 hollow
1835 2198 32 75 at
1878 2198 42 75 its
1938 2198 78 75 molt
2032 2198 180 75 prominent

1180 2244 84 75 part,
1290 2244 33 75 as
1340 2244 74 75 well
1431 2244 33 75 as
1480 2244 112 75 before
1608 2244 62 75 and
1681 2244 131 75 behind.
1860 2244 29 75 T
1896 2244 40 75 he
1954 2244 139 75 anterior
2104 2244 41 75 of
2155 2244 56 75 the

1181 2291 66 75 two
1270 2291 168 75 ligaments
1463 2291 70 75 that
1551 2291 146 75 compofe
1722 2291 55 75 the
1801 2291 90 75 great
1908 2291 87 75 crofs
2009 2291 73 75 one,
2105 2291 27 75 is
2159 2291 50 75 in-

1181 2337 103 75 ferred
1301 2337 68 75 into
1386 2337 55 75 the
1457 2337 121 75 middle
1595 2337 117 75 cavity,
1739 2337 61 75 and
1825 2337 57 75 the
1902 2337 171 75 depreflion
2090 2337 120 75 behind

1180 2384 137 75 receives
1341 2384 55 75 the
1412 2384 152 75 pollerior
1579 2384 290 75 ligament.—The
1881 2384 66 75 two
1959 2384 103 75 broad
2078 2384 131 75 cavities

1181 2429 32 75 at
1229 2429 56 75 the
1300 2429 79 75 tides
1397 2429 40 75 of
1455 2429 63 75 this
1541 2429 229 75 protuberance
1788 2429 53 75 are
1864 2429 55 75 not
1942 2429 116 75 equal;
2085 2429 51 75 for
2152 2429 57 75 the

1179 2476 135 75 internal
1330 2476 26 75 is
1374 2476 119 75 oblong
1509 2476 62 75 and
1589 2476 93 75 deep,
1707 2476 35 75 to
1765 2476 123 75 receive
1909 2476 55 75 the
1980 2476 135 75 internal
2131 2476 76 75 con-

1181 2523 74 75 dyle
1271 2523 40 75 of
1330 2523 55 75 the
1400 2523 212 75 thigh-bone;
1639 2523 95 75 while
1749 2523 65 75 the'
1828 2523 145 75 external
1998 2523 26 75 is
2047 2523 90 75 more
2157 2523 50 75 fu-

1179 2569 139 75 perficial
1343 2569 61 75 and
1429 2569 151 75 rounder,
1603 2569 52 75 for
1678 2569 55 75 the
1756 2569 144 75 external
1925 2569 146 75 condyle.
2168 2569 39 75 In

1179 2615 78 75 each
1279 2615 40 75 of
1337 2615 86 75 thefe
1440 2615 65 75 two
1522 2615 128 75 cavities
1667 2615 40 75 of
1726 2615 20 75 a
1767 2615 108 75 recent
1891 2615 132 75 fubjeft,
2048 2615 18 75 a
2082 2615 130 75 femilu-

1178 2660 57 75 nar
1251 2660 150 75 cartilage
1416 2660 29 75 is
1455 2660 124 75 placed,
1604 2660 108 75 which
1725 2660 26 75 is
1768 2660 90 75 thick
1870 2660 31 75 at
1913 2660 42 75 its
1972 2660 125 75 convex
2112 2660 101 75 edge,,

1179 2708 62 75 and
1256 2708 146 75 becomes
1426 2708 166 75 gradually
1613 2708 127 75 thinner
1767 2708 139 75 towards
1929 2708 56 75 the
2007 2708 137 75 concave
2169 2708 38 75 or

1178 2754 132 75 interior
1326 2754 92 75 edge.
1512 2754 76 75 The
1605 2754 118 75 middle
1740 2754 41 75 of
1790 2754 76 75 each
1884 2754 40 75 of
1934 2754 87 75 thefe
2038 2754 166 75 cartilages

1178 2800 26 75 is
1221 2800 112 75 broad,
1360 2800 62 75 and
1439 2800 54 75 the
1510 2800 77 75 ends
1604 2800 40 75 of
1662 2800 87 75 them
1766 2800 74 75 turn
1863 2800 160 75 narrower
2040 2800 63 75 and
2118 2800 86 75 thin-

1179 2846 67 75 ner,
1272 2846 33 75 as
1319 2846 77 75 they
1413 2846 157 75 approach
1582 2846 56 75 the
1650 2846 119 75 middle
1785 2846 231 75 protuberance
2032 2846 40 75 of
2089 2846 56 75 the
2162 2846 41 75 ti-

1177 2894 63 75 bia.
1337 2894 75 75 The
1424 2894 88 75 thick
1526 2894 123 75 convex
1665 2894 80 75 edge
1762 2894 41 75 of
1822 2894 78 75 each
1917 2894 150 75 cartilage
2083 2894 26 75 is
2127 2894 75 75 con-

1178 2940 110 75 nected
1304 2940 34 75 to
1362 2940 55 75 the
1435 2940 138 75 capfular
1590 2940 62 75 and
1668 2940 94 75 other
1777 2940 167 75 ligaments
1955 2940 41 75 of
2013 2940 55 75 the
2085 2940 117 75 articu-

1176 2990 112 75 lation,
1312 2990 58 75 but
1385 2990 35 75 fo
1436 2990 75 75 near
1527 2990 35 75 to
1579 2990 84 75 their
1679 2990 58 75 rife
1752 2990 85 75 from
1860 2990 54 75 the
1938 2990 92 75 tibia,
2053 2990 69 75 that
2145 2990 56 75 the

2035 3041 165 75 cartilages
