2493 3387
685 195 499 75 ASTRO

134 267 43 75 he
200 267 27 75 is
244 267 124 75 carried
384 267 73 75 half
469 267 103 75 round
594 267 55 75 the
665 267 119 75 earth’s
802 267 71 75 axis
898 267 35 75 to
946 267 21 75 q
979 267 10 75 ,
1016 267 63 75 and
1096 267 75 75 then

137 311 56 75 the
209 311 198 75 hemifphere
420 311 109 75 S^JV
539 311 146 75 becomes
702 311 109 75 vifible
827 311 35 75 to
878 311 67 75 him
957 311 10 75 ;
995 311 62 75 and
1074 311 104 75 SEN

136 356 192 75 difappears.
376 356 96 75 Thus
489 356 48 75 we
554 356 78 75 find,
658 356 70 75 that
745 356 36 75 to
797 356 39 75 an
853 356 148 75 obferver
1021 356 33 75 at
1070 356 103 75 either

137 405 42 75 of
191 405 54 75 the
261 405 102 75 poles,
387 405 61 75 one
463 405 74 75 half
560 405 40 75 of
618 405 57 75 the
696 405 56 75 Iky
775 405 26 75 is
830 405 118 75 always
965 405 119 75 vifible,
1110 405 60 75 and

137 452 57 75 the
211 452 94 75 other
324 452 74 75 half
417 452 97 75 never
537 452 71 75 feen
628 452 10 75 ;
665 452 58 75 but
740 452 34 75 to
791 452 40 75 an
847 452 144 75 obferver
1006 452 42 75 on
1064 452 58 75 the
1137 452 34 75 e-

138 498 129 75 quator,
292 498 54 75 the
363 498 105 75 whole
484 498 57 75 Iky
564 498 26 75 is
613 498 71 75 feen
701 498 95 75 every
818 498 45 75 24
879 498 110 75 hours.

185 545 76 75 The
286 545 100 75 figure
413 545 78 75 here
523 545 143 75 referred
696 545 49 75 to,
787 545 173 75 reprefents
990 545 18 75 a
1033 545 138 75 celefKal

138 591 96 75 globe
251 591 40 75 of
302 591 94 75 glafs,
422 591 117 75 hating
555 591 19 75 a
590 591 152 75 terreftial
758 591 95 75 globe
870 591 112 75 within
999 591 24 75 it
1040 591 10 75 ;
1087 591 84 75 after

138 639 56 75 the
221 639 131 75 manner
374 639 40 75 of
437 639 55 75 the
520 639 209 75 glafs-fphere
754 639 151 75 invented
932 639 43 75 by
992 639 53 75 Dr
1062 639 108 75 Long,

137 684 193 75 Lowndes’s
358 684 153 75 profeflbr
536 684 41 75 of
592 684 180 75 aftronomy
792 684 31 75 in
845 684 209 75 Cambridge.

186 731 36 75 If
234 731 18 75 a
268 731 95 75 globe
379 731 39 75 be
435 731 75 75 held
524 731 138 75 fidewife
674 731 37 75 to
723 731 55 75 the
789 731 71 75 eye,
878 731 33 75 at
922 731 85 75 feme
1019 731 150 75 diftance,

137 779 63 75 and
225 779 34 75 fo
276 779 70 75 that
363 779 126 75 neither
505 779 41 75 of
556 779 42 75 its
615 779 89 75 poles
721 779 58 75 can
796 779 38 75 be
850 779 85 75 feen,
962 779 55 75 the
1033 779 138 75 equator

139 826 117 75 ECQ_,
282 826 62 75 and
366 826 42 75 all
429 826 113 75 circles
561 826 131 75 parallel
711 826 35 75 to
765 826 38 75 it,
829 826 33 75 as
880 826 80 75 DL,
976 826 82 75 yzx,
1083 826 88 75 abX,

136 872 89 75 MO,
250 872 61 75 &c.
336 872 66 75 will
418 872 116 75 appear
554 872 34 75 to
613 872 40 75 be
675 872 133 75 ftraight
828 872 93 75 lines,
948 872 33 75 as
1009 872 164 75 proje&ed

137 918 34 75 in
187 918 64 75 this
268 918 120 75 figure;
415 918 105 75 which
544 918 26 75 is
595 918 149 75 requifite
768 918 34 75 to
826 918 39 75 be
882 918 182 75 mentioned
1080 918 90 75 here,

137 965 132 75 becaufe
290 965 47 75 we
355 965 73 75 fhall
448 965 80 75 have
545 965 144 75 occafion
713 965 35 75 to
765 965 62 75 call
846 965 87 75 them
946 965 111 75 circles
1072 965 33 75 in
1116 965 56 75 the

137 1011 167 75 following
321 1011 125 75 articles
464 1011 39 75 of
516 1011 63 75 this
601 1011 145 75 chapter.

184 1059 65 75 Let
265 1059 36 75 us
319 1059 73 75 now
407 1059 131 75 fuppofe
554 1059 71 75 that
651 1059 55 75 the
729 1059 148 75 obferver
902 1059 57 75 has
985 1059 81 75 gone
1086 1059 86 75 from

137 1106 58 75 the
212 1106 136 75 equator
360 1106 18 75 e
394 1106 142 75 towards
554 1106 55 75 the
625 1106 96 75 north
738 1106 73 75 pole
828 1106 35 75 n,
880 1106 62 75 and
953 1106 71 75 that
1036 1106 41 75 he
1089 1106 84 75 Hops

135 1152 36 75 at
204 1152 23 75 i,
270 1152 86 75 from
382 1152 107 75 which
517 1152 89 75 place
629 1152 41 75 he
697 1152 77 75 then
801 1152 68 75 fees
898 1152 55 75 the
975 1152 199 75 hemifphere

137 1199 189 75 MEINL;
359 1199 50 75 his
436 1199 138 75 horizon
602 1199 100 75 MCL
726 1199 116 75 having
870 1199 117 75 fhifted
1015 1199 34 75 as
1078 1199 97 75 many

136 1246 134 75 degrees
288 1246 85 75 from
389 1246 55 75 the
461 1246 135 75 celeftial
613 1246 88 75 poles
720 1246 46 75 N
775 1246 63 75 and
854 1246 38 75 S,
918 1246 33 75 as
967 1246 42 75 he
1031 1246 59 75 has
1107 1246 65 75 tra-

136 1292 108 75 velled
259 1292 85 75 from
354 1292 102 75 under
472 1292 55 75 the
539 1292 191 75 equinoftial
745 1292 43 75 E.
830 1292 79 75 And
921 1292 33 75 as
968 1292 55 75 the
1034 1292 138 75 heavens

136 1339 84 75 feem
237 1339 177 75 conftantly
431 1339 35 75 to
482 1339 74 75 turn
574 1339 101 75 round
693 1339 57 75 the
774 1339 63 75 line
856 1339 90 75 NCS
971 1339 33 75 as
1022 1339 39 75 an
1086 1339 86 75 axis,

135 1386 44 75 all
197 1386 89 75 thofe
303 1386 77 75 ftars
397 1386 107 75 which
527 1386 54 75 are
604 1386 58 75 not
678 1386 33 75 fo
738 1386 95 75 many
856 1386 133 75 degrees
1014 1386 83 75 from
1116 1386 55 75 the

137 1432 98 75 north
257 1432 75 75 pole
355 1432 44 75 N
420 1432 33 75 as
479 1432 55 75 the
559 1432 149 75 obferver
733 1432 26 75 is
784 1432 86 75 from
894 1432 56 75 the
967 1432 204 75 equino&ial,

139 1478 140 75 namely,
306 1478 54 75 the
376 1478 77 75 ftars
471 1478 95 75 north
580 1478 40 75 of
631 1478 56 75 the
699 1478 116 75 dotted
830 1478 132 75 parallel
980 1478 79 75 DL,
1077 1478 97 75 never

139 1524 47 75 fet
202 1524 104 75 below
321 1524 56 75 the
394 1524 135 75 horizon
542 1524 10 75 ;
579 1524 63 75 and
658 1524 91 75 thofe
765 1524 105 75 which
888 1524 54 75 are
957 1524 92 75 fouth
1068 1524 39 75 of
1117 1524 56 75 the

138 1571 114 75 dotted
270 1571 130 75 parallel
418 1571 73 75 MO
511 1571 97 75 never
626 1571 58 75 rife
704 1571 100 75 above
820 1571 39 75 it.
910 1571 111 75 Hence
1037 1571 56 75 the
1106 1571 66 75 for-

138 1617 70 75 mer
224 1617 40 75 of
282 1617 87 75 thefe
393 1617 65 75 two
483 1617 130 75 parallel
639 1617 112 75 circles
776 1617 26 75 is
828 1617 101 75 called
950 1617 52 75 the
1017 1617 100 75 circle
1140 1617 43 75 of

131 1664 176 75 perpetual
320 1664 200 75 apparition,
546 1664 62 75 and
625 1664 55 75 the
696 1664 97 75 latter
810 1664 53 75 the
883 1664 100 75 circle
1006 1664 43 75 of
1057 1664 116 75 perpe-

139 1711 74 75 tual
230 1711 194 75 eccultation
435 1711 10 75 \
471 1711 58 75 but
542 1711 42 75 all
596 1711 56 75 the
669 1711 76 75 ftars
763 1711 143 75 between
924 1711 87 75 thefe
1028 1711 65 75 two
1111 1711 61 75 cir-

139 1759 65 75 cles
221 1759 59 75 rife
293 1759 62 75 and
370 1759 47 75 fet
432 1759 99 75 every
540 1759 76 75 day.
666 1759 65 75 Let
747 1759 38 75 us
801 1759 136 75 imagine
954 1759 95 75 many
1060 1759 114 75 circles

139 1805 36 75 to
191 1805 39 75 be
247 1805 110 75 drawn
374 1805 143 75 between
542 1805 87 75 thefe
654 1805 78 75 two,
758 1805 63 75 and
845 1805 131 75 parallel
999 1805 36 75 to
1059 1805 111 75 them;

138 1852 92 75 thofe
243 1852 105 75 which
364 1852 53 75 are
433 1852 41 75 on
487 1852 55 75 the
559 1852 96 75 north
673 1852 62 75 fide
752 1852 40 75 of
811 1852 55 75 the
890 1852 192 75 equinoctial
1107 1852 66 75 will

139 1898 41 75 be
204 1898 174 75 unequally
402 1898 54 75 cut
480 1898 43 75 by
547 1898 55 75 the
626 1898 138 75 horizon
790 1898 112 75 MCL,
927 1898 119 75 having
1066 1898 108 75 larger

137 1945 145 75 portions
299 1945 100 75 above
415 1945 56 75 the
490 1945 138 75 horizon
645 1945 76 75 than
735 1945 108 75 below
859 1945 47 75 it;
933 1945 62 75 and
1011 1945 55 75 the
1083 1945 91 75 more

137 1993 48 75 fo,
209 1993 33 75 as
260 1993 79 75 they
355 1993 53 75 are
425 1993 111 75 nearer
551 1993 36 75 to
604 1993 56 75 the
683 1993 96 75 circle
802 1993 40 75 of
860 1993 163 75 perpetual
1048 1993 123 75 appari-
1188 1993 6 75 •

139 2038 91 75 tion;
256 2038 57 75 but
334 2038 55 75 the
406 2038 122 75 reverfe
544 2038 142 75 happens
707 2038 35 75 to
759 2038 90 75 thofe
866 2038 41 75 on
925 2038 55 75 the
996 2038 92 75 fouth
1107 2038 66 75 fide

140 2085 40 75 of
198 2085 56 75 the
278 2085 203 75 equiqoCtial,
512 2085 104 75 whilft
640 2085 56 75 the
719 2085 192 75 equinoctial
934 2085 27 75 is
984 2085 131 75 divided
1140 2085 33 75 in

140 2130 66 75 two
222 2130 93 75 equal
334 2130 86 75 parts
442 2130 43 75 by
502 2130 55 75 the
582 2130 149 75 horizon.
781 2130 126 75 Hence,
930 2130 44 75 by
997 2130 56 75 the
1077 2130 95 75 appa-

140 2176 71 75 rent
228 2176 130 75 turning
381 2176 40 75 of
439 2176 55 75 the
517 2176 151 75 heavens,
694 2176 55 75 the
765 2176 155 75 northern
938 2176 76 75 ftars
1030 2176 145 75 deferibe

141 2222 126 75 greater
283 2222 69 75 arcs
369 2222 37 75 or
422 2222 145 75 portions
578 2222 42 75 of
632 2222 113 75 circles
761 2222 100 75 above
874 2222 56 75 the
942 2222 137 75 horizon
1096 2222 78 75 than

141 2270 105 75 below
262 2270 47 75 it;
337 2270 60 75 and
416 2270 210 75 the.greater,
651 2270 34 75 as
702 2270 78 75 they
797 2270 53 75 are
872 2270 122 75 farther
1017 2270 85 75 from
1119 2270 56 75 the

140 2317 193 75 equinoctial
359 2317 139 75 towards
524 2317 54 75 the
604 2317 95 75 circle
724 2317 40 75 of
782 2317 164 75 perpetual
972 2317 200 75 apparition;

141 2364 104 75 whilft
261 2364 56 75 the
334 2364 150 75 contrary
500 2364 139 75 happens
657 2364 35 75 to
709 2364 41 75 all
763 2364 77 75 ftars
850 2364 96 75 fouth
960 2364 39 75 of
1010 2364 56 75 the
1084 2364 94 75 equL

140 2410 138 75 noCtial;
307 2410 56 75 but
375 2410 100 75 thofe.
483 2410 84 75 upon
583 2410 26 75 it
626 2410 145 75 deferibe
785 2410 93 75 equal
896 2410 69 75 arcs
978 2410 78 75 both
1075 2410 101 75 above

140 2456 64 75 and
220 2456 106 75 bqjow
349 2456 56 75 the
428 2456 149 75 horizon,
603 2456 63 75 and
689 2456 164 75 therefore
878 2456 78 75 they
979 2456 53 75 are
1053 2456 64 75 juft
1142 2456 37 75 as

140 2504 77 75 long
230 2504 101 75 above
348 2504 33 75 as
394 2504 104 75 below
513 2504 38 75 it.

189 2549 53 75 An
259 2549 149 75 obferver
424 2549 41 75 on
483 2549 55 75 the
555 2549 134 75 equator
707 2549 57 75 has
782 2549 42 75 no
837 2549 95 75 circle
949 2549 41 75 of
1009 2549 167 75 perpetual

141 2597 178 75 apparition
336 2597 38 75 or
390 2597 208 75 occultation,
623 2597 132 75 becaufe
772 2597 42 75 all
831 2597 56 75 the
911 2597 90 75 ftars,
1027 2597 151 75 together,

141 2643 79 75 with
237 2643 56 75 the
308 2643 58 75 fun
390 2643 62 75 and
469 2643 109 75 moon,
604 2643 59 75 rife
687 2643 62 75 and
773 2643 46 75 fet
842 2643 36 75 to
902 2643 67 75 him
986 2643 96 75 every
1098 2643 81 75 day.

141 2690 80 75 But,
247 2690 33 75 as
303 2690 19 75 a
346 2690 76 75 bare
446 2690 81 75 view
552 2690 40 75 of
611 2690 55 75 the
691 2690 100 75 figure
816 2690 26 75 is
858 2690 154 75 fufficient
1036 2690 35 75 to
1093 2690 84 75 ftrew

142 2735 174 75 tbat^hefe
334 2735 65 75 two
416 2735 111 75 circles
547 2735 66 75 DL
637 2735 61 75 and
716 2735 73 75 MO
814 2735 53 75 are
888 2735 63 75 juft
974 2735 34 75 as
1025 2735 49 75 far
1090 2735 89 75 from

140 2784 56 75 the
214 2784 89 75 poles
323 2784 45 75 N
377 2784 64 75 and
458 2784 25 75 S
501 2784 34 75 as
553 2784 55 75 the
625 2784 147 75 obferver
797 2784 32 75 at
847 2784 10 75 i
884 2784 53 75 (or
959 2784 63 75 one
1037 2784 143 75 oppofite

141 2830 36 75 to
196 2830 66 75 him
285 2830 33 75 at
330 2830 36 75 o)
387 2830 26 75 is
430 2830 85 75 from
533 2830 55 75 the
605 2830 136 75 equator
756 2830 121 75 EC§f,
901 2830 27 75 it
940 2830 26 75 is
984 2830 97 75 plain,
1107 2830 71 75 that

141 2876 31 75 if
191 2876 38 75 an
242 2876 150 75 obferver
406 2876 111 75 begins
540 2876 36 75 to
592 2876 100 75 travel
710 2876 85 75 from
812 2876 55 75 the
885 2876 136 75 equator
1037 2876 142 75 towards

142 2922 103 75 either
260 2922 86 75 pole,
371 2922 50 75 his
440 2922 94 75 circle
550 2922 41 75 of
609 2922 163 75 perpetuil
797 2922 177 75 apparition
998 2922 79 75 rifes
1092 2922 90 75 from

142 2969 74 75 that
231 2969 74 75 pole
322 2969 33 75 as
373 2969 84 75 from
475 2969 18 75 a
505 2969 101 75 point,
632 2969 61 75 and
709 2969 52 75 his
774 2969 98 75 circle
887 2969 40 75 of
946 2969 164 75 perpetual
1123 2969 61 75 oc-r

142 3016 155 75 cultation
313 3016 86 75 from
416 3016 55 75 the
489 3016 106 75 other.
643 3016 50 75 As
711 3016 55 75 the
787 3016 148 75 obferver
955 3016 155 75 advances
1127 3016 51 75 to-

143 3066 89 75 ward
248 3066 55 75 the
319 3066 113 75 nearer
443 3066 85 75 pole,
553 3066 89 75 thefe
655 3066 65 75 two
737 3066 113 75 circles
863 3066 127 75 enlarge
1008 3066 85 75 their
1110 3066 68 75 dia-

1264 194 42 75 N
1384 194 40 75 O
1504 194 50 75 M
1639 194 45 75 ?.

2165 194 83 75 447

1221 261 129 75 meters,
1376 261 63 75 and
1456 261 89 75 come
1562 261 111 75 nearer
1689 261 61 75 one
1766 261 147 75 another,
1938 261 82 75 until
2037 261 41 75 he
2094 261 107 75 comes
2218 261 37 75 to

1222 308 54 75 the
1289 308 94 75 pole;
1411 308 62 75 and
1489 308 77 75 then
1583 308 78 75 they
1677 308 86 75 meet
1786 308 63 75 and
1872 308 144 75 coincide
2038 308 32 75 in
2092 308 55 75 the
2164 308 91 75 equi-

1220 354 127 75 noctial.
1397 354 54 75 On
1468 354 151 75 different
1638 354 78 75 fides
1733 354 41 75 df
1792 354 56 75 the
1865 354 148 75 equator,
2038 354 35 75 to
2090 354 164 75 obfervers

1219 401 33 75 at
1269 401 93 75 equal
1379 401 154 75 diftances
1549 401 86 75 from
1651 401 38 75 it,
1715 401 56 75 the
1784 401 96 75 circle
1892 401 41 75 of
1951 401 162 75 perpetual
2131 401 123 75 appari-

1219 448 68 75 tion
1305 448 34 75 to
1355 448 61 75 one
1440 448 27 75 is
1484 448 54 75 the
1555 448 100 75 circle
1671 448 40 75 of
1730 448 165 75 perpetual
1919 448 195 75 occultation
2138 448 35 75 to
2198 448 56 75 the

1214 495 107 75 other.

1267 542 140 75 Becaufe
1424 542 55 75 the
1495 542 78 75 ftars
1589 542 96 75 never
1701 542 80 75 vary
1804 542 86 75 their
1913 542 155 75 diftances
2092 542 84 75 from
2198 542 57 75 the

1219 588 205 75 equinoctial,
1449 588 35 75 fo
1501 588 33 75 as
1551 588 35 75 to
1599 588 39 75 be
1650 588 129 75 fenfible
1794 588 34 75 in
1845 588 38 75 an
1901 588 71 75 age,
1997 588 56 75 the
2075 588 126 75 lengths
2219 588 42 75 of

1220 635 82 75 their
1319 635 124 75 diurnal
1463 635 61 75 and
1541 635 164 75 noCturnal
1723 635 69 75 arcs
1809 635 54 75 are
1888 635 118 75 always
2031 635 56 75 the
2110 635 84 75 fame
2218 635 36 75 to

1219 681 55 75 the
1298 681 82 75 fame
1405 681 106 75 places
1535 681 41 75 on
1601 681 56 75 the
1682 681 106 75 earth.
1837 681 68 75 But
1929 681 34 75 as
1988 681 56 75 the
2068 681 93 75 earth
2177 681 77 75 goes

1217 729 105 75 round
1346 729 55 75 the
1426 729 56 75 fun
1507 729 98 75 every
1629 729 76 75 year
1729 729 33 75 in
1790 729 56 75 the
1871 729 141 75 ecliptic,
2039 729 60 75 one
2123 729 77 75 half
2219 729 41 75 of

1218 775 106 75 which
1340 775 27 75 is
1387 775 114 75 orrthe
1526 775 98 75 north
1649 775 63 75 fide
1737 775 40 75 of
1795 775 56 75 the
1877 775 205 75 equinoctial,
2110 775 64 75 and
2197 775 56 75 the

1219 822 93 75 other
1334 822 76 75 half
1427 822 42 75 on
1492 822 43 75 its
1559 822 92 75 fouth
1677 822 75 75 fide,
1778 822 56 75 the
1850 822 56 75 fun
1931 822 131 75 appears
2080 822 34 75 to
2131 822 124 75 change

1217 869 50 75 his
1284 869 90 75 place
1391 869 96 75 every
1503 869 77 75 day,
1605 869 33 75 fo
1655 869 34 75 as
1713 869 36 75 to
1773 869 42 75 go
1839 869 80 75 once
1949 869 103 75 round
2077 869 55 75 the
2156 869 98 75 circle

1218 916 87 75 TCX
1319 916 97 75 every
1432 916 90 75 year.
1570 916 186 75 Therefore
1781 916 103 75 whilft
1908 916 56 75 the
1988 916 57 75 fun
2070 916 131 75 appears
2219 916 37 75 to

1219 963 140 75 advance
1385 963 201 75 northward,
1610 963 85 75 from
1719 963 118 75 having
1861 963 166 75 deferibed
2051 963 55 75 the
2123 963 147 75 paralleL

1220 1010 79 75 abA
1319 1010 155 75 touching
1498 1010 55 75 the
1581 1010 127 75 ecliptic
1732 1010 32 75 in
1789 1010 47 75 X,
1873 1010 56 75 the
1953 1010 80 75 days
2058 1010 200 75 continually

1219 1055 150 75 lengthen
1384 1055 63 75 and
1463 1055 55 75 the
1536 1055 106 75 nights
1658 1055 141 75 Ihorten,
1825 1055 81 75 until
1923 1055 42 75 he
1981 1055 106 75 comes
2101 1055 35 75 to
2151 1055 24 75 y
2193 1055 63 75 and

1221 1102 157 75 deferibes
1394 1102 55 75 the
1465 1102 131 75 parallel
1604 1102 82 75 ^zx,
1712 1102 92 75 when
1816 1102 55 75 the
1884 1102 79 75 days
1975 1102 54 75 are
2046 1102 33 75 at
2096 1102 55 75 the
2162 1102 98 75 long-

1220 1149 44 75 eft
1291 1149 63 75 and
1381 1149 56 75 the
1460 1149 111 75 nights
1601 1149 33 75 at
1664 1149 55 75 the
1747 1149 45 75 Ih'
1792 1149 108 75 orteft;
1937 1149 54 75 for
2017 1149 91 75 then,
2141 1149 34 75 as
2199 1149 56 75 the

1219 1195 56 75 fun
1293 1195 76 75 goes
1387 1195 42 75 no
1452 1195 125 75 farther
1593 1195 198 75 northward,
1816 1195 56 75 the
1888 1195 134 75 greateft
2040 1195 127 75 portion
2185 1195 70 75 that

1219 1243 26 75 is
1263 1243 127 75 poifible
1406 1243 41 75 of
1465 1243 56 75 the
1537 1243 125 75 diurnal
1680 1243 54 75 arc
1749 1243 46 75 yz
1812 1243 28 75 is
1860 1243 102 75 above
1987 1243 55 75 the
2065 1243 138 75 horizon
2220 1243 43 75 of

1221 1290 55 75 the
1300 1290 179 75 inhabitant
1498 1290 25 75 i,
1548 1290 64 75 and
1629 1290 55 75 the
1707 1290 135 75 fmalleft
1866 1290 130 75 portion
2019 1290 43 75 zx
2087 1290 105 75 below
2214 1290 41 75 it.

1220 1336 50 75 As
1299 1336 54 75 the
1380 1336 56 75 fun
1464 1336 144 75 declines
1635 1336 184 75 fouthward
1846 1336 83 75 from
1955 1336 37 75 y,
2028 1336 42 75 he
2098 1336 160 75 deferibes

1220 1383 124 75 fmaller
1360 1383 126 75 diurnal
1503 1383 63 75 and
1581 1383 127 75 greater
1724 1383 165 75 noCturna!
1902 1383 93 75 arcs,,
2009 1383 39 75 or
2060 1383 144 75 portions
2221 1383 42 75 of

1221 1431 112 75 circles
1350 1431 96 75 every
1462 1431 84 75 day;
1569 1431 105 75 which
1691 1431 128 75 caufeth
1837 1431 56 75 the
1910 1431 79 75 days
2007 1431 34 75 to
2053 1431 126 75 Ihorten
2193 1431 64 75 and

1219 1477 107 75 nights
1343 1477 35 75 to
1395 1477 167 75 lengthen,
1584 1477 82 75 until
1682 1477 42 75 he
1747 1477 118 75 arrives
1883 1477 90 75 again
1999 1477 33 75 at
2049 1477 56 75 the
2122 1477 133 75 parallel

1220 1524 95 75 abX;
1343 1524 105 75 which
1465 1524 118 75 having
1599 1524 77 75 only
1693 1524 55 75 the
1765 1524 89 75 fmall
1871 1524 70 75 part
1958 1524 40 75 ab
2010 1524 102 75 above
2128 1524 56 75 the
2196 1524 61 75 ho-

1222 1571 91 75 rizon
1330 1571 113 75 MCL,
1470 1571 61 75 and
1555 1571 56 75 the
1634 1571 90 75 great
1740 1571 70 75 part
1836 1571 55 75 bX
1912 1571 105 75 below
2040 1571 38 75 it,
2104 1571 56 75 the
2176 1571 81 75 days

1221 1617 53 75 are
1291 1617 32 75 at
1339 1617 57 75 the
1413 1617 132 75 ftiorteft
1560 1617 62 75 and
1636 1617 55 75 the
1706 1617 110 75 nights
1833 1617 33 75 at
1884 1617 55 75 the
1955 1617 143 75 longeft;
2125 1617 134 75 becaufe

1221 1664 55 75 the
1293 1664 55 75 fun
1373 1664 129 75 recedes
1520 1664 183 75 no'farther
1719 1664 107 75 fouth,
1853 1664 58 75 but
1927 1664 125 75 returns
2070 1664 189 75 northward

1221 1710 32 75 as
1271 1710 124 75 before.
1445 1710 32 75 It
1493 1710 26 75 is
1537 1710 72 75 eafy
1627 1710 34 75 to
1678 1710 50 75 fee
1745 1710 70 75 that
1832 1710 56 75 the
1903 1710 59 75 fun
1977 1710 80 75 muft
2081 1710 39 75 be
2145 1710 32 75 in
2201 1710 57 75 the

1219 1759 192 75 equinoctial

1555 1759 94 75 twice
1674 1759 96 75 every
1793 1759 88 75 year,
1908 1759 63 75 and
1998 1759 76 75 then
2099 1759 56 75 the
2177 1759 81 75 days

1222 1804 61 75 and
1307 1804 108 75 nights
1441 1804 53 75 are
1521 1804 129 75 equally
1673 1804 99 75 long;
1806 1804 71 75 that
1902 1804 40 75 is,
1976 1804 39 75 12
2042 1804 97 75 hours
2165 1804 79 75 each
2244 1836 14 49 4

1221 1851 109 75 Thefe
1345 1851 88 75 hints
1449 1851 88 75 ferve
1555 1851 32 75 at
1604 1851 125 75 prefent
1745 1851 36 75 to
1797 1851 72 75 give
1894 1851 39 75 an
1958 1851 71 75 idea
2054 1851 40 75 of
2112 1851 86 75 fome
2223 1851 42 75 of

1224 1898 54 75 the
1292 1898 209 75 appearances
1516 1898 152 75 refulting
1684 1898 85 75 from
1786 1898 56 75 the
1858 1898 139 75 motions
2013 1898 41 75 of
2071 1898 55 75 the
2143 1898 90 75 earth
2246 1898 12 75 ;
2275 1898 5 75 .

1221 1946 106 75 which
1345 1946 67 75 will
1430 1946 39 75 be
1491 1946 90 75 more
1606 1946 208 75 particularly
1838 1946 166 75 deferibed
2027 1946 33 75 in
2085 1946 56 75 the
2166 1946 94 75 tenth
2277 1946 5 75 ,

1222 1991 143 75 chapter.

1266 2039 56 75 To
1334 2039 203 75 an-obferrer
1554 2039 33 75 at
1610 2039 103 75 either
1730 2039 87 75 pole,
1842 2039 56 75 the
1914 2039 137 75 horizon
2076 2039 62 75 and
2164 2039 116 75 equi--

1220 2086 116 75 notftial
1362 2086 53 75 are
1440 2086 202 75 coincident;
1670 2086 62 75 and
1757 2086 56 75 the
1837 2086 56 75 fun
1920 2086 60 75 and
2010 2086 76 75 ftars
2111 2086 83 75 feem
2221 2086 36 75 to

1221 2132 94 75 move
1331 2132 131 75 parallel
1480 2132 35 75 to
1532 2132 56 75 the
1605 2132 158 75 horizon;
1790 2132 176 75 therefore,
1991 2132 77 75 fuch
2085 2132 40 75 an
2150 2132 109 75 obfer-

1223 2177 55 75 ver
1294 2177 27 75 is
1339 2177 65 75 faid
1421 2177 36 75 to
1473 2177 81 75 have
1567 2177 18 75 a
1601 2177 131 75 parallel
1750 2177 136 75 pofition
1900 2177 40 75 of
1959 2177 54 75 the
2029 2177 125 75 fphere.
2201 2177 58 75 To

1223 2225 39 75 an
1271 2225 148 75 obferver
1428 2225 62 75 any
1500 2225 36 75 w'
1536 2225 70 75 here
1614 2225 143 75 between
1766 2225 103 75 either
1881 2225 73 75 pole
1962 2225 63 75 and
2037 2225 148 75 equator,
2203 2225 58 75 the

1223 2272 147 75 parallels
1387 2272 166 75 deferibed
1577 2272 42 75 by
1636 2272 55 75 the
1707 2272 56 75 fun
1779 2272 62 75 and
1858 2272 77 75 ftars
1952 2272 52 75 are
2021 2272 55 75 cut
2092 2272 168 75 obliquely

1224 2318 42 75 by
1283 2318 56 75 the
1354 2318 151 75 horizon,
1531 2318 64 75 and
1611 2318 162 75 therefore
1789 2318 41 75 he
1854 2318 26 75 is
1897 2318 66 75 faid
1981 2318 132 75 to,have
2136 2318 39 75 an
2200 2318 60 75 ob-

1224 2365 86 75 lique
1326 2365 133 75 pofition
1476 2365 41 75 of
1536 2365 55 75 the
1603 2365 124 75 fphere.
1774 2365 57 75 To
1848 2365 40 75 an
1911 2365 148 75 obferver
2075 2365 61 75 any
2152 2365 108 75 where

1224 2412 41 75 on
1282 2412 55 75 the
1349 2412 148 75 equator,
1523 2412 56 75 the
1591 2412 147 75 parallels
1751 2412 47 75 of
1809 2412 136 75 motion,
1970 2412 166 75 deferibed
2148 2412 43 75 by
2202 2412 58 75 the

1224 2458 56 75 fun
1297 2458 62 75 and
1376 2458 89 75 ftars,
1484 2458 55 75 are
1556 2458 53 75 cut
1626 2458 289 75 perpendicularly,
1933 2458 37 75 or
1986 2458 34 75 at
2031 2458 88 75 right
2135 2458 123 75 angles,

1225 2505 44 75 by
1281 2505 56 75 the
1353 2505 137 75 horizon
1502 2505 11 75 ;
1540 2505 61 75 and
1618 2505 163 75 therefore
1796 2505 42 75 he
1855 2505 27 75 is
1900 2505 66 75 faid
1982 2505 35 75 to
2033 2505 83 75 have
2138 2505 19 75 a
2173 2505 88 75 right

1226 2551 132 75 pofition
1376 2551 40 75 of
1435 2551 55 75 the
1505 2551 126 75 fphere.
1679 2551 79 75 And
1779 2551 86 75 thefe
1883 2551 90 75 three
1990 2551 54 75 are
2061 2551 42 75 all
2116 2551 55 75 the
2195 2551 64 75 dif-
2273 2551 6 75 -

1225 2598 104 75 ferent
1347 2598 86 75 ways
1451 2598 71 75 that
1538 2598 55 75 the
1609 2598 112 75 fphere
1737 2598 58 75 can
1807 2598 52 75 .be
1875 2598 120 75 pofited
2020 2598 35 75 to
2080 2598 43 75 all
2146 2598 115 75 people

1225 2646 42 75 on
1283 2646 55 75 the
1355 2646 128 75 earth..

1227 2791 160 75 Chap.
1418 2791 72 75 IV.
1545 2791 80 75 The
1642 2791 240 75 Phenomena
1910 2791 48 75 of
1979 2791 67 75 the
2074 2791 185 75 Heavens

1284 2845 44 75 at
1354 2845 92 75 feen
1468 2845 106 75 from
1607 2845 182 75 different
1816 2845 119 75 farts
1971 2845 48 75 of
2047 2845 67 75 the
2144 2845 116 75 Solar

1283 2906 160 75 Syjlem,.

1275 3021 48 75 So
1342 3021 100 75 vaftly
1466 3021 90 75 great
1580 3021 28 75 is
1633 3021 56 75 the
1706 3021 139 75 diftance
1862 3021 40 75 of
1921 3021 56 75 the
1993 3021 100 75 ftarry
2109 3021 157 75 heavens*

1226 3068 70 75 that
1308 3068 32 75 if
1351 3068 122 75 viewed
1488 3068 86 75 from
1590 3068 62 75 any
1667 3068 72 75 part
1756 3068 39 75 of
1807 3068 56 75 the
1879 3068 83 75 folar
1978 3068 126 75 fyftem,
2130 3068 37 75 or
2184 3068 79 75 even

2168 3119 96 75 many
2277 3119 5 75 -
