2477 3395
550 139 36 75 B
645 139 42 75 U
748 139 33 75 F

1126 139 19 75 (
1206 139 81 75 687
1348 139 16 75 )

1704 139 215 75 BUI

223 212 74 75 with
316 212 16 75 a
350 212 62 75 gun
429 212 36 75 or
481 212 132 75 mortar,
630 212 94 75 being
739 212 59 75 lefs
815 212 191 75 dangerous,
1032 212 62 75 and
1107 212 95 75 eafier

222 259 135 75 carried,
382 259 76 75 than
475 259 104 75 whole
596 259 132 75 barrels.
786 259 100 75 They
903 259 53 75 are
972 259 138 75 likewife
1127 259 76 75 ufed

221 305 83 75 upon
322 305 18 75 a
355 305 127 75 battery
497 305 39 75 of
548 305 148 75 mortars,
720 305 51 75 for
785 305 134 75 holding
937 305 241 75 meal-powder.

177 351 273 75 BUDINGEN,
468 351 54 75 the
538 351 116 75 capita!
671 351 40 75 of
723 351 18 75 a
757 351 118 75 county
891 351 39 75 of
940 351 55 75 the
1012 351 83 75 fame
1112 351 92 75 name

222 399 32 75 in
271 399 177 75 Germany,
474 399 134 75 fituated
622 399 32 75 in
671 399 54 75 the
742 399 95 75 circle
849 399 39 75 of
895 399 55 75 the
966 399 99 75 upper
1082 399 119 75 Rhine,

223 443 96 75 about
335 443 121 75 twenty
473 443 88 75 miles
578 443 175 75 north-ealt
770 443 38 75 of
820 443 186 75 Frankfort.

175 490 185 75 BUDOA,
387 490 16 75 a
432 490 66 75 city
525 490 40 75 of
588 490 176 75 Dalmatia,
790 490 133 75 fituated
944 490 41 75 on
1011 490 56 75 the
1084 490 75 75 gulf
1170 490 39 75 of

222 536 133 75 Venice,
380 536 32 75 in
434 536 40 75 19
474 518 18 49 0
511 536 46 75 20
582 536 43 75 E.
643 536 87 75 long,
756 536 63 75 and
836 536 41 75 42
877 518 20 49 0
916 536 50 75 15'
983 536 49 75 N.
1049 536 57 75 lat.

270 582 31 75 ft
317 582 27 75 is
361 582 18 75 a
395 582 135 75 bilhop’s
547 582 62 75 fee.

175 628 242 75 BUDWEIS,
443 628 18 75 a
477 628 86 75 town
579 628 40 75 of
630 628 167 75 Bohemia,
823 628 135 75 fituated
982 628 40 75 on
1047 628 55 75 the
1119 628 86 75 river

220 673 160 75 Muldaw,
409 673 98 75 about
518 673 172 75 dixty-five
706 673 92 75 miles
821 673 93 75 louth
932 673 38 75 of
986 673 144 75 Prague:
1157 673 44 75 E.

224 719 87 75 long.
343 719 40 75 14
383 701 19 49 0
423 719 54 75 20'
477 719 12 75 ,
514 719 48 75 N.
580 719 57 75 lat.
656 719 77 75 49°.

175 766 217 75 BUDZIAC
408 766 209 75 Tartary,
636 766 17 75 a
670 766 134 75 country
820 766 118 75 fubjedl
956 766 34 75 to
1007 766 55 75 the
1077 766 127 75 Turks,

221 811 134 75 lituated
370 811 41 75 on
429 811 55 75 the
501 811 98 75 rivers
615 811 137 75 Neiller,
777 811 85 75 Bog,
888 811 63 75 and
975 811 122 75 Nieper
1111 811 11 75 ;
1148 811 56 75 ha-

221 856 76 75 ving
313 856 124 75 Poland
453 856 61 75 and
530 856 117 75 Rulfia,
673 856 41 75 on
738 856 55 75 the
815 856 98 75 north
925 856 10 75 ;
962 856 105 75 Little
1083 856 121 75 Tarta-

221 903 49 75 ry,
297 903 40 75 on
361 903 56 75 the
441 903 62 75 eaft
517 903 10 75 ;
553 903 56 75 the
636 903 182 75 Black-fea,
851 903 41 75 on
920 903 54 75 the
1003 903 114 75 fouth;
1144 903 62 75 and

221 949 193 75 Belfarabia,
439 949 42 75 on
498 949 56 75 the
570 949 86 75 weft.

175 995 292 75 BUEN-AYRE.
517 995 63 75 See
596 995 196 75 Bonaire.

174 1040 381 75 BUENOS-AYRES,
583 1040 60 75 one
666 1040 39 75 of
725 1040 55 75 the
793 1040 82 75 moft
892 1040 213 75 confiderable
1124 1040 79 75 Spa-

222 1087 64 75 nilh
303 1087 88 75 ports
408 1087 40 75 on
466 1087 54 75 the
538 1087 63 75 eaft
618 1087 83 75 coaft
717 1087 39 75 of
770 1087 103 75 South
893 1087 160 75 America,
1072 1087 134 75 fituated

222 1133 42 75 on
280 1133 56 75 the
352 1133 151 75 fouthern
527 1133 98 75 fhore.
644 1133 39 75 of
705 1133 55 75 the
784 1133 86 75 river
892 1133 104 75 Plata,
1022 1133 62 75 and
1108 1133 98 75 about

224 1179 73 75 fifty
314 1179 127 75 leagues
470 1179 83 75 from
577 1179 42 75 its
637 1179 111 75 mouth
762 1179 9 75 ;
798 1179 62 75 and
875 1179 54 75 yet
954 1179 75 75 here
1053 1179 54 75 the
1124 1179 85 75 river

223 1226 27 75 is
266 1226 60 75 full
344 1226 91 75 feven
452 1226 127 75 leagues
591 1226 123 75 broad:
740 1226 61 75 W.
813 1226 89 75 long.
922 1226 77 75 60®,
1018 1226 37 75 S.
1066 1226 45 75 lat
1128 1226 78 75 36°.

245 1244 4 104 ■
269 1270 31 75 It
317 1270 25 75 is
360 1270 18 75 a
395 1270 105 75 ftrong
516 1270 141 75 fortified
672 1270 88 75 town

177 1318 350 75 BUEN-RETIRO,
553 1318 18 75 a
588 1318 109 75 palace
720 1318 74 75 near
811 1318 147 75 Madrid,
982 1318 173 75 belonging
1172 1318 34 75 to

222 1362 54 75 the
292 1362 78 75 king
387 1362 39 75 of
445 1362 110 75 Spain.

176 1407 135 75 BUFF,
335 1407 32 75 in
384 1407 188 75 commerce,
597 1407 19 75 a
642 1407 67 75 fort
732 1407 40 75 of
793 1407 124 75 leather
945 1407 153 75 prepared
1120 1407 86 75 from

185 1435 5 49 ;
222 1453 56 75 the
294 1453 65 75 Ikin
377 1453 38 75 of
428 1453 55 75 the
494 1453 135 75 buffalo,
654 1453 120 75 which,
799 1453 122 75 dreffed
937 1453 78 75 with
1040 1453 56 75 oil,
1122 1453 84 75 after

223 1499 54 75 the
294 1499 129 75 manner
439 1499 40 75 of
493 1499 152 75 fhammy,
669 1499 108 75 makes
794 1499 86 75 what
899 1499 45 75 we
962 1499 61 75 call
1041 1499 163 75 biiff-fkin.

222 1545 83 75 This
324 1545 106 75 makes
448 1545 18 75 a
482 1545 77 75 very
576 1545 211 75 confiderable
803 1545 110 75 article
937 1545 32 75 in
994 1545 55 75 the
1065 1545 142 75 French,

223 1591 143 75 Englifh,
407 1591 62 75 and
502 1591 113 75 Dutch
652 1591 176 75 commerce
861 1591 33 75 at
930 1591 275 75 Conftantinople,

225 1637 148 75 Smyrna,
400 1637 61 75 and
495 1637 42 75 all
567 1637 95 75 along
687 1637 56 75 the
768 1637 83 75 coaft
879 1637 40 75 of
940 1637 128 75 Africa.
1129 1637 76 75 The

223 1683 81 75 fkins
337 1683 40 75 of
398 1683 81 75 elks,
512 1683 98 75 oxen,
646 1683 61 75 and
734 1683 173 75 other-like
934 1683 144 75 animals,
1112 1683 92 75 when

223 1729 153 75 prepared
392 1729 82 75 after
493 1729 55 75 the
565 1729 81 75 fame
664 1729 128 75 manner
809 1729 33 75 as
860 1729 70 75 that
947 1729 38 75 of
997 1729 55 75 the
1069 1729 135 75 buffalo,

225 1775 51 75 are
293 1775 137 75 likewife
447 1775 102 75 called
562 1775 103 75 buffs.

270 1822 226 75 Ofbuff-fkin,
521 1822 38 75 or
587 1822 219 75 buff-leather,
831 1822 56 75 are
913 1822 92 75 made
1029 1822 18 75 a
1079 1822 64 75 fort
1171 1822 41 75 of

226 1869 86 75 coats
329 1869 52 75 for
398 1869 54 75 the
479 1869 91 75 horfe
596 1869 37 75 or
650 1869 75 75 gens
741 1869 118 75 d’arms
876 1869 40 75 of
928 1869 133 75 France,
1088 1869 118 75 banda-

224 1914 86 75 liers,
337 1914 95 75 belts,
458 1914 139 75 pouches
614 1914 62 75 and
691 1914 122 75 gloves.

271 1960 36 75 In
326 1960 133 75 France,
483 1960 91 75 there
597 1960 54 75 are
663 1960 117 75 feveral
798 1960 243 75 manufactories
1058 1960 147 75 defigned

222 2006 52 75 for
289 2006 56 75 the
360 2006 133 75 drefling
509 2006 40 75 of
560 2006 89 75 thofe
666 2006 66 75 fort
758 2006 41 75 of
818 2006 104 75 hides,
946 2006 208 75 particularly
1171 2006 33 75 at

222 2051 145 75 Corbeil,
393 2051 73 75 near
483 2051 91 75 Paris
589 2051 12 75 ;
627 2051 32 75 at
675 2051 112 75 Niort,
805 2051 32 75 at
854 2051 127 75 Lyons,
997 2051 33 75 at
1047 2051 106 75 Rone,
1172 2051 33 75 at

222 2096 175 75 Etanepus,
423 2096 32 75 at
472 2096 105 75 Cone.

180 2143 235 75 BUFFALO,
439 2143 33 75 in
490 2143 153 75 zoology.
694 2143 60 75 See
771 2143 90 75 Bos.

183 2188 190 75 BUFFET
396 2188 64 75 was
488 2188 158 75 anciently
673 2188 19 75 a
715 2188 84 75 little
827 2188 189 75 apartment,
1042 2188 163 75 feparated

227 2234 82 75 from
327 2234 55 75 the
394 2234 60 75 reft
470 2234 41 75 of
522 2234 54 75 the
588 2234 90 75 room
695 2234 43 75 by
754 2234 122 75 {lender
897 2234 133 75 wooden
1048 2234 155 75 columns,

228 2278 53 75 for
308 2278 54 75 the
389 2278 156 75 difpofing
567 2278 39 75 of
624 2278 104 75 china,
754 2278 193 75 glafs-ware,
974 2278 65 75 &c.

271 2325 32 75 It
324 2325 27 75 is
367 2325 73 75 now
457 2325 148 75 properly
628 2325 19 75 a
662 2325 87 75 large
765 2325 85 75 table
866 2325 32 75 in
915 2325 18 75 a
949 2325 253 75 dinning-room,

225 2374 100 75 called
337 2374 64 75 alfo
416 2374 17 75 a
445 2374 195 75 fide-board,
663 2374 52 75 for
731 2374 55 75 the
802 2374 97 75 plate,
924 2374 123 75 glades,
1073 2374 130 75 bottles,

223 2418 124 75 bafons,
463 2418 36 75 to
513 2418 40 75 be
570 2418 112 75 placed
698 2418 55 75 on,
778 2418 33 75 as
832 2418 72 75 well
932 2418 51 75 for
1006 2418 55 75 the
1088 2418 117 75 feryiee

223 2464 40 75 ©f
276 2464 54 75 the
346 2464 98 75 table,
470 2464 33 75 as
526 2464 52 75 for
593 2464 236 75 magnificence.
878 2464 38 75 In
944 2464 113 75 houfes
1073 2464 40 75 of
1131 2464 73 75 pdr-

223 2510 71 75 fons
311 2510 39 75 of
361 2510 176 75 diftin&ion
560 2510 32 75 in
621 2510 133 75 France,
779 2510 55 75 the
850 2510 102 75 buffet
969 2510 26 75 is
1013 2510 17 75 a
1047 2510 167 75 detached!

224 2555 102 75 room,
354 2555 172 75 decorated
543 2555 75 75 with
635 2555 136 75 piftufes
787 2555 131 75 relative
941 2555 35 75 to
1000 2555 56 75 the
1072 2555 131 75 fubjeft,

223 2601 77 75 with
328 2601 172 75 fountains,
525 2601 126 75 cifterns
680 2601 62 75 and
768 2601 99 75 vafes.
931 2601 35 75 It
980 2601 26 75 is
1024 2601 181 75 commoaly

224 2647 91 75 faced
331 2647 78 75 with
425 2647 122 75 marble
561 2647 37 75 or
614 2647 133 75 bronze.

177 2696 239 75 BUFFOON,
441 2696 19 75 a
475 2696 83 75 droll
576 2696 37 75 or
628 2696 107 75 mimic
746 2696 74 75 who
837 2696 120 75 diverts
974 2696 55 75 the
1042 2696 107 75 public
1161 2696 44 75 by

222 2739 31 75 h'
253 2739 17 75 s
288 2739 200 75 pleafantries
510 2739 62 75 and
589 2739 117 75 follies.

177 2787 140 75 BUFO,
335 2787 32 75 in
384 2787 151 75 zoology,
552 2787 56 75 the
624 2787 105 75 trivial
747 2787 90 75 name
853 2787 193 75 ofafpecies
1064 2787 39 75 of
1114 2787 88 75 rana.

225 2831 59 75 See
297 2831 125 75 Rana.

176 2879 228 75 BUFONIA,
429 2879 32 75 in
477 2879 132 75 botany,
635 2879 18 75 a
676 2879 97 75 genus
802 2879 40 75 of
860 2879 55 75 the
931 2879 144 75 diandria
1090 2879 112 75 mono-

222 2926 94 75 gynsa
336 2926 91 75 clafs.
475 2926 75 75 The
567 2926 88 75 cahx
668 2926 26 75 is
708 2926 223 75 four-leaved.;
958 2926 55 75 the
1030 2926 101 75 petals
1148 2926 54 75 are

1260 199 3 75 ’
1302 199 94 75 four;
1424 199 62 75 and
1502 199 53 75 the
1572 199 123 75 capfule
1718 199 26 75 is
1768 199 191 75 unilocular,
1986 199 61 75 and
2064 199 142 75 contains
2224 199 66 75 two

1303 245 98 75 feeds.
1468 245 111 75 There
1596 245 26 75 is
1639 245 59 75 but
1713 245 61 75 one
1797 245 132 75 fpecies,
1955 245 70 75 viz,
2050 245 57 75 the
2122 245 168 75 tenuifolia

1303 292 36 75 or
1355 292 126 75 baftard
1496 292 212 75 chick-weed,
1734 292 19 75 a
1775 292 104 75 native
1903 292 40 75 of
1960 292 140 75 Britain.

1255 339 116 75 BUG,
1397 339 18 75 a
1432 339 95 75 river,
1553 339 117 75 which,
1697 339 110 75 taking
1832 339 42 75 its
1903 339 59 75 rife
1986 339 34 75 in
2050 339 58 75 red
2124 339 106 75 Ruflia
2256 339 36 75 irt

1303 385 135 75 Poland*
1463 385 75 75 runs
1567 385 172 75 norhward
1757 385 34 75 to
1808 385 108 75 Brefte
1932 385 10 75 ;
1969 385 60 75 and
2046 385 89 75 then,
2162 385 129 75 turning

1303 431 175 75 weftward,
1510 431 73 75 falls
1612 431 69 75 into
1706 431 56 75 the
1789 431 135 75 Weifel,
1959 431 38 75 or
2024 431 137 75 Viftula,
2186 431 106 75 below

1305 478 157 75 Warfaw.

1256 524 101 75 Bug,
1385 524 39 75 or
1450 524 130 75 Bugg,
1611 524 31 75 in
1669 524 152 75 zoology,
1851 524 55 75 the
1934 524 132 75 Englifh
2094 524 91 75 name
2213 524 41 75 of
2272 524 19 75 a

1304 571 115 75 fpecies
1436 571 40 75 of
1495 571 118 75 cimex.
1663 571 62 75 See
1742 571 145 75 Cimex.

1256 618 184 75 BUGEN,
1466 618 18 75 a
1495 618 87 75 town
1602 618 41 75 of
1661 618 114 75 Japan,
1802 618 55 75 the
1874 618 115 75 capital
2005 618 41 75 of
2065 618 55 75 the
2136 618 155 75 kingdom

1304 663 39 75 of
1362 663 79 75 that,
1449 663 103 75 name,
1577 663 222 75 intheifleof
1817 663 111 75 Ximo.

1257 711 179 75 BUGEY,
1463 711 18 75 a
1496 711 154 75 territory
1665 711 34 75 in
1715 711 133 75 France,
1871 711 94 75 being
1981 711 55 75 the
2052 711 92 75 fouth
2162 711 130 75 divifion

1305 756 38 75 of
1363 756 120 75 Breffei
1509 756 32 75 in
1558 756 190 75 Burgundy,
1774 756 41 75 on
1833 756 54 75 the
1904 756 150 75 frontiers
2073 756 41 75 of
2133 756 120 75 Savoy.

1258 804 294 75 BUGGASINS,
1577 804 32 75 in
1621 804 189 75 commerce,
1829 804 18 75 a
1864 804 89 75 name
1966 804 91 75 given
2074 804 36 75 to
2120 804 170 75 buckrams

1304 849 91 75 made
1418 849 40 75 of
1476 849 132 75 callico:
1642 849 88 75 thefe
1755 849 63 75 pay
1843 849 18 75 a
1886 849 94 75 duty,
2005 849 40 75 on
2071 849 219 75 importation,

1304 895 38 75 of
1367 895 54 75 is.
1439 895 130 75 2-r^d',
1593 895 68 75 the'
1674 895 74 75 half
1767 895 87 75 piece
1866 895 10 75 ;
1902 895 149 75 whereof
2067 895 12 75 1
2092 895 28 75 s.
2137 895 108 75 -j%Tyd.
2263 895 27 75 is

1303 942 107 75 drawn
1428 942 82 75 back
1526 942 42 75 on
1585 942 217 75 exportation.

1258 990 245 75 BUGGERS,
1528 990 32 75 in
1586 990 269 75 church-hiftory,
1887 990 56 75 the
1968 990 83 75 fame
2074 990 79 75 with
2178 990 112 75 bulga-

1305 1035 94 75 rians.
1425 1035 17 75 a
1458 1035 62 75 fed!
1536 1035 41 75 of
1592 1035 136 75 heretics
1746 1035 117 75 which,
1890 1035 141 75 amongft
2055 1035 94 75 other
2171 1035 121 75 errors,

1303 1081 89 75 held,
1416 1081 71 75 that
1504 1081 72 75 men
1593 1081 100 75 ought
1710 1081 35 75 to
1769 1081 121 75 believe
1913 1081 43 75 no
1979 1081 154 75 feripture
2156 1081 57 75 but
2235 1081 56 75 the

1303 1127 85 75 New
1409 1127 209 75 Teftament;
1651 1127 70 75 that
1745 1127 132 75 baptifm
1901 1127 65 75 was
1991 1127 57 75 not
2073 1127 157 75 neceflary
2255 1127 36 75 to

1302 1174 118 75 infants
1431 1174 10 75 ;
1468 1174 71 75 that
1554 1174 157 75 hufbands
1724 1174 74 75 who
1815 1174 171 75 converfed
2002 1174 79 75 with
2098 1174 85 75 their
2195 1174 96 75 wives

1305 1221 94 75 could
1415 1221 55 75 not
1488 1221 38 75 be
1543 1221 112 75 faved;
1683 1221 61 75 and
1769 1221 71 75 that
1865 1221 39 75 an
1929 1221 76 75 oath
2028 1221 65 75 Was
2116 1221 177 75 abfolutely

1305 1266 166 75 unlawful.

1256 1315 284 75 BUGGERER,
1566 1315 18 75 a
1601 1315 111 75 perfon
1729 1315 75 75 who
1829 1315 26 75 is
1878 1315 105 75 guilty
2005 1315 41 75 of
2064 1315 56 75 the
2142 1315 97 75 crime
2257 1315 41 75 of

1304 1360 155 75 buggery.
1511 1360 61 75 See
1589 1360 55 75 the
1658 1360 79 75 next
1754 1360 122 75 article.

1256 1406 248 75 BUGGERY,
1530 1406 26 75 is
1579 1406 125 75 defined
1721 1406 43 75 by
1790 1406 53 75 Sir
1868 1406 142 75 Edward
2034 1406 92 75 Coke
2152 1406 34 75 to
2210 1406 39 75 be
2274 1406 19 75 a

1303 1454 104 75 carnal
1425 1454 181 75 copulation
1624 1454 117 75 againft
1759 1454 122 75 nature,
1906 1454 104 75 either
2033 1454 43 75 by
2098 1454 56 75 the
2179 1454 112 75 confu-

1301 1498 63 75 fion
1382 1498 40 75 of
1442 1498 129 75 fpecies,
1597 1498 69 75 that
1684 1498 26 75 is
1727 1498 35 75 to
1778 1498 67 75 fay,
1871 1498 19 75 a
1906 1498 71 75 man
2003 1498 38 75 or
2067 1498 122 75 woman
2210 1498 80 75 with

1304 1545 17 75 a
1337 1545 93 75 brute
1445 1545 108 75 beaft;
1581 1545 36 75 or
1633 1545 103 75 fexes,
1756 1545 33 75 as
1806 1545 19 75 a
1841 1545 71 75 man
1930 1545 77 75 with
2021 1545 17 75 a
2055 1545 83 75 man,
2164 1545 38 75 or
2218 1545 73 75 man

1303 1592 202 75 unnaturally
1529 1592 78 75 with
1632 1592 19 75 a
1673 1592 137 75 woman.
1859 1592 33 75 It
1908 1592 27 75 is
1952 1592 66 75 faid
2035 1592 63 75 this
2116 1592 40 75 fin
2174 1592 118 75 againft

1304 1638 77 75 God
1398 1638 63 75 and
1477 1638 111 75 nature
1605 1638 65 75 was
1685 1638 65 75 firft
1762 1638 141 75 brought
1920 1638 68 75 into
2009 1638 150 75 England
2175 1638 43 75 by
2235 1638 57 75 the

1304 1684 201 75 Lombards;
1532 1684 61 75 and
1609 1684 172 75 anciently,
1807 1684 170 75 according
1992 1684 35 75 to
2048 1684 86 75 fome
2152 1684 136 75 writers,

1302 1732 26 75 it
1345 1732 64 75 was
1422 1732 181 75 punifhable
1620 1732 77 75 with
1723 1732 156 75 burning;
1905 1732 58 75 but
1988 1732 110 75 others
2121 1732 65 75 fay,
2211 1732 79 75 with

1268 1777 4 75 .
1303 1777 136 75 burying
1456 1777 92 75 alive.
1598 1777 31 75 It
1646 1777 39 75 is,
1709 1777 45 75 by
1768 1777 126 75 ftatute,
1920 1777 109 75 felony
2045 1777 137 75 without
2194 1777 98 75 bene-

1303 1823 34 75 fit
1356 1823 39 75 of
1414 1823 121 75 clergy,
1561 1823 61 75 and
1640 1823 25 75 is
1686 1823 117 75 always
1820 1823 158 75 excepted
1995 1823 56 75 out
2068 1823 39 75 of
2128 1823 18 75 a
2162 1823 130 75 general

1305 1870 132 75 pardon.

1256 1917 168 75 BUGIA,
1450 1917 18 75 a
1486 1917 176 75 port-town
1679 1917 40 75 of
1739 1917 54 75 the
1809 1917 153 75 kingdom
1976 1917 40 75 of
2028 1917 142 75 Algiers,
2195 1917 31 75 in
2240 1917 49 75 A-

1302 1963 93 75 frica,
1419 1963 136 75 fituated
1571 1963 98 75 about
1685 1963 84 75 fixty
1784 1963 90 75 miles
1891 1963 62 75 eaft
1969 1963 41 75 of
2027 1963 56 75 the
2100 1963 64 75 city
2177 1963 40 75 of
2228 1963 61 75 Al-

1303 2009 83 75 giers
1398 2009 9 75 ;
1435 2009 43 75 E.
1496 2009 89 75 long.
1605 2009 20 75 4
1625 1991 18 49 0
1643 2009 14 75 ,
1682 2009 47 75 N.
1748 2009 58 75 lat.
1827 2009 66 75 35®
1913 2009 67 75 3c/.

1255 2056 165 75 BUGIE,
1447 2056 18 75 a
1480 2056 178 75 port-town
1674 2056 40 75 of
1732 2056 124 75 Egypt,
1881 2056 134 75 fituated
2030 2056 43 75 on
2089 2056 55 75 the
2157 2056 131 75 weftern

1270 2102 3 75 .
1301 2102 89 75 Ihore
1416 2102 40 75 of
1474 2102 56 75 the
1554 2102 153 75 Red-fea,
1734 2102 109 75 almoft
1868 2102 142 75 oppofite
2033 2102 35 75 to
2095 2102 113 75 Ziden,
2234 2102 58 75 the

1302 2148 175 75 port-town
1496 2148 34 75 to
1546 2148 129 75 Mecca,
1702 2148 59 75 and
1781 2148 96 75 about
1900 2148 64 75 100
1981 2148 89 75 miles
2088 2148 74 75 weft
2182 2148 40 75 of
2240 2148 47 75 it;

1303 2192 43 75 E.
1364 2192 88 75 long.
1473 2192 75 75 36®,
1574 2192 47 75 N.
1640 2192 59 75 lat.
1719 2192 78 75 22°.

1256 2241 179 75 BUGLE,
1461 2241 31 75 in
1504 2241 135 75 botany.
1689 2241 250 75 SeeAujuGA,

1256 2287 235 75 BUGLOSS,
1516 2287 31 75 in
1565 2287 131 75 botany.
1747 2287 61 75 See
1825 2287 206 75 Anchusa.

1256 2333 108 75 Viper'
1364 2333 17 75 s
1399 2333 194 75 Bugloss,
1610 2333 32 75 in
1659 2333 133 75 botany.
1843 2333 60 75 See
1919 2333 179 75 Ecmt/M.

1255 2380 217 75 BUGULA,
1498 2380 149 75 Bugue,
1674 2380 31 75 in
1724 2380 131 75 botany.
1906 2380 61 75 See
1984 2380 174 75 Adjuga.

1255 2425 147 75 BUHL,
1423 2425 18 75 a
1456 2425 84 75 little
1556 2425 131 75 fortrefs
1703 2425 31 75 in
1753 2425 138 75 Swabia,
1909 2425 98 75 about
2018 2425 47 75 fix
2077 2425 89 75 miles
2180 2425 108 75 fouth-

1301 2471 62 75 eaft
1387 2471 40 75 of
1446 2471 197 75 Stolhoffen,
1673 2471 62 75 and
1761 2471 144 75 nineteen
1930 2471 178 75 north-eaft
2121 2471 40 75 of
2181 2471 103 75 Straf-

1301 2518 93 75 burg.

1255 2565 257 75 BUILDING,
1538 2565 18 75 a
1572 2565 101 75 fabric
1689 2565 123 75 erefted
1836 2565 43 75 by
1896 2565 61 75 art,
1983 2565 103 75 either
2110 2565 52 75 for
2186 2565 98 75 devo-

1300 2611 121 75 votion,
1447 2611 51 75 for
1515 2611 236 75 magnificence,
1776 2611 37 75 or
1831 2611 51 75 for
1899 2611 227 75 conveniency.

1256 2657 143 75 Regular
1415 2657 214 75 Buildung,
1655 2657 26 75 is
1702 2657 72 75 that
1798 2657 106 75 whofe
1929 2657 72 75 plan
2026 2657 27 75 is
2077 2657 125 75 fquare,
2228 2657 55 75 the

1301 2704 139 75 oppofite
1463 2704 78 75 fides
1557 2704 108 75 equal,
1691 2704 63 75 and
1770 2704 56 75 the
1841 2704 88 75 parts
1946 2704 142 75 difpofed
2107 2704 78 75 with
2203 2704 81 75 fym-

1302 2749 122 75 metry.

1256 2797 170 75 Irregular
1441 2797 215 75 Building,
1683 2797 71 75 that
1777 2797 107 75 whofe
1908 2797 72 75 plan
1998 2797 27 75 is
2042 2797 57 75 not
2115 2797 170 75 contained

1302 2843 77 75 with
1397 2843 93 75 equal
1507 2843 38 75 or
1561 2843 128 75 parallel
1708 2843 93 75 lines,
1826 2843 102 75 either
1950 2843 43 75 by
2013 2843 55 75 the
2085 2843 143 75 accident
2252 2843 40 75 of

1302 2890 156 75 fituation,
1477 2890 37 75 or
1532 2890 55 75 the
1604 2890 104 75 defign
1727 2890 39 75 of
1777 2890 55 75 the
1843 2890 137 75 builder,
2000 2890 62 75 and
2078 2890 105 75 whofe
2199 2890 96 75 parts,

1300 2938 52 75 are
1369 2938 57 75 not
1443 2938 133 75 relative
1589 2938 34 75 to
1640 2938 59 75 one
1718 2938 133 75 another
1868 2938 30 75 in
1910 2938 61 75 ‘the
1988 2938 170 75 elevation.

2121 2992 173 75 Infulaisd.
