2397 3387
2093 56 158 75 (*585)

537 47 36 75 B
662 47 40 75 O
792 47 41 75 O
921 47 38 75 K
1009 47 16 75 -
1076 47 38 75 K

129 105 98 75 terms
253 105 130 75 Debtor
408 105 61 75 and
488 105 166 75 Creditor,
678 105 131 75 becaufe
833 105 85 75 their
942 105 149 75 common
1109 105 52 75 ac-

132 149 163 75 ceptation
314 149 106 75 comes
437 149 109 75 nearer
565 149 35 75 to
617 149 55 75 the
689 149 91 75 thing
792 149 76 75 here
880 149 109 75 meant
1006 149 76 75 than
1101 149 63 75 any

134 196 94 75 other
253 196 75 75 they
346 196 95 75 could
457 196 95 75 think
576 196 54 75 on.
680 196 52 75 By
750 196 104 75 means
873 196 39 75 of
936 196 88 75 thefe
1048 196 113 75 terms,

134 245 56 75 the
204 245 64 75 two
287 245 98 75 parts,
409 245 30 75 in
453 245 60 75 any
530 245 68 75 cafe
614 245 40 75 of
662 245 54 75 the
728 245 227 75 Wafte-book,
974 245 90 75 when
1078 245 83 75 poll-

132 291 41 75 ed
191 291 35 75 to
243 291 203 75 thejournal,
471 291 52 75 are
540 291 236 75 denominated,
802 291 54 75 the
873 291 59 75 one
951 291 54 75 the
1023 291 139 75 Debtor,

131 338 65 75 and
226 338 55 75 the
305 338 95 75 other
423 338 55 75 the
505 338 163 75 Creditor,
694 338 39 75 of
753 338 68 75 that
846 338 68 75 port
976 338 76 75 And
1071 338 90 75 when

136 383 124 75 carried
288 383 84 75 from
402 383 115 75 thence
547 383 33 75 to
604 383 55 75 the
684 383 142 75 Ledger,
860 383 55 75 the
947 383 142 75 Deotor,
1127 383 37 75 or

135 428 132 75 Debtor
283 428 84 75 part,
389 428 26 75 is
439 428 130 75 entered
594 428 83 75 upon
701 428 55 75 the
773 428 58 75 left
849 428 62 75 fide
930 428 116 75 (hence
1062 428 105 75 called

136 477 55 75 the
216 477 126 75 Debtor
346 477 101 75 fide)
477 477 40 75 of
537 477 41 75 its
601 477 72 75 own
691 477 148 75 account,
866 477 104 75 where
988 477 25 75 it
1029 477 26 75 is
1073 477 91 75 char-

134 524 63 75 ged
216 524 125 75 Debtor
357 524 36 75 to
410 524 54 75 the
476 524 151 75 Creditor
638 524 94 75 part.
782 524 118 75 Again,
927 524 54 75 the
998 524 166 75 Creditor,

136 571 36 75 or
198 571 155 75 Creditor
380 571 83 75 part,
489 571 26 75 is
544 571 108 75 ported
668 571 35 75 to
720 571 52 75 the
792 571 84 75 right
893 571 75 75 fide,
993 571 38 75 or
1048 571 101 75 Credr

134 618 133 75 tor-fide
284 618 40 75 of
334 618 42 75 its
389 618 158 75 accompt,
565 618 62 75 and
644 618 89 75 made
750 618 151 75 Creditor
916 618 42 75 by
971 618 55 75 the
1039 618 126 75 Debtor

131 665 94 75 fait.
276 665 111 75 Hence
415 665 114 75 Italian
558 665 238 75 book-keeping
823 665 26 75 is
874 665 65 75 laid
957 665 35 75 to
1008 665 39 75 be
1064 665 18 75 a
1099 665 64 75 me-

137 711 81 75 thod
235 711 37 75 of
285 711 135 75 keeping
436 711 160 75 accompts
613 711 42 75 by
668 711 115 75 double
796 711 104 75 entry,
927 711 130 75 becaufe
1069 711 97 75 every

136 757 95 75 fingle
249 757 68 75 cafe
333 757 33 75 of
384 757 52 75 the
448 757 213 75 Warte-book
679 757 142 75 requires
841 757 31 75 at
885 757 72 75 lead
969 757 64 75 two
1046 757 119 75 entries

137 804 33 75 in
189 804 53 75 the
259 804 143 75 Ledger,
420 804 70 75 viz.
516 804 60 75 one
589 804 50 75 for
656 804 53 75 the
727 804 143 75 Debtor,
895 804 63 75 and
971 804 134 75 another
1114 804 52 75 for

136 851 57 75 the
210 851 165 75 Creditor.

185 896 64 75 We
262 896 75 75 fhall
346 896 152 75 illuftrate
507 896 85 75 what
602 896 56 75 has
671 896 79 75 been
766 896 67 75 faid
850 896 43 75 by
905 896 66 75 two
987 896 177 75 examples.

137 943 97 75 Firji,
261 943 142 75 Suppofe
420 943 19 75 a
455 943 162 75 merchant
629 943 81 75 buys
729 943 16 75 a
763 943 72 75 pipe
851 943 33 75 of
903 943 80 75 wine
1000 943 51 75 for
1070 943 97 75 ready

135 990 129 75 money,
290 990 55 75 the
362 990 65 75 two
446 990 84 75 parts
547 990 30 75 in
596 990 64 75 this
673 990 68 75 cafe
758 990 67 75 are,
841 990 56 75 the
910 990 80 75 wine
1007 990 157 75 received,

135 1036 64 75 and
216 1036 56 75 the
298 1036 116 75 money
430 1036 161 75 delivered
609 1036 51 75 for
676 1036 41 75 it'
738 1036 106 75 which
868 1036 54 75 are
939 1036 228 75 charadlerifed

135 1083 44 75 by
205 1083 56 75 the
285 1083 97 75 terms
409 1083 125 75 Debtor
558 1083 60 75 and
636 1083 150 75 Creditor
811 1083 31 75 in
867 1083 55 75 the
946 1083 219 75 Journal-poll

135 1128 96 75 thus:
257 1128 91 75 Wine
366 1128 51 75 Dr
435 1128 34 75 to
486 1128 227 75 cajhwhere
730 1128 55 75 the
803 1128 146 75 meaning
965 1128 37 75 is,
1024 1128 141 75 (though

136 1173 36 75 to
188 1173 128 75 exprefs
329 1173 25 75 it
371 1173 33 75 fo
416 1173 25 75 is
458 1173 173 75 needlefs),
649 1173 71 75 that
732 1173 33 75 as
777 1173 92 75 Wine
878 1173 3 75 '
881 1173 5 75 \
887 1173 15 75 %
916 1173 195 75 DrioCajh,
1129 1173 35 75 lb

136 1221 85 75 Cajh
237 1221 26 75 is
280 1221 48 75 Cr
345 1221 42 75 by
403 1221 105 75 Wine.
558 1221 77 75 And
653 1221 204 75 accordingly
874 1221 92 75 when
991 1221 122 75 carried
1131 1221 35 75 to

137 1267 55 75 the
209 1267 142 75 Ledger,
378 1267 53 75 the
448 1267 247 75 Wine-aecompt
723 1267 26 75 is
775 1267 138 75 charged
939 1267 51 75 Dr
1007 1267 35 75 to
1067 1267 95 75 Cajh,

137 1312 63 75 and
225 1312 54 75 the
304 1312 240 75 Cafh-accompt
573 1312 26 75 is
625 1312 92 75 made
747 1312 48 75 Cr
823 1312 42 75 by
890 1312 102 75 Wine.
1043 1312 119 75 Again,

138 1359 86 75 tidly.
250 1359 115 75 Admit
378 1359 55 75 the
450 1359 163 75 me/chant
630 1359 72 75 fells
715 1359 63 75 this
796 1359 71 75 pipe
879 1359 37 75 of
933 1359 78 75 wine
1025 1359 50 75 for
1093 1359 67 75 pre-

136 1406 69 75 fent
228 1406 127 75 money,
379 1406 32 75 in
430 1406 64 75 this
511 1406 69 75 cafe
597 1406 56 75 the
680 1406 66 75 two
776 1406 84 75 parts
878 1406 53 75 are
959 1406 55 75 the
1031 1406 82 75 fame
1129 1406 34 75 as

135 1450 134 75 before;
295 1450 57 75 but
388 1450 91 75 when
508 1450 128 75 clothed
656 1450 76 75 with
752 1450 131 75 Debtor
910 1450 60 75 and
996 1450 166 75 Creditor,

136 1497 67 75 will
231 1497 88 75 (land
345 1497 141 75 inverted
513 1497 74 75 thus
600 1497 8 75 :
636 1497 83 75 Cajh
746 1497 50 75 Dr
815 1497 34 75 to
866 1497 101 75 Wine.
1017 1497 77 75 And
1111 1497 37 75 ac

136 1543 179 75 cprdingly,
341 1543 31 75 in
396 1543 55 75 the
468 1543 142 75 Ledger,
636 1543 55 75 the
715 1543 241 75 Cajh-accompt
980 1543 25 75 is
1024 1543 139 75 charged

136 1589 54 75 Dr
207 1589 35 75 to
258 1589 102 75 Wine,
386 1589 59 75 and
464 1589 53 75 the
534 1589 247 75 Wine-accompt
799 1589 69 75 gets
885 1589 103 75 credit
1006 1589 41 75 by
1063 1589 98 75 Cajh.

135 1637 99 75 From
251 1637 41 75 all
311 1637 102 75 which
432 1637 23 75 it
472 1637 26 75 is
516 1637 140 75 evident,
682 1637 56 75 the
755 1637 97 75 terms
871 1637 126 75 Debtor
1086 1637 76 75 Cre-

135 1682 87 75 ditor
224 1682 46 75 /ax
272 1682 17 75 z
304 1682 132 75 nothing
448 1682 62 75 elfe
526 1682 58 75 but
597 1682 105 75 marks
716 1682 36 75 or
764 1682 245 75 charaifterillks
1026 1682 141 75 flamped

135 1728 85 75 upon
236 1728 56 75 the
315 1728 151 75 different
491 1728 88 75 parts
603 1728 38 75 of
665 1728 204 75 tranfadtions
896 1728 33 75 in
947 1728 52 75 the
1017 1728 146 75 Journal,

135 1774 176 75 exprelling
327 1774 55 75 the
394 1774 134 75 relation
545 1774 36 75 of
596 1774 87 75 thefe
700 1774 86 75 parts
806 1774 34 75 to
853 1774 59 75 one
930 1774 146 75 another,
1102 1774 64 75 and

136 1821 138 75 fhewing
292 1821 33 75 to
344 1821 103 75 which
465 1821 62 75 fide
544 1821 39 75 of
597 1821 83 75 their
698 1821 169 75 refpedtive
883 1821 163 75 accompts
1062 1821 31 75 in
1111 1821 55 75 the

136 1868 133 75 Ledger
282 1868 74 75 they
370 1868 53 75 are
436 1868 34 75 to
488 1868 39 75 be
544 1868 137 75 carried.

277 1941 131 75 Rules
428 1941 144 75 relating
589 1941 244 75 toDebtorand
845 1941 167 75 Creditor.

181 2006 17 75 I
230 2006 32 75 A
279 2006 90 75 thing
385 2006 145 75 received
548 2006 84 75 upon
650 2006 90 75 truft,
758 2006 26 75 is
809 2006 52 75 Dr
880 2006 34 75 to
932 2006 54 75 the
999 2006 113 75 perfop
1130 2006 41 75 of

133 2053 107 75 whom
258 2053 23 75 it
299 2053 27 75 is
343 2053 158 75 received.

183 2097 45 75 II.
246 2097 77 75 The
337 2097 109 75 perfon
463 2097 147 75 towhom
621 2097 17 75 a
650 2097 91 75 thing
758 2097 26 75 is
796 2097 161 75 delivered
975 2097 84 75 upon
1072 2097 91 75 trurt,

132 2142 27 75 is
179 2142 52 75 Dr
242 2142 36 75 to
294 2142 55 75 the
362 2142 91 75 thing
469 2142 172 75 delivered.

182 2188 51 75 Ill
270 2188 30 75 A
319 2188 90 75 ihing
421 2188 158 75 received,
604 2188 25 75 is
649 2188 52 75 Dr
719 2188 34 75 to
771 2188 55 75 the
843 2188 90 75 thing
951 2188 92 75 given
1057 2188 51 75 for
1124 2188 38 75 it.

182 2235 64 75 IV.
271 2235 37 75 In
325 2235 188 75 antecedent
526 2235 61 75 and
606 2235 55 75 fub
675 2235 119 75 equent
811 2235 97 75 cafes,
928 2235 85 75 parts
1028 2235 70 75 that
1110 2235 55 75 are

134 2282 55 75 the
203 2282 122 75 reverfe
336 2282 41 75 of
382 2282 61 75 one
460 2282 134 75 another
610 2282 30 75 in
660 2282 53 75 the
731 2282 110 75 nature
858 2282 39 75 of
910 2282 55 75 the
982 2282 102 75 thing,
1110 2282 54 75 are

134 2328 65 75 alfo
216 2328 138 75 oppoied
372 2328 31 75 in
422 2328 116 75 relptdl
556 2328 37 75 of
602 2328 111 75 terms.

182 2374 32 75 V
246 2374 38 75 In
312 2374 84 75 cafes
426 2374 105 75 where
557 2374 140 75 perfonal
723 2374 61 75 and
803 2374 63 75 real
885 2374 69 75 Drs
975 2374 37 75 or
1029 2374 62 75 Crs
1109 2374 53 75 are

133 2420 151 75 wanting,
305 2420 55 75 the
375 2420 105 75 detedl
497 2420 77 75 muft
594 2420 37 75 be
651 2420 139 75 fupplied
809 2420 42 75 by
864 2420 147 75 fidlitious
1024 2420 85 75 ones.

181 2468 63 75 VI.
264 2468 38 75 In
315 2468 149 75 complex
482 2468 95 75 cafes,
597 2468 55 75 the
669 2468 116 75 fundry
799 2468 69 75 Drs
884 2468 36 75 or
935 2468 63 75 Crs
1009 2468 55 75 are
1077 2468 35 75 to
1124 2468 40 75 be

133 2513 73 75 mar'
206 2513 19 75 e
241 2513 57 75 out
316 2513 82 75 from
416 2513 54 75 the
494 2513 169 75 preceding
678 2513 84 75 rules
774 2513 120 75 jointly
910 2513 108 75 taken.

180 2559 66 75 We
262 2559 71 75 now
353 2559 132 75 proceed
498 2559 35 75 to
547 2559 52 75 ihe
613 2559 169 75 particular
794 2559 192 75 application
1003 2559 40 75 of
1056 2559 105 75 Debt-

133 2607 37 75 or
186 2607 59 75 and
264 2607 149 75 Creditor
430 2607 31 75 in
478 2607 55 75 the
549 2607 119 75 feveral
686 2607 153 75 branches
856 2607 40 75 of
908 2607 103 75 trade,
1037 2607 70 75 viz.

180 2653 29 75 I.
229 2653 126 75 Proper
370 2653 107 75 trade,
495 2653 104 75 which
615 2653 19 75 a
649 2653 163 75 merchant
828 2653 116 75 carries
957 2653 40 75 on
1011 2653 51 75 for
1078 2653 83 75 him-

131 2700 71 75 felf.

180 2749 47 75 II.
248 2749 79 75 Faft
329 2749 34 75 or
365 2749 70 75 age,
461 2749 106 75 which
584 2749 41 75 he
640 2749 149 75 manages
807 2749 51 75 for
882 2749 145 75 another,
1056 2749 107 75 called

131 2792 47 75 his
196 2792 179 75 Employer.

178 2843 65 75 HI.
270 2843 230 75 Partnerjhip,
525 2843 105 75 which
646 2843 27 75 is
689 2843 125 75 carried
829 2843 41 75 on
886 2843 43 75 by
946 2843 18 75 a
976 2843 127 75 truftee,
1127 2843 34 75 in

133 2887 89 75 name
238 2887 40 75 of
289 2887 43 75 all
348 2887 56 75 the
420 2887 158 75 partners.

1202 43 34 75 E
1322 43 36 75 E
1446 43 34 75 P
1568 43 17 75 I
1673 43 42 75 N
1805 43 53 75 G.

1471 116 28 75 i.
1527 116 52 75 IN
1597 116 191 75 PROPER
1804 116 186 75 TRADE.

1259 184 152 75 Proper
1429 184 91 75 trade
1536 184 27 75 is
1581 184 102 75 either
1700 184 152 75 domeftic
1874 184 37 75 or
1930 184 137 75 foreign.
2120 184 126 75 Proper

1212 232 150 75 doniejiic
1378 232 107 75 trade,
1512 232 26 75 is
1564 232 70 75 that
1663 232 105 75 which
1787 232 17 75 a
1830 232 163 75 merchant
2011 232 117 75 carries
2144 232 41 75 on
2205 232 41 75 by

1213 278 139 75 himfelf,
1379 278 136 75 without
1540 278 55 75 the
1611 278 76 75 help
1705 278 40 75 of
1768 278 17 75 a
1804 278 114 75 fadtor.
1968 278 128 75 Proper
2109 278 137 75 Joreign

1213 325 109 75 trade,
1344 325 29 75 is
1392 325 56 75 the
1465 325 136 75 bufinels
1619 325 71 75 that
1713 325 113 75 occurs
1850 325 36 75 to
1909 325 18 75 a
1943 325 165 75 merchant
2127 325 40 75 by
2180 325 67 75 em-

1211 371 131 75 ploying
1360 371 18 75 a
1396 371 112 75 fadtor.

1253 443 58 75 ijl.
1336 443 130 75 Debtor
1482 443 70 75 and
1568 443 153 75 Creditor
1738 443 131 75 applied
1882 443 36 75 in
1930 443 118 75 proper
2062 443 152 75 domeftic

1673 488 106 75 trade.

1262 558 156 75 Proper
1437 558 153 75 domeftic
1610 558 103 75 irade,
1738 558 232 75 comprehends
1990 558 53 75 the
2068 558 178 75 inventory,

1216 606 134 75 buying,
1367 606 140 75 Jelling,
1524 606 182 75 bartering,
1726 606 163 75 receiving
1913 606 117 75 money,
2056 606 60 75 and
2128 606 123 75 paying

1216 653 121 75 money.
1387 653 57 75 To
1461 653 77 75 each
1556 653 35 75 of
1620 653 86 75 thefe
1725 653 47 75 we
1788 653 75 75 fhall
1883 653 92 75 afiign
1992 653 17 75 a
2027 653 122 75 diftmdt
2176 653 73 75 pro-

1218 700 85 75 blem
1321 700 10 75 ;
1356 700 75 75 and,
1456 700 35 75 to
1510 700 129 75 prevent
1658 700 178 75 burdening
1853 700 55 75 the
1925 700 47 75 lea
1992 700 82 75 ners
2093 700 156 75 memory,

1216 746 46 75 we
1278 746 77 75 fhall
1373 746 122 75 deliver
1511 746 55 75 the
1578 746 116 75 feverai
1709 746 85 75 cafes
1807 746 34 75 as
1855 746 256 75 compendioufly
2128 746 33 75 as
2181 746 67 75 pcf-

1216 792 85 75 fible,
1327 792 179 75 fubjoining
1525 792 34 75 to
1576 792 76 75 each
1673 792 143 75 problem
1834 792 74 75 fuch
1931 792 90 75 notes
2044 792 33 75 as
2096 792 81 75 feem
2194 792 56 75 ne-

1217 839 118 75 ceflary
1352 839 51 75 for
1420 839 140 75 clearing
1577 839 60 75 any
1658 839 89 75 thing
1764 839 70 75 that
1859 839 142 75 requires
2027 839 124 75 further
2175 839 74 75 illu-

1216 885 143 75 llration.
1242 920 29 75 h\
1287 920 28 75 B.
1331 920 33 75 A
1373 920 37 75 vve
1420 920 63 75 refer
1492 920 63 75 from
1565 920 43 75 the
1617 920 65 75 cafes
1691 920 47 75 and
1747 920 73 75 notes
1829 920 30 75 of
1868 920 60 75 each
1941 920 123 75 problem,
2078 920 27 75 to
2113 920 43 75 the
2166 920 85 75 exam-

1216 946 51 75 ples
1276 946 29 75 of
1311 946 42 75 the
1364 946 189 75 irafc-bootymA
1561 946 116 75 JoumaL,
1689 946 32 75 by
1730 946 43 75 the
1783 946 89 75 dates^
1881 946 27 75 fo
1916 946 38 75 we
1963 946 64 75 have
2035 946 72 75 made
2116 946 67 75 tife^.
2183 946 11 75 f
2206 946 45 75 let-

1214 1001 85 75 blems,
1315 1001 82 75 which
1405 1001 42 75 the
1456 1001 85 75 reader
1551 1001 127 75 willealily
1685 1001 111 75 obferee.

1263 1071 100 75 Prob.
1394 1071 30 75 i.
1449 1071 46 75 A.
1545 1071 130 75 Debtor
1774 1071 154 75 Creditor
1944 1071 173 75 *?/>/>////o
2142 1071 57 75 the

1664 1115 183 75 inventory.

1260 1182 76 75 The
1353 1182 307 75 inventory-coaCifts,
1677 1182 39 75 of
1740 1182 66 75 two
1833 1182 100 75 parts,
1959 1182 59 75 and
2037 1182 211 75 accordingly

1214 1227 25 75 is
1252 1227 204 75 journalized
1475 1227 31 75 at
1525 1227 106 75 twice,
1658 1227 71 75 viz.
1767 1227 10 75 i
1823 1227 159 75 Sundries
1999 1227 66 75 Drs
2091 1227 34 75 ro
2142 1227 108 75 Stock.

1215 1276 73 75 The
1306 1276 119 75 feveral
1456 1276 67 75 Drs
1554 1276 64 75 are.
1647 1276 96 75 CuJd,
1771 1276 49 75 for
1852 1276 54 75 the
1934 1276 94 75 mere!
2043 1276 82 75 ants
2152 1276 100 75 ready

1214 1323 115 75 money
1344 1323 10 75 ;
1377 1323 102 75 Goods
1498 1323 42 75 on
1558 1323 99 75 hand,
1681 1323 48 75 for
1744 1323 85 75 their
1841 1323 166 75 refpetftivt
2018 1323 128 75 values-,
2168 1323 69 75 Per

1203 1370 90 75 Jons,
1319 1370 51 75 for
1387 1370 83 75 their
1484 1370 94 75 debts
1598 1370 62 75 due
1678 1370 36 75 to
1742 1370 79 75 him.
1874 1370 18 75 2
1934 1370 94 75 Stock
2047 1370 50 75 Dr
2116 1370 34 75 to
2169 1370 82 75 Sun-

1214 1415 86 75 dries
1362 1415 75 75 The
1456 1415 117 75 feveral
1606 1415 65 75 Crs
1689 1415 67 75 are,
1784 1415 57 75 the
1872 1415 127 75 perfons
2022 1415 34 75 to
2075 1415 104 75 whom
2198 1415 65 75 the;

1213 1461 164 75 merchant
1392 1461 98 75 owes.
1542 1461 160 75 Compare
1736 1461 52 75 the
1805 1461 189 75 W/Jie-book
2012 1461 62 75 and
2092 1461 159 75 Journal,

1214 1509 84 75 Jan.
1322 1509 14 75 I

1238 1544 66 75 Note,
1318 1544 24 75 St
1342 1544 41 75 ock
1393 1544 8 75 i
1401 1544 11 75 s
1419 1544 14 75 a
1442 1544 115 75 fi&itious
1564 1544 64 75 term
1638 1544 57 75 ufed
1706 1544 92 75 inftead
1807 1544 29 75 of
1842 1544 42 75 the
1894 1544 150 75 merchants
2052 1544 81 75 name.

1233 1612 100 75 Prob.
1353 1612 34 75 2.
1416 1612 39 75 B.
1506 1612 130 75 Debtor
1651 1612 69 75 and
1731 1612 159 75 Creditor
1908 1612 134 75 applied
2056 1612 37 75 in
2110 1612 127 75 buying.

1262 1677 35 75 In
1314 1677 119 75 buying
1451 1677 60 75 one
1537 1677 96 75 fingle
1657 1677 199 75 commodity
1894 1677 90 75 there
2008 1677 54 75 are
2078 1677 92 75 feven
2186 1677 64 75 dif-

1222 1724 77 75 tindl
1329 1724 99 75 cafes,
1457 1724 88 75 (vtz.
1575 1724 88 75 three
1691 1724 121 75 fimple,
1838 1724 60 75 ana
1919 1724 67 75 tout
2006 1724 188 75 complex):
2220 1724 8 75 i
2228 1724 32 75 n>

1219 1769 42 75 ?11
1283 1769 104 75 which
1402 1769 52 75 the
1473 1769 102 75 goods
1593 1769 119 75 bought
1732 1769 60 75 and
1807 1769 143 75 received
1968 1769 51 75 art
2035 1769 65 75 Dr;
2127 1769 56 75 but
2197 1769 56 75 the

1216 1817 46 75 Cr
1280 1817 105 75 varies
1403 1817 173 75 according
1595 1817 35 75 to
1652 1817 53 75 die
1724 1817 146 75 tetmsof
1888 1817 168 75 pufehaie.

1263 1864 76 75 Caje
1360 1864 30 75 1.
1418 1864 109 75 When
1554 1864 102 75 goods
1682 1864 56 75 are
1764 1864 125 75 bought
1919 1864 50 75 for
1998 1864 99 75 ready
2122 1864 127 75 money,

1217 1914 53 75 the
1288 1914 92 75 entry
1397 1914 39 75 is,
1455 1914 111 75 -Goods
1583 1914 121 75 bought
1723 1914 53 75 Dr
1795 1914 34 75 to
1847 1914 22 75 C.
1875 1914 68 75 Jh.
1993 1914 85 75 Jan.
2106 1914 34 75 6.

1264 1958 34 75 2.
1319 1958 112 75 When
1450 1958 100 75 goods
1562 1958 52 75 are
1633 1958 135 75 bought,
1788 1958 59 75 and
1867 1958 70 75 paid
1952 1958 49 75 for
2017 1958 39 75 by
2075 1958 107 75 giving
2192 1958 56 75 the

1214 2004 92 75 feller
1323 2004 16 75 a
1356 2004 57 75 bill
1431 2004 37 75 or
1498 2004 73 75 note
1598 2004 84 75 upon
1699 2004 20 75 a
1736 2004 86 75 tliird
1841 2004 124 75 perfon,
1991 2004 103 75 Goods
2123 2004 127 75 bought

1216 2051 54 75 Dr
1287 2051 34 75 to
1340 2051 53 75 die
1410 2051 173 75 Accepter,
1605 2051 70 75 viz.
1702 2051 53 75 the
1774 2051 65 75 laid
1857 2051 85 75 third
1962 2051 109 75 perfon

1263 2096 31 75 3.
1319 2096 111 75 When
1444 2096 100 75 goods
1561 2096 53 75 are
1627 2096 122 75 bought
1767 2096 41 75 on
1826 2096 88 75 time,
1939 2096 105 75 Goods
2060 2096 122 75 bought
2195 2096 55 75 Dr

1213 2145 34 75 to
1265 2145 54 75 the
1337 2145 118 75 Seller.
1508 2145 85 75 Jan.
1616 2145 41 75 10
1696 2145 70 75 Oct.
1787 2145 59 75 21.

1262 2189 33 75 4.
1326 2189 110 75 When
1455 2189 101 75 goods
1573 2189 53 75 are
1640 2189 122 75 bought
1778 2189 51 75 for
1843 2189 71 75 part
1934 2189 127 75 money,
2087 2189 74 75 part
2174 2189 68 75 bill.

1266 2236 101 75 Goods
1385 2236 121 75 bought
1525 2236 53 75 Dr
1602 2236 36 75 to
1662 2236 173 75 Sundries,
1860 2236 71 75 viz.

1312 2281 22 75 1
1348 2281 17 75 o
1381 2281 95 75 Cajh,
1503 2281 51 75 for
1578 2281 55 75 the
1650 2281 65 75 fum
1734 2281 85 75 paid,

1308 2329 57 75 To
1386 2329 171 75 Accepter,
1583 2329 51 75 for
1648 2329 93 75 value
1759 2329 38 75 of
1809 2329 54 75 the
1880 2329 71 75 bill.

1263 2375 29 75 5.
1312 2375 111 75 Wlien
1432 2375 101 75 goods
1542 2375 53 75 are
1606 2375 123 75 bought
1740 2375 48 75 for
1799 2375 68 75 part
1879 2375 128 75 money,
2022 2375 70 75 part
2102 2375 41 75 on
2156 2375 88 75 time.

1258 2423 101 75 Goods
1379 2423 121 75 bought
1517 2423 54 75 Dr
1588 2423 36 75 to
1638 2423 173 75 Sundries,
1838 2423 71 75 viz.

1308 2469 56 75 110
1376 2469 97 75 Cajh,
1498 2469 71 75 paid
1588 2469 31 75 in
1637 2469 81 75 part,

1306 2516 56 75 To
1376 2516 120 75 Seller,
1522 2516 49 75 for
1586 2516 55 75 the
1659 2516 71 75 reft.
1783 2516 85 75 Jan.
1895 2516 53 75 15.

1259 2565 34 75 6.
1319 2565 109 75 When
1442 2565 100 75 goods
1560 2565 53 75 are
1632 2565 122 75 bought
1771 2565 52 75 for
1840 2565 71 75 part
1938 2565 70 75 bill,
2035 2565 72 75 part
2131 2565 89 75 time.

1258 2608 101 75 Goods
1377 2608 128 75 bought
1518 2608 52 75 Dr
1588 2608 34 75 to
1638 2608 175 75 Sundries,
1840 2608 70 75 viz.

1304 2655 57 75 To
1378 2655 170 75 Accepter,
1574 2655 52 75 for
1644 2655 93 75 value
1756 2655 37 75 of
1808 2655 58 75 the
1882 2655 71 75 bill.

1303 2702 57 75 To
1372 2702 118 75 Seller,
1516 2702 51 75 for
1585 2702 54 75 the
1657 2702 71 75 reft.

1260 2750 32 75 7.
1317 2750 111 75 When
1445 2750 101 75 goods
1570 2750 56 75 are
1643 2750 122 75 b.ought
1783 2750 51 75 for
1851 2750 69 75 part
1938 2750 125 75 money,
2083 2750 70 75 part
2169 2750 80 75 bill,,

1208 2796 71 75 part
1295 2796 89 75 time,

1258 2844 101 75 Goods
1376 2844 120 75 bought
1515 2844 52 75 Dr
1584 2844 35 75 to
1637 2844 171 75 Sundries,
1833 2844 69 75 viz.

1302 2892 56 75 To
1375 2892 94 75 Cajh,
1494 2892 52 75 for
1558 2892 54 75 the
1627 2892 67 75 fum
1711 2892 93 75 paid,.

2190 2938 40 75 T
