<?xml version="1.0" encoding="UTF-8"?>
<alto xmlns="http://www.loc.gov/standards/alto/v3/alto.xsd"><Description><MeasurementUnit>pixel</MeasurementUnit><sourceImageInformation><fileName>./data/pdfs/c_188936619/i_144133901/188082693.23.pdf</fileName></sourceImageInformation><OCRProcessing ID="IdOcr"><ocrProcessingStep><processingDateTime>Fri Jul 12 10:37:13 2019
</processingDateTime><processingSoftware><softwareCreator>CONTRIBUTORS</softwareCreator><softwareName>pdfalto</softwareName><softwareVersion>0.1</softwareVersion></processingSoftware></ocrProcessingStep></OCRProcessing></Description><Styles><TextStyle ID="font0" FONTFAMILY="times" FONTSIZE="10.000" FONTTYPE="serif" FONTWIDTH="proportional" FONTCOLOR="#WWWWWW" FONTSTYLE=""/><TextStyle ID="font1" FONTFAMILY="invisibleocr" FONTSIZE="10.000" FONTTYPE="sans-serif" FONTWIDTH="proportional" FONTCOLOR="#WWWWWW" FONTSTYLE=""/></Styles><Layout><Page ID="Page291" PHYSICAL_IMG_NR="291" WIDTH="2428" HEIGHT="3377"><PrintSpace><TextLine WIDTH="189" HEIGHT="75" ID="p291_t1" HPOS="153" VPOS="118"><String ID="p291_w1" CONTENT="Part" HPOS="153" VPOS="118" WIDTH="97" HEIGHT="75" STYLEREFS="font0"/><SP WIDTH="20" VPOS="118" HPOS="250"/><String ID="p291_w2" CONTENT="IV." HPOS="270" VPOS="118" WIDTH="72" HEIGHT="75" STYLEREFS="font0"/></TextLine><TextLine WIDTH="359" HEIGHT="75" ID="p291_t2" HPOS="725" VPOS="118"><String ID="p291_w3" CONTENT="AN" HPOS="725" VPOS="118" WIDTH="199" HEIGHT="75" STYLEREFS="font0"/><SP WIDTH="117" VPOS="118" HPOS="924"/><String ID="p291_w4" CONTENT="A" HPOS="1041" VPOS="118" WIDTH="43" HEIGHT="75" STYLEREFS="font0"/></TextLine><TextLine WIDTH="1040" HEIGHT="75" ID="p291_t3" HPOS="145" VPOS="182"><String ID="p291_w5" CONTENT="port#" HPOS="145" VPOS="182" WIDTH="103" HEIGHT="75" STYLEREFS="font0"/><SP WIDTH="25" VPOS="182" HPOS="248"/><String ID="p291_w6" CONTENT="bepatica," HPOS="273" VPOS="182" WIDTH="157" HEIGHT="75" STYLEREFS="font0"/><SP WIDTH="15" VPOS="182" HPOS="430"/><String ID="p291_w7" CONTENT="Juperior" HPOS="445" VPOS="182" WIDTH="154" HEIGHT="75" STYLEREFS="font0"/><SP WIDTH="23" VPOS="182" HPOS="599"/><String ID="p291_w8" CONTENT="or" HPOS="622" VPOS="182" WIDTH="38" HEIGHT="75" STYLEREFS="font0"/><SP WIDTH="16" VPOS="182" HPOS="660"/><String ID="p291_w9" CONTENT="minor," HPOS="676" VPOS="182" WIDTH="118" HEIGHT="75" STYLEREFS="font0"/><SP WIDTH="27" VPOS="182" HPOS="794"/><String ID="p291_w10" CONTENT="the" HPOS="821" VPOS="182" WIDTH="54" HEIGHT="75" STYLEREFS="font0"/><SP WIDTH="24" VPOS="182" HPOS="875"/><String ID="p291_w11" CONTENT="trunk" HPOS="899" VPOS="182" WIDTH="97" HEIGHT="75" STYLEREFS="font0"/><SP WIDTH="25" VPOS="182" HPOS="996"/><String ID="p291_w12" CONTENT="of" HPOS="1021" VPOS="182" WIDTH="39" HEIGHT="75" STYLEREFS="font0"/><SP WIDTH="20" VPOS="182" HPOS="1060"/><String ID="p291_w13" CONTENT="which" HPOS="1080" VPOS="182" WIDTH="105" HEIGHT="75" STYLEREFS="font0"/></TextLine><TextLine WIDTH="1033" HEIGHT="75" ID="p291_t4" HPOS="152" VPOS="229"><String ID="p291_w14" CONTENT="is" HPOS="152" VPOS="229" WIDTH="26" HEIGHT="75" STYLEREFS="font0"/><SP WIDTH="19" VPOS="229" HPOS="178"/><String ID="p291_w15" CONTENT="commonly" HPOS="197" VPOS="229" WIDTH="181" HEIGHT="75" STYLEREFS="font0"/><SP WIDTH="23" VPOS="229" HPOS="378"/><String ID="p291_w16" CONTENT="known" HPOS="401" VPOS="229" WIDTH="117" HEIGHT="75" STYLEREFS="font0"/><SP WIDTH="24" VPOS="229" HPOS="518"/><String ID="p291_w17" CONTENT="by" HPOS="542" VPOS="229" WIDTH="44" HEIGHT="75" STYLEREFS="font0"/><SP WIDTH="22" VPOS="229" HPOS="586"/><String ID="p291_w18" CONTENT="the" HPOS="608" VPOS="229" WIDTH="57" HEIGHT="75" STYLEREFS="font0"/><SP WIDTH="22" VPOS="229" HPOS="665"/><String ID="p291_w19" CONTENT="name" HPOS="687" VPOS="229" WIDTH="91" HEIGHT="75" STYLEREFS="font0"/><SP WIDTH="25" VPOS="229" HPOS="778"/><String ID="p291_w20" CONTENT="of" HPOS="803" VPOS="229" WIDTH="40" HEIGHT="75" STYLEREFS="font0"/><SP WIDTH="11" VPOS="229" HPOS="843"/><String ID="p291_w21" CONTENT="ftnus" HPOS="854" VPOS="229" WIDTH="97" HEIGHT="75" STYLEREFS="font0"/><SP WIDTH="16" VPOS="229" HPOS="951"/><String ID="p291_w22" CONTENT="vcnx" HPOS="967" VPOS="229" WIDTH="86" HEIGHT="75" STYLEREFS="font0"/><SP WIDTH="17" VPOS="229" HPOS="1053"/><String ID="p291_w23" CONTENT="porta-" HPOS="1070" VPOS="229" WIDTH="115" HEIGHT="75" STYLEREFS="font0"/></TextLine><TextLine WIDTH="1031" HEIGHT="75" ID="p291_t5" HPOS="153" VPOS="276"><String ID="p291_w24" CONTENT="rum." HPOS="153" VPOS="276" WIDTH="85" HEIGHT="75" STYLEREFS="font0"/><SP WIDTH="48" VPOS="276" HPOS="238"/><String ID="p291_w25" CONTENT="The" HPOS="286" VPOS="276" WIDTH="77" HEIGHT="75" STYLEREFS="font0"/><SP WIDTH="18" VPOS="276" HPOS="363"/><String ID="p291_w26" CONTENT="other" HPOS="381" VPOS="276" WIDTH="93" HEIGHT="75" STYLEREFS="font0"/><SP WIDTH="17" VPOS="276" HPOS="474"/><String ID="p291_w27" CONTENT="portion" HPOS="491" VPOS="276" WIDTH="126" HEIGHT="75" STYLEREFS="font0"/><SP WIDTH="13" VPOS="276" HPOS="617"/><String ID="p291_w28" CONTENT="may" HPOS="630" VPOS="276" WIDTH="73" HEIGHT="75" STYLEREFS="font0"/><SP WIDTH="12" VPOS="276" HPOS="703"/><String ID="p291_w29" CONTENT="be" HPOS="715" VPOS="276" WIDTH="39" HEIGHT="75" STYLEREFS="font0"/><SP WIDTH="19" VPOS="276" HPOS="754"/><String ID="p291_w30" CONTENT="called" HPOS="773" VPOS="276" WIDTH="103" HEIGHT="75" STYLEREFS="font0"/><SP WIDTH="16" VPOS="276" HPOS="876"/><String ID="p291_w31" CONTENT="vena" HPOS="892" VPOS="276" WIDTH="83" HEIGHT="75" STYLEREFS="font0"/><SP WIDTH="10" VPOS="276" HPOS="975"/><String ID="p291_w32" CONTENT="porta" HPOS="985" VPOS="276" WIDTH="104" HEIGHT="75" STYLEREFS="font0"/><SP WIDTH="20" VPOS="276" HPOS="1089"/><String ID="p291_w33" CONTENT="vsn-" HPOS="1109" VPOS="276" WIDTH="75" HEIGHT="75" STYLEREFS="font0"/></TextLine><TextLine WIDTH="467" HEIGHT="75" ID="p291_t6" HPOS="153" VPOS="321"><String ID="p291_w34" CONTENT="tralis," HPOS="153" VPOS="321" WIDTH="114" HEIGHT="75" STYLEREFS="font0"/><SP WIDTH="25" VPOS="321" HPOS="267"/><String ID="p291_w35" CONTENT="inferior" HPOS="292" VPOS="321" WIDTH="140" HEIGHT="75" STYLEREFS="font0"/><SP WIDTH="16" VPOS="321" HPOS="432"/><String ID="p291_w36" CONTENT="or" HPOS="448" VPOS="321" WIDTH="38" HEIGHT="75" STYLEREFS="font0"/><SP WIDTH="16" VPOS="321" HPOS="486"/><String ID="p291_w37" CONTENT="major." HPOS="502" VPOS="321" WIDTH="118" HEIGHT="75" STYLEREFS="font0"/></TextLine><TextLine WIDTH="984" HEIGHT="75" ID="p291_t7" HPOS="199" VPOS="367"><String ID="p291_w38" CONTENT="The" HPOS="199" VPOS="367" WIDTH="76" HEIGHT="75" STYLEREFS="font0"/><SP WIDTH="16" VPOS="367" HPOS="275"/><String ID="p291_w39" CONTENT="large" HPOS="291" VPOS="367" WIDTH="87" HEIGHT="75" STYLEREFS="font0"/><SP WIDTH="17" VPOS="367" HPOS="378"/><String ID="p291_w40" CONTENT="trunk" HPOS="395" VPOS="367" WIDTH="96" HEIGHT="75" STYLEREFS="font0"/><SP WIDTH="16" VPOS="367" HPOS="491"/><String ID="p291_w41" CONTENT="of" HPOS="507" VPOS="367" WIDTH="39" HEIGHT="75" STYLEREFS="font0"/><SP WIDTH="12" VPOS="367" HPOS="546"/><String ID="p291_w42" CONTENT="the" HPOS="558" VPOS="367" WIDTH="55" HEIGHT="75" STYLEREFS="font0"/><SP WIDTH="17" VPOS="367" HPOS="613"/><String ID="p291_w43" CONTENT="vena" HPOS="630" VPOS="367" WIDTH="80" HEIGHT="75" STYLEREFS="font0"/><SP WIDTH="11" VPOS="367" HPOS="710"/><String ID="p291_w44" CONTENT="porta:" HPOS="721" VPOS="367" WIDTH="99" HEIGHT="75" STYLEREFS="font0"/><SP WIDTH="17" VPOS="367" HPOS="820"/><String ID="p291_w45" CONTENT="inferior,," HPOS="837" VPOS="367" WIDTH="157" HEIGHT="75" STYLEREFS="font0"/><SP WIDTH="14" VPOS="367" HPOS="994"/><String ID="p291_w46" CONTENT="or" HPOS="1008" VPOS="367" WIDTH="37" HEIGHT="75" STYLEREFS="font0"/><SP WIDTH="13" VPOS="367" HPOS="1045"/><String ID="p291_w47" CONTENT="ventra-" HPOS="1058" VPOS="367" WIDTH="125" HEIGHT="75" STYLEREFS="font0"/></TextLine><TextLine WIDTH="1030" HEIGHT="75" ID="p291_t8" HPOS="153" VPOS="413"><String ID="p291_w48" CONTENT="lis," HPOS="153" VPOS="413" WIDTH="51" HEIGHT="75" STYLEREFS="font0"/><SP WIDTH="26" VPOS="413" HPOS="204"/><String ID="p291_w49" CONTENT="is" HPOS="230" VPOS="413" WIDTH="27" HEIGHT="75" STYLEREFS="font0"/><SP WIDTH="16" VPOS="413" HPOS="257"/><String ID="p291_w50" CONTENT="fituated" HPOS="273" VPOS="413" WIDTH="135" HEIGHT="75" STYLEREFS="font0"/><SP WIDTH="14" VPOS="413" HPOS="408"/><String ID="p291_w51" CONTENT="under" HPOS="422" VPOS="413" WIDTH="102" HEIGHT="75" STYLEREFS="font0"/><SP WIDTH="15" VPOS="413" HPOS="524"/><String ID="p291_w52" CONTENT="the" HPOS="539" VPOS="413" WIDTH="56" HEIGHT="75" STYLEREFS="font0"/><SP WIDTH="16" VPOS="413" HPOS="595"/><String ID="p291_w53" CONTENT="lower" HPOS="611" VPOS="413" WIDTH="101" HEIGHT="75" STYLEREFS="font0"/><SP WIDTH="17" VPOS="413" HPOS="712"/><String ID="p291_w54" CONTENT="or" HPOS="729" VPOS="413" WIDTH="37" HEIGHT="75" STYLEREFS="font0"/><SP WIDTH="17" VPOS="413" HPOS="766"/><String ID="p291_w55" CONTENT="concave" HPOS="783" VPOS="413" WIDTH="136" HEIGHT="75" STYLEREFS="font0"/><SP WIDTH="17" VPOS="413" HPOS="919"/><String ID="p291_w56" CONTENT="fide" HPOS="936" VPOS="413" WIDTH="62" HEIGHT="75" STYLEREFS="font0"/><SP WIDTH="16" VPOS="413" HPOS="998"/><String ID="p291_w57" CONTENT="of" HPOS="1014" VPOS="413" WIDTH="40" HEIGHT="75" STYLEREFS="font0"/><SP WIDTH="19" VPOS="413" HPOS="1054"/><String ID="p291_w58" CONTENT="the" HPOS="1073" VPOS="413" WIDTH="55" HEIGHT="75" STYLEREFS="font0"/><SP WIDTH="15" VPOS="413" HPOS="1128"/><String ID="p291_w59" CONTENT="li-" HPOS="1143" VPOS="413" WIDTH="40" HEIGHT="75" STYLEREFS="font0"/></TextLine><TextLine WIDTH="1034" HEIGHT="75" ID="p291_t9" HPOS="153" VPOS="458"><String ID="p291_w60" CONTENT="ver," HPOS="153" VPOS="458" WIDTH="67" HEIGHT="75" STYLEREFS="font0"/><SP WIDTH="25" VPOS="458" HPOS="220"/><String ID="p291_w61" CONTENT="and" HPOS="245" VPOS="458" WIDTH="63" HEIGHT="75" STYLEREFS="font0"/><SP WIDTH="19" VPOS="458" HPOS="308"/><String ID="p291_w62" CONTENT="joined" HPOS="327" VPOS="458" WIDTH="112" HEIGHT="75" STYLEREFS="font0"/><SP WIDTH="15" VPOS="458" HPOS="439"/><String ID="p291_w63" CONTENT="by" HPOS="454" VPOS="458" WIDTH="43" HEIGHT="75" STYLEREFS="font0"/><SP WIDTH="13" VPOS="458" HPOS="497"/><String ID="p291_w64" CONTENT="an" HPOS="510" VPOS="458" WIDTH="40" HEIGHT="75" STYLEREFS="font0"/><SP WIDTH="11" VPOS="458" HPOS="550"/><String ID="p291_w65" CONTENT="anaftomofis" HPOS="561" VPOS="458" WIDTH="198" HEIGHT="75" STYLEREFS="font0"/><SP WIDTH="11" VPOS="458" HPOS="759"/><String ID="p291_w66" CONTENT="to" HPOS="770" VPOS="458" WIDTH="35" HEIGHT="75" STYLEREFS="font0"/><SP WIDTH="12" VPOS="458" HPOS="805"/><String ID="p291_w67" CONTENT="the" HPOS="817" VPOS="458" WIDTH="55" HEIGHT="75" STYLEREFS="font0"/><SP WIDTH="16" VPOS="458" HPOS="872"/><String ID="p291_w68" CONTENT="finus" HPOS="888" VPOS="458" WIDTH="81" HEIGHT="75" STYLEREFS="font0"/><SP WIDTH="13" VPOS="458" HPOS="969"/><String ID="p291_w69" CONTENT="of" HPOS="982" VPOS="458" WIDTH="39" HEIGHT="75" STYLEREFS="font0"/><SP WIDTH="11" VPOS="458" HPOS="1021"/><String ID="p291_w70" CONTENT="the" HPOS="1032" VPOS="458" WIDTH="55" HEIGHT="75" STYLEREFS="font0"/><SP WIDTH="16" VPOS="458" HPOS="1087"/><String ID="p291_w71" CONTENT="vena" HPOS="1103" VPOS="458" WIDTH="84" HEIGHT="75" STYLEREFS="font0"/></TextLine><TextLine WIDTH="1030" HEIGHT="75" ID="p291_t10" HPOS="154" VPOS="505"><String ID="p291_w72" CONTENT="portas" HPOS="154" VPOS="505" WIDTH="97" HEIGHT="75" STYLEREFS="font0"/><SP WIDTH="12" VPOS="505" HPOS="251"/><String ID="p291_w73" CONTENT="hepatica," HPOS="263" VPOS="505" WIDTH="158" HEIGHT="75" STYLEREFS="font0"/><SP WIDTH="25" VPOS="505" HPOS="421"/><String ID="p291_w74" CONTENT="between" HPOS="446" VPOS="505" WIDTH="145" HEIGHT="75" STYLEREFS="font0"/><SP WIDTH="20" VPOS="505" HPOS="591"/><String ID="p291_w75" CONTENT="the" HPOS="611" VPOS="505" WIDTH="56" HEIGHT="75" STYLEREFS="font0"/><SP WIDTH="19" VPOS="505" HPOS="667"/><String ID="p291_w76" CONTENT="middle" HPOS="686" VPOS="505" WIDTH="120" HEIGHT="75" STYLEREFS="font0"/><SP WIDTH="20" VPOS="505" HPOS="806"/><String ID="p291_w77" CONTENT="and" HPOS="826" VPOS="505" WIDTH="62" HEIGHT="75" STYLEREFS="font0"/><SP WIDTH="18" VPOS="505" HPOS="888"/><String ID="p291_w78" CONTENT="right" HPOS="906" VPOS="505" WIDTH="86" HEIGHT="75" STYLEREFS="font0"/><SP WIDTH="16" VPOS="505" HPOS="992"/><String ID="p291_w79" CONTENT="extremity" HPOS="1008" VPOS="505" WIDTH="176" HEIGHT="75" STYLEREFS="font0"/></TextLine><TextLine WIDTH="1029" HEIGHT="75" ID="p291_t11" HPOS="154" VPOS="551"><String ID="p291_w80" CONTENT="of" HPOS="154" VPOS="551" WIDTH="38" HEIGHT="75" STYLEREFS="font0"/><SP WIDTH="12" VPOS="551" HPOS="192"/><String ID="p291_w81" CONTENT="that" HPOS="204" VPOS="551" WIDTH="71" HEIGHT="75" STYLEREFS="font0"/><SP WIDTH="17" VPOS="551" HPOS="275"/><String ID="p291_w82" CONTENT="finus." HPOS="292" VPOS="551" WIDTH="94" HEIGHT="75" STYLEREFS="font0"/><SP WIDTH="41" VPOS="551" HPOS="386"/><String ID="p291_w83" CONTENT="From" HPOS="427" VPOS="551" WIDTH="99" HEIGHT="75" STYLEREFS="font0"/><SP WIDTH="16" VPOS="551" HPOS="526"/><String ID="p291_w84" CONTENT="thence" HPOS="542" VPOS="551" WIDTH="114" HEIGHT="75" STYLEREFS="font0"/><SP WIDTH="16" VPOS="551" HPOS="656"/><String ID="p291_w85" CONTENT="it" HPOS="672" VPOS="551" WIDTH="26" HEIGHT="75" STYLEREFS="font0"/><SP WIDTH="12" VPOS="551" HPOS="698"/><String ID="p291_w86" CONTENT="runs" HPOS="710" VPOS="551" WIDTH="74" HEIGHT="75" STYLEREFS="font0"/><SP WIDTH="16" VPOS="551" HPOS="784"/><String ID="p291_w87" CONTENT="down" HPOS="800" VPOS="551" WIDTH="95" HEIGHT="75" STYLEREFS="font0"/><SP WIDTH="13" VPOS="551" HPOS="895"/><String ID="p291_w88" CONTENT="a" HPOS="908" VPOS="551" WIDTH="18" HEIGHT="75" STYLEREFS="font0"/><SP WIDTH="12" VPOS="551" HPOS="926"/><String ID="p291_w89" CONTENT="little" HPOS="938" VPOS="551" WIDTH="84" HEIGHT="75" STYLEREFS="font0"/><SP WIDTH="14" VPOS="551" HPOS="1022"/><String ID="p291_w90" CONTENT="oblique-" HPOS="1036" VPOS="551" WIDTH="147" HEIGHT="75" STYLEREFS="font0"/></TextLine><TextLine WIDTH="1031" HEIGHT="75" ID="p291_t12" HPOS="153" VPOS="597"><String ID="p291_w91" CONTENT="ly" HPOS="153" VPOS="597" WIDTH="35" HEIGHT="75" STYLEREFS="font0"/><SP WIDTH="15" VPOS="597" HPOS="188"/><String ID="p291_w92" CONTENT="from" HPOS="203" VPOS="597" WIDTH="84" HEIGHT="75" STYLEREFS="font0"/><SP WIDTH="23" VPOS="597" HPOS="287"/><String ID="p291_w93" CONTENT="right" HPOS="310" VPOS="597" WIDTH="88" HEIGHT="75" STYLEREFS="font0"/><SP WIDTH="23" VPOS="597" HPOS="398"/><String ID="p291_w94" CONTENT="to" HPOS="421" VPOS="597" WIDTH="36" HEIGHT="75" STYLEREFS="font0"/><SP WIDTH="21" VPOS="597" HPOS="457"/><String ID="p291_w95" CONTENT="left-," HPOS="478" VPOS="597" WIDTH="73" HEIGHT="75" STYLEREFS="font0"/><SP WIDTH="25" VPOS="597" HPOS="551"/><String ID="p291_w96" CONTENT="behind" HPOS="576" VPOS="597" WIDTH="120" HEIGHT="75" STYLEREFS="font0"/><SP WIDTH="21" VPOS="597" HPOS="696"/><String ID="p291_w97" CONTENT="or" HPOS="717" VPOS="597" WIDTH="37" HEIGHT="75" STYLEREFS="font0"/><SP WIDTH="16" VPOS="597" HPOS="754"/><String ID="p291_w98" CONTENT="under" HPOS="770" VPOS="597" WIDTH="100" HEIGHT="75" STYLEREFS="font0"/><SP WIDTH="17" VPOS="597" HPOS="870"/><String ID="p291_w99" CONTENT="the" HPOS="887" VPOS="597" WIDTH="54" HEIGHT="75" STYLEREFS="font0"/><SP WIDTH="17" VPOS="597" HPOS="941"/><String ID="p291_w100" CONTENT="trunk" HPOS="958" VPOS="597" WIDTH="96" HEIGHT="75" STYLEREFS="font0"/><SP WIDTH="16" VPOS="597" HPOS="1054"/><String ID="p291_w101" CONTENT="of" HPOS="1070" VPOS="597" WIDTH="39" HEIGHT="75" STYLEREFS="font0"/><SP WIDTH="20" VPOS="597" HPOS="1109"/><String ID="p291_w102" CONTENT="the" HPOS="1129" VPOS="597" WIDTH="55" HEIGHT="75" STYLEREFS="font0"/></TextLine><TextLine WIDTH="1030" HEIGHT="75" ID="p291_t13" HPOS="153" VPOS="643"><String ID="p291_w103" CONTENT="arteria" HPOS="153" VPOS="643" WIDTH="117" HEIGHT="75" STYLEREFS="font0"/><SP WIDTH="14" VPOS="643" HPOS="270"/><String ID="p291_w104" CONTENT="hepatica," HPOS="284" VPOS="643" WIDTH="158" HEIGHT="75" STYLEREFS="font0"/><SP WIDTH="26" VPOS="643" HPOS="442"/><String ID="p291_w105" CONTENT="bending" HPOS="468" VPOS="643" WIDTH="138" HEIGHT="75" STYLEREFS="font0"/><SP WIDTH="16" VPOS="643" HPOS="606"/><String ID="p291_w106" CONTENT="behind" HPOS="622" VPOS="643" WIDTH="119" HEIGHT="75" STYLEREFS="font0"/><SP WIDTH="17" VPOS="643" HPOS="741"/><String ID="p291_w107" CONTENT="the" HPOS="758" VPOS="643" WIDTH="55" HEIGHT="75" STYLEREFS="font0"/><SP WIDTH="11" VPOS="643" HPOS="813"/><String ID="p291_w108" CONTENT="beginning" HPOS="824" VPOS="643" WIDTH="172" HEIGHT="75" STYLEREFS="font0"/><SP WIDTH="11" VPOS="643" HPOS="996"/><String ID="p291_w109" CONTENT="of" HPOS="1007" VPOS="643" WIDTH="39" HEIGHT="75" STYLEREFS="font0"/><SP WIDTH="12" VPOS="643" HPOS="1046"/><String ID="p291_w110" CONTENT="the" HPOS="1058" VPOS="643" WIDTH="55" HEIGHT="75" STYLEREFS="font0"/><SP WIDTH="11" VPOS="643" HPOS="1113"/><String ID="p291_w111" CONTENT="du-" HPOS="1124" VPOS="643" WIDTH="59" HEIGHT="75" STYLEREFS="font0"/></TextLine><TextLine WIDTH="832" HEIGHT="75" ID="p291_t14" HPOS="154" VPOS="689"><String ID="p291_w112" CONTENT="odenum," HPOS="154" VPOS="689" WIDTH="150" HEIGHT="75" STYLEREFS="font0"/><SP WIDTH="26" VPOS="689" HPOS="304"/><String ID="p291_w113" CONTENT="and" HPOS="330" VPOS="689" WIDTH="64" HEIGHT="75" STYLEREFS="font0"/><SP WIDTH="16" VPOS="689" HPOS="394"/><String ID="p291_w114" CONTENT="under" HPOS="410" VPOS="689" WIDTH="99" HEIGHT="75" STYLEREFS="font0"/><SP WIDTH="16" VPOS="689" HPOS="509"/><String ID="p291_w115" CONTENT="the" HPOS="525" VPOS="689" WIDTH="55" HEIGHT="75" STYLEREFS="font0"/><SP WIDTH="15" VPOS="689" HPOS="580"/><String ID="p291_w116" CONTENT="head" HPOS="595" VPOS="689" WIDTH="84" HEIGHT="75" STYLEREFS="font0"/><SP WIDTH="11" VPOS="689" HPOS="679"/><String ID="p291_w117" CONTENT="of" HPOS="690" VPOS="689" WIDTH="40" HEIGHT="75" STYLEREFS="font0"/><SP WIDTH="19" VPOS="689" HPOS="730"/><String ID="p291_w118" CONTENT="the" HPOS="749" VPOS="689" WIDTH="56" HEIGHT="75" STYLEREFS="font0"/><SP WIDTH="18" VPOS="689" HPOS="805"/><String ID="p291_w119" CONTENT="pancreas." HPOS="823" VPOS="689" WIDTH="163" HEIGHT="75" STYLEREFS="font0"/></TextLine><TextLine WIDTH="979" HEIGHT="75" ID="p291_t15" HPOS="203" VPOS="735"><String ID="p291_w120" CONTENT="Having" HPOS="203" VPOS="735" WIDTH="129" HEIGHT="75" STYLEREFS="font0"/><SP WIDTH="16" VPOS="735" HPOS="332"/><String ID="p291_w121" CONTENT="reached" HPOS="348" VPOS="735" WIDTH="136" HEIGHT="75" STYLEREFS="font0"/><SP WIDTH="16" VPOS="735" HPOS="484"/><String ID="p291_w122" CONTENT="to" HPOS="500" VPOS="735" WIDTH="35" HEIGHT="75" STYLEREFS="font0"/><SP WIDTH="12" VPOS="735" HPOS="535"/><String ID="p291_w123" CONTENT="the" HPOS="547" VPOS="735" WIDTH="55" HEIGHT="75" STYLEREFS="font0"/><SP WIDTH="16" VPOS="735" HPOS="602"/><String ID="p291_w124" CONTENT="head" HPOS="618" VPOS="735" WIDTH="82" HEIGHT="75" STYLEREFS="font0"/><SP WIDTH="12" VPOS="735" HPOS="700"/><String ID="p291_w125" CONTENT="of" HPOS="712" VPOS="735" WIDTH="41" HEIGHT="75" STYLEREFS="font0"/><SP WIDTH="12" VPOS="735" HPOS="753"/><String ID="p291_w126" CONTENT="the" HPOS="765" VPOS="735" WIDTH="54" HEIGHT="75" STYLEREFS="font0"/><SP WIDTH="12" VPOS="735" HPOS="819"/><String ID="p291_w127" CONTENT="pancreas," HPOS="831" VPOS="735" WIDTH="162" HEIGHT="75" STYLEREFS="font0"/><SP WIDTH="18" VPOS="735" HPOS="993"/><String ID="p291_w128" CONTENT="this" HPOS="1011" VPOS="735" WIDTH="64" HEIGHT="75" STYLEREFS="font0"/><SP WIDTH="10" VPOS="735" HPOS="1075"/><String ID="p291_w129" CONTENT="trunk" HPOS="1085" VPOS="735" WIDTH="97" HEIGHT="75" STYLEREFS="font0"/></TextLine><TextLine WIDTH="1028" HEIGHT="75" ID="p291_t16" HPOS="155" VPOS="782"><String ID="p291_w130" CONTENT="lofes" HPOS="155" VPOS="782" WIDTH="80" HEIGHT="75" STYLEREFS="font0"/><SP WIDTH="17" VPOS="782" HPOS="235"/><String ID="p291_w131" CONTENT="the" HPOS="252" VPOS="782" WIDTH="56" HEIGHT="75" STYLEREFS="font0"/><SP WIDTH="16" VPOS="782" HPOS="308"/><String ID="p291_w132" CONTENT="general" HPOS="324" VPOS="782" WIDTH="127" HEIGHT="75" STYLEREFS="font0"/><SP WIDTH="16" VPOS="782" HPOS="451"/><String ID="p291_w133" CONTENT="name" HPOS="467" VPOS="782" WIDTH="91" HEIGHT="75" STYLEREFS="font0"/><SP WIDTH="17" VPOS="782" HPOS="558"/><String ID="p291_w134" CONTENT="of" HPOS="575" VPOS="782" WIDTH="56" HEIGHT="75" STYLEREFS="font0"/><SP WIDTH="3" VPOS="782" HPOS="631"/><String ID="p291_w135" CONTENT="vena" HPOS="634" VPOS="782" WIDTH="81" HEIGHT="75" STYLEREFS="font0"/><SP WIDTH="10" VPOS="782" HPOS="715"/><String ID="p291_w136" CONTENT="porta," HPOS="725" VPOS="782" WIDTH="115" HEIGHT="75" STYLEREFS="font0"/><SP WIDTH="26" VPOS="782" HPOS="840"/><String ID="p291_w137" CONTENT="and" HPOS="866" VPOS="782" WIDTH="62" HEIGHT="75" STYLEREFS="font0"/><SP WIDTH="16" VPOS="782" HPOS="928"/><String ID="p291_w138" CONTENT="terminates" HPOS="944" VPOS="782" WIDTH="182" HEIGHT="75" STYLEREFS="font0"/><SP WIDTH="24" VPOS="782" HPOS="1126"/><String ID="p291_w139" CONTENT="in" HPOS="1150" VPOS="782" WIDTH="33" HEIGHT="75" STYLEREFS="font0"/></TextLine><TextLine WIDTH="1030" HEIGHT="75" ID="p291_t17" HPOS="154" VPOS="827"><String ID="p291_w140" CONTENT="three" HPOS="154" VPOS="827" WIDTH="90" HEIGHT="75" STYLEREFS="font0"/><SP WIDTH="15" VPOS="827" HPOS="244"/><String ID="p291_w141" CONTENT="large" HPOS="259" VPOS="827" WIDTH="88" HEIGHT="75" STYLEREFS="font0"/><SP WIDTH="16" VPOS="827" HPOS="347"/><String ID="p291_w142" CONTENT="principal" HPOS="363" VPOS="827" WIDTH="151" HEIGHT="75" STYLEREFS="font0"/><SP WIDTH="18" VPOS="827" HPOS="514"/><String ID="p291_w143" CONTENT="branches," HPOS="532" VPOS="827" WIDTH="166" HEIGHT="75" STYLEREFS="font0"/><SP WIDTH="25" VPOS="827" HPOS="698"/><String ID="p291_w144" CONTENT="which" HPOS="723" VPOS="827" WIDTH="107" HEIGHT="75" STYLEREFS="font0"/><SP WIDTH="13" VPOS="827" HPOS="830"/><String ID="p291_w145" CONTENT="are" HPOS="843" VPOS="827" WIDTH="53" HEIGHT="75" STYLEREFS="font0"/><SP WIDTH="18" VPOS="827" HPOS="896"/><String ID="p291_w146" CONTENT="dillributed," HPOS="914" VPOS="827" WIDTH="199" HEIGHT="75" STYLEREFS="font0"/><SP WIDTH="26" VPOS="827" HPOS="1113"/><String ID="p291_w147" CONTENT="by" HPOS="1139" VPOS="827" WIDTH="45" HEIGHT="75" STYLEREFS="font0"/></TextLine><TextLine WIDTH="1027" HEIGHT="75" ID="p291_t18" HPOS="155" VPOS="873"><String ID="p291_w148" CONTENT="numerous" HPOS="155" VPOS="873" WIDTH="166" HEIGHT="75" STYLEREFS="font0"/><SP WIDTH="28" VPOS="873" HPOS="321"/><String ID="p291_w149" CONTENT="ramifications," HPOS="349" VPOS="873" WIDTH="237" HEIGHT="75" STYLEREFS="font0"/><SP WIDTH="33" VPOS="873" HPOS="586"/><String ID="p291_w150" CONTENT="to" HPOS="619" VPOS="873" WIDTH="34" HEIGHT="75" STYLEREFS="font0"/><SP WIDTH="27" VPOS="873" HPOS="653"/><String ID="p291_w151" CONTENT="the" HPOS="680" VPOS="873" WIDTH="56" HEIGHT="75" STYLEREFS="font0"/><SP WIDTH="22" VPOS="873" HPOS="736"/><String ID="p291_w152" CONTENT="vifcera" HPOS="758" VPOS="873" WIDTH="121" HEIGHT="75" STYLEREFS="font0"/><SP WIDTH="23" VPOS="873" HPOS="879"/><String ID="p291_w153" CONTENT="already" HPOS="902" VPOS="873" WIDTH="128" HEIGHT="75" STYLEREFS="font0"/><SP WIDTH="25" VPOS="873" HPOS="1030"/><String ID="p291_w154" CONTENT="named." HPOS="1055" VPOS="873" WIDTH="127" HEIGHT="75" STYLEREFS="font0"/></TextLine><TextLine WIDTH="1031" HEIGHT="75" ID="p291_t19" HPOS="153" VPOS="919"><String ID="p291_w155" CONTENT="The" HPOS="153" VPOS="919" WIDTH="76" HEIGHT="75" STYLEREFS="font0"/><SP WIDTH="13" VPOS="919" HPOS="229"/><String ID="p291_w156" CONTENT="firft" HPOS="242" VPOS="919" WIDTH="63" HEIGHT="75" STYLEREFS="font0"/><SP WIDTH="18" VPOS="919" HPOS="305"/><String ID="p291_w157" CONTENT="branch" HPOS="323" VPOS="919" WIDTH="117" HEIGHT="75" STYLEREFS="font0"/><SP WIDTH="17" VPOS="919" HPOS="440"/><String ID="p291_w158" CONTENT="is" HPOS="457" VPOS="919" WIDTH="26" HEIGHT="75" STYLEREFS="font0"/><SP WIDTH="17" VPOS="919" HPOS="483"/><String ID="p291_w159" CONTENT="termed" HPOS="500" VPOS="919" WIDTH="124" HEIGHT="75" STYLEREFS="font0"/><SP WIDTH="11" VPOS="919" HPOS="624"/><String ID="p291_w160" CONTENT="vena" HPOS="635" VPOS="919" WIDTH="83" HEIGHT="75" STYLEREFS="font0"/><SP WIDTH="16" VPOS="919" HPOS="718"/><String ID="p291_w161" CONTENT="mefaraica," HPOS="734" VPOS="919" WIDTH="192" HEIGHT="75" STYLEREFS="font0"/><SP WIDTH="26" VPOS="919" HPOS="926"/><String ID="p291_w162" CONTENT="or" HPOS="952" VPOS="919" WIDTH="38" HEIGHT="75" STYLEREFS="font0"/><SP WIDTH="17" VPOS="919" HPOS="990"/><String ID="p291_w163" CONTENT="inefaraica" HPOS="1007" VPOS="919" WIDTH="177" HEIGHT="75" STYLEREFS="font0"/></TextLine><TextLine WIDTH="1029" HEIGHT="75" ID="p291_t20" HPOS="154" VPOS="964"><String ID="p291_w164" CONTENT="major-," HPOS="154" VPOS="964" WIDTH="124" HEIGHT="75" STYLEREFS="font0"/><SP WIDTH="27" VPOS="964" HPOS="278"/><String ID="p291_w165" CONTENT="the" HPOS="305" VPOS="964" WIDTH="56" HEIGHT="75" STYLEREFS="font0"/><SP WIDTH="15" VPOS="964" HPOS="361"/><String ID="p291_w166" CONTENT="fecond," HPOS="376" VPOS="964" WIDTH="129" HEIGHT="75" STYLEREFS="font0"/><SP WIDTH="15" VPOS="964" HPOS="505"/><String ID="p291_w167" CONTENT="fplenica" HPOS="520" VPOS="964" WIDTH="147" HEIGHT="75" STYLEREFS="font0"/><SP WIDTH="11" VPOS="964" HPOS="667"/><String ID="p291_w168" CONTENT=";" HPOS="678" VPOS="964" WIDTH="11" HEIGHT="75" STYLEREFS="font0"/><SP WIDTH="27" VPOS="964" HPOS="689"/><String ID="p291_w169" CONTENT="and" HPOS="716" VPOS="964" WIDTH="63" HEIGHT="75" STYLEREFS="font0"/><SP WIDTH="10" VPOS="964" HPOS="779"/><String ID="p291_w170" CONTENT="the" HPOS="789" VPOS="964" WIDTH="56" HEIGHT="75" STYLEREFS="font0"/><SP WIDTH="11" VPOS="964" HPOS="845"/><String ID="p291_w171" CONTENT="third," HPOS="856" VPOS="964" WIDTH="102" HEIGHT="75" STYLEREFS="font0"/><SP WIDTH="24" VPOS="964" HPOS="958"/><String ID="p291_w172" CONTENT="hamorrboi-" HPOS="982" VPOS="964" WIDTH="201" HEIGHT="75" STYLEREFS="font0"/></TextLine><TextLine WIDTH="640" HEIGHT="75" ID="p291_t21" HPOS="155" VPOS="1010"><String ID="p291_w173" CONTENT="dalis" HPOS="155" VPOS="1010" WIDTH="85" HEIGHT="75" STYLEREFS="font0"/><SP WIDTH="18" VPOS="1010" HPOS="240"/><String ID="p291_w174" CONTENT="interna," HPOS="258" VPOS="1010" WIDTH="145" HEIGHT="75" STYLEREFS="font0"/><SP WIDTH="25" VPOS="1010" HPOS="403"/><String ID="p291_w175" CONTENT="or" HPOS="428" VPOS="1010" WIDTH="37" HEIGHT="75" STYLEREFS="font0"/><SP WIDTH="17" VPOS="1010" HPOS="465"/><String ID="p291_w176" CONTENT="mefaraica" HPOS="482" VPOS="1010" WIDTH="179" HEIGHT="75" STYLEREFS="font0"/><SP WIDTH="17" VPOS="1010" HPOS="661"/><String ID="p291_w177" CONTENT="minor." HPOS="678" VPOS="1010" WIDTH="117" HEIGHT="75" STYLEREFS="font0"/></TextLine><TextLine WIDTH="984" HEIGHT="75" ID="p291_t22" HPOS="201" VPOS="1057"><String ID="p291_w178" CONTENT="The" HPOS="201" VPOS="1057" WIDTH="78" HEIGHT="75" STYLEREFS="font0"/><SP WIDTH="15" VPOS="1057" HPOS="279"/><String ID="p291_w179" CONTENT="vena" HPOS="294" VPOS="1057" WIDTH="80" HEIGHT="75" STYLEREFS="font0"/><SP WIDTH="16" VPOS="1057" HPOS="374"/><String ID="p291_w180" CONTENT="mefaraica" HPOS="390" VPOS="1057" WIDTH="169" HEIGHT="75" STYLEREFS="font0"/><SP WIDTH="14" VPOS="1057" HPOS="559"/><String ID="p291_w181" CONTENT="major" HPOS="573" VPOS="1057" WIDTH="103" HEIGHT="75" STYLEREFS="font0"/><SP WIDTH="16" VPOS="1057" HPOS="676"/><String ID="p291_w182" CONTENT="appears" HPOS="692" VPOS="1057" WIDTH="129" HEIGHT="75" STYLEREFS="font0"/><SP WIDTH="18" VPOS="1057" HPOS="821"/><String ID="p291_w183" CONTENT="to" HPOS="839" VPOS="1057" WIDTH="34" HEIGHT="75" STYLEREFS="font0"/><SP WIDTH="12" VPOS="1057" HPOS="873"/><String ID="p291_w184" CONTENT="be" HPOS="885" VPOS="1057" WIDTH="40" HEIGHT="75" STYLEREFS="font0"/><SP WIDTH="12" VPOS="1057" HPOS="925"/><String ID="p291_w185" CONTENT="a" HPOS="937" VPOS="1057" WIDTH="19" HEIGHT="75" STYLEREFS="font0"/><SP WIDTH="11" VPOS="1057" HPOS="956"/><String ID="p291_w186" CONTENT="continuation" HPOS="967" VPOS="1057" WIDTH="218" HEIGHT="75" STYLEREFS="font0"/></TextLine><TextLine WIDTH="1030" HEIGHT="75" ID="p291_t23" HPOS="154" VPOS="1102"><String ID="p291_w187" CONTENT="of" HPOS="154" VPOS="1102" WIDTH="41" HEIGHT="75" STYLEREFS="font0"/><SP WIDTH="18" VPOS="1102" HPOS="195"/><String ID="p291_w188" CONTENT="the" HPOS="213" VPOS="1102" WIDTH="54" HEIGHT="75" STYLEREFS="font0"/><SP WIDTH="17" VPOS="1102" HPOS="267"/><String ID="p291_w189" CONTENT="trunk" HPOS="284" VPOS="1102" WIDTH="96" HEIGHT="75" STYLEREFS="font0"/><SP WIDTH="17" VPOS="1102" HPOS="380"/><String ID="p291_w190" CONTENT="of" HPOS="397" VPOS="1102" WIDTH="40" HEIGHT="75" STYLEREFS="font0"/><SP WIDTH="18" VPOS="1102" HPOS="437"/><String ID="p291_w191" CONTENT="the" HPOS="455" VPOS="1102" WIDTH="56" HEIGHT="75" STYLEREFS="font0"/><SP WIDTH="24" VPOS="1102" HPOS="511"/><String ID="p291_w192" CONTENT="vena" HPOS="535" VPOS="1102" WIDTH="79" HEIGHT="75" STYLEREFS="font0"/><SP WIDTH="24" VPOS="1102" HPOS="614"/><String ID="p291_w193" CONTENT="portae" HPOS="638" VPOS="1102" WIDTH="99" HEIGHT="75" STYLEREFS="font0"/><SP WIDTH="26" VPOS="1102" HPOS="737"/><String ID="p291_w194" CONTENT="inferior." HPOS="763" VPOS="1102" WIDTH="145" HEIGHT="75" STYLEREFS="font0"/><SP WIDTH="47" VPOS="1102" HPOS="908"/><String ID="p291_w195" CONTENT="The" HPOS="955" VPOS="1102" WIDTH="77" HEIGHT="75" STYLEREFS="font0"/><SP WIDTH="16" VPOS="1102" HPOS="1032"/><String ID="p291_w196" CONTENT="fplenica" HPOS="1048" VPOS="1102" WIDTH="136" HEIGHT="75" STYLEREFS="font0"/></TextLine><TextLine WIDTH="1029" HEIGHT="75" ID="p291_t24" HPOS="153" VPOS="1148"><String ID="p291_w197" CONTENT="is" HPOS="153" VPOS="1148" WIDTH="26" HEIGHT="75" STYLEREFS="font0"/><SP WIDTH="19" VPOS="1148" HPOS="179"/><String ID="p291_w198" CONTENT="a" HPOS="198" VPOS="1148" WIDTH="18" HEIGHT="75" STYLEREFS="font0"/><SP WIDTH="16" VPOS="1148" HPOS="216"/><String ID="p291_w199" CONTENT="capital" HPOS="232" VPOS="1148" WIDTH="116" HEIGHT="75" STYLEREFS="font0"/><SP WIDTH="18" VPOS="1148" HPOS="348"/><String ID="p291_w200" CONTENT="branch" HPOS="366" VPOS="1148" WIDTH="119" HEIGHT="75" STYLEREFS="font0"/><SP WIDTH="18" VPOS="1148" HPOS="485"/><String ID="p291_w201" CONTENT="of" HPOS="503" VPOS="1148" WIDTH="40" HEIGHT="75" STYLEREFS="font0"/><SP WIDTH="18" VPOS="1148" HPOS="543"/><String ID="p291_w202" CONTENT="that" HPOS="561" VPOS="1148" WIDTH="71" HEIGHT="75" STYLEREFS="font0"/><SP WIDTH="24" VPOS="1148" HPOS="632"/><String ID="p291_w203" CONTENT="trunk" HPOS="656" VPOS="1148" WIDTH="96" HEIGHT="75" STYLEREFS="font0"/><SP WIDTH="18" VPOS="1148" HPOS="752"/><String ID="p291_w204" CONTENT=";" HPOS="770" VPOS="1148" WIDTH="11" HEIGHT="75" STYLEREFS="font0"/><SP WIDTH="27" VPOS="1148" HPOS="781"/><String ID="p291_w205" CONTENT="and," HPOS="808" VPOS="1148" WIDTH="73" HEIGHT="75" STYLEREFS="font0"/><SP WIDTH="14" VPOS="1148" HPOS="881"/><String ID="p291_w206" CONTENT="the" HPOS="895" VPOS="1148" WIDTH="54" HEIGHT="75" STYLEREFS="font0"/><SP WIDTH="25" VPOS="1148" HPOS="949"/><String ID="p291_w207" CONTENT="haemorrhoi-" HPOS="974" VPOS="1148" WIDTH="208" HEIGHT="75" STYLEREFS="font0"/></TextLine><TextLine WIDTH="1031" HEIGHT="75" ID="p291_t25" HPOS="153" VPOS="1194"><String ID="p291_w208" CONTENT="dalis" HPOS="153" VPOS="1194" WIDTH="80" HEIGHT="75" STYLEREFS="font0"/><SP WIDTH="23" VPOS="1194" HPOS="233"/><String ID="p291_w209" CONTENT="interna" HPOS="256" VPOS="1194" WIDTH="124" HEIGHT="75" STYLEREFS="font0"/><SP WIDTH="26" VPOS="1194" HPOS="380"/><String ID="p291_w210" CONTENT="has" HPOS="406" VPOS="1194" WIDTH="58" HEIGHT="75" STYLEREFS="font0"/><SP WIDTH="25" VPOS="1194" HPOS="464"/><String ID="p291_w211" CONTENT="fometimes" HPOS="489" VPOS="1194" WIDTH="179" HEIGHT="75" STYLEREFS="font0"/><SP WIDTH="26" VPOS="1194" HPOS="668"/><String ID="p291_w212" CONTENT="a" HPOS="694" VPOS="1194" WIDTH="18" HEIGHT="75" STYLEREFS="font0"/><SP WIDTH="23" VPOS="1194" HPOS="712"/><String ID="p291_w213" CONTENT="common*" HPOS="735" VPOS="1194" WIDTH="162" HEIGHT="75" STYLEREFS="font0"/><SP WIDTH="8" VPOS="1194" HPOS="897"/><String ID="p291_w214" CONTENT="origin" HPOS="905" VPOS="1194" WIDTH="104" HEIGHT="75" STYLEREFS="font0"/><SP WIDTH="17" VPOS="1194" HPOS="1009"/><String ID="p291_w215" CONTENT="with" HPOS="1026" VPOS="1194" WIDTH="79" HEIGHT="75" STYLEREFS="font0"/><SP WIDTH="24" VPOS="1194" HPOS="1105"/><String ID="p291_w216" CONTENT="the" HPOS="1129" VPOS="1194" WIDTH="55" HEIGHT="75" STYLEREFS="font0"/></TextLine><TextLine WIDTH="149" HEIGHT="75" ID="p291_t26" HPOS="153" VPOS="1240"><String ID="p291_w217" CONTENT="fplenica." HPOS="153" VPOS="1240" WIDTH="149" HEIGHT="75" STYLEREFS="font0"/></TextLine><TextLine WIDTH="984" HEIGHT="75" ID="p291_t27" HPOS="199" VPOS="1286"><String ID="p291_w218" CONTENT="The" HPOS="199" VPOS="1286" WIDTH="77" HEIGHT="75" STYLEREFS="font0"/><SP WIDTH="16" VPOS="1286" HPOS="276"/><String ID="p291_w219" CONTENT="inferior" HPOS="292" VPOS="1286" WIDTH="131" HEIGHT="75" STYLEREFS="font0"/><SP WIDTH="15" VPOS="1286" HPOS="423"/><String ID="p291_w220" CONTENT="vena" HPOS="438" VPOS="1286" WIDTH="81" HEIGHT="75" STYLEREFS="font0"/><SP WIDTH="18" VPOS="1286" HPOS="519"/><String ID="p291_w221" CONTENT="porta:," HPOS="537" VPOS="1286" WIDTH="112" HEIGHT="75" STYLEREFS="font0"/><SP WIDTH="17" VPOS="1286" HPOS="649"/><String ID="p291_w222" CONTENT="before" HPOS="666" VPOS="1286" WIDTH="112" HEIGHT="75" STYLEREFS="font0"/><SP WIDTH="11" VPOS="1286" HPOS="778"/><String ID="p291_w223" CONTENT="the" HPOS="789" VPOS="1286" WIDTH="55" HEIGHT="75" STYLEREFS="font0"/><SP WIDTH="16" VPOS="1286" HPOS="844"/><String ID="p291_w224" CONTENT="formation" HPOS="860" VPOS="1286" WIDTH="172" HEIGHT="75" STYLEREFS="font0"/><SP WIDTH="13" VPOS="1286" HPOS="1032"/><String ID="p291_w225" CONTENT="of" HPOS="1045" VPOS="1286" WIDTH="40" HEIGHT="75" STYLEREFS="font0"/><SP WIDTH="11" VPOS="1286" HPOS="1085"/><String ID="p291_w226" CONTENT="thefe" HPOS="1096" VPOS="1286" WIDTH="87" HEIGHT="75" STYLEREFS="font0"/></TextLine><TextLine WIDTH="1027" HEIGHT="75" ID="p291_t28" HPOS="154" VPOS="1332"><String ID="p291_w227" CONTENT="three" HPOS="154" VPOS="1332" WIDTH="90" HEIGHT="75" STYLEREFS="font0"/><SP WIDTH="16" VPOS="1332" HPOS="244"/><String ID="p291_w228" CONTENT="branches," HPOS="260" VPOS="1332" WIDTH="168" HEIGHT="75" STYLEREFS="font0"/><SP WIDTH="24" VPOS="1332" HPOS="428"/><String ID="p291_w229" CONTENT="fends" HPOS="452" VPOS="1332" WIDTH="91" HEIGHT="75" STYLEREFS="font0"/><SP WIDTH="24" VPOS="1332" HPOS="543"/><String ID="p291_w230" CONTENT="off" HPOS="567" VPOS="1332" WIDTH="52" HEIGHT="75" STYLEREFS="font0"/><SP WIDTH="19" VPOS="1332" HPOS="619"/><String ID="p291_w231" CONTENT="from" HPOS="638" VPOS="1332" WIDTH="84" HEIGHT="75" STYLEREFS="font0"/><SP WIDTH="23" VPOS="1332" HPOS="722"/><String ID="p291_w232" CONTENT="the" HPOS="745" VPOS="1332" WIDTH="56" HEIGHT="75" STYLEREFS="font0"/><SP WIDTH="24" VPOS="1332" HPOS="801"/><String ID="p291_w233" CONTENT="trunk" HPOS="825" VPOS="1332" WIDTH="98" HEIGHT="75" STYLEREFS="font0"/><SP WIDTH="23" VPOS="1332" HPOS="923"/><String ID="p291_w234" CONTENT="feveral" HPOS="946" VPOS="1332" WIDTH="119" HEIGHT="75" STYLEREFS="font0"/><SP WIDTH="27" VPOS="1332" HPOS="1065"/><String ID="p291_w235" CONTENT="fmall" HPOS="1092" VPOS="1332" WIDTH="89" HEIGHT="75" STYLEREFS="font0"/></TextLine><TextLine WIDTH="1029" HEIGHT="75" ID="p291_t29" HPOS="154" VPOS="1378"><String ID="p291_w236" CONTENT="rami," HPOS="154" VPOS="1378" WIDTH="91" HEIGHT="75" STYLEREFS="font0"/><SP WIDTH="25" VPOS="1378" HPOS="245"/><String ID="p291_w237" CONTENT="which" HPOS="270" VPOS="1378" WIDTH="106" HEIGHT="75" STYLEREFS="font0"/><SP WIDTH="28" VPOS="1378" HPOS="376"/><String ID="p291_w238" CONTENT="are" HPOS="404" VPOS="1378" WIDTH="52" HEIGHT="75" STYLEREFS="font0"/><SP WIDTH="29" VPOS="1378" HPOS="456"/><String ID="p291_w239" CONTENT="commonly" HPOS="485" VPOS="1378" WIDTH="181" HEIGHT="75" STYLEREFS="font0"/><SP WIDTH="22" VPOS="1378" HPOS="666"/><String ID="p291_w240" CONTENT="the" HPOS="688" VPOS="1378" WIDTH="57" HEIGHT="75" STYLEREFS="font0"/><SP WIDTH="21" VPOS="1378" HPOS="745"/><String ID="p291_w241" CONTENT="venae" HPOS="766" VPOS="1378" WIDTH="86" HEIGHT="75" STYLEREFS="font0"/><SP WIDTH="25" VPOS="1378" HPOS="852"/><String ID="p291_w242" CONTENT="cyfticse," HPOS="877" VPOS="1378" WIDTH="135" HEIGHT="75" STYLEREFS="font0"/><SP WIDTH="12" VPOS="1378" HPOS="1012"/><String ID="p291_w243" CONTENT=".hepatica" HPOS="1024" VPOS="1378" WIDTH="159" HEIGHT="75" STYLEREFS="font0"/></TextLine><TextLine WIDTH="1029" HEIGHT="75" ID="p291_t30" HPOS="153" VPOS="1423"><String ID="p291_w244" CONTENT="minor," HPOS="153" VPOS="1423" WIDTH="115" HEIGHT="75" STYLEREFS="font0"/><SP WIDTH="26" VPOS="1423" HPOS="268"/><String ID="p291_w245" CONTENT="pylorica," HPOS="294" VPOS="1423" WIDTH="155" HEIGHT="75" STYLEREFS="font0"/><SP WIDTH="24" VPOS="1423" HPOS="449"/><String ID="p291_w246" CONTENT="duodenalis," HPOS="473" VPOS="1423" WIDTH="199" HEIGHT="75" STYLEREFS="font0"/><SP WIDTH="26" VPOS="1423" HPOS="672"/><String ID="p291_w247" CONTENT="and" HPOS="698" VPOS="1423" WIDTH="62" HEIGHT="75" STYLEREFS="font0"/><SP WIDTH="22" VPOS="1423" HPOS="760"/><String ID="p291_w248" CONTENT="fometimes" HPOS="782" VPOS="1423" WIDTH="179" HEIGHT="75" STYLEREFS="font0"/><SP WIDTH="18" VPOS="1423" HPOS="961"/><String ID="p291_w249" CONTENT="the" HPOS="979" VPOS="1423" WIDTH="53" HEIGHT="75" STYLEREFS="font0"/><SP WIDTH="17" VPOS="1423" HPOS="1032"/><String ID="p291_w250" CONTENT="gaftrica" HPOS="1049" VPOS="1423" WIDTH="133" HEIGHT="75" STYLEREFS="font0"/></TextLine><TextLine WIDTH="557" HEIGHT="75" ID="p291_t31" HPOS="153" VPOS="1469"><String ID="p291_w251" CONTENT="redta," HPOS="153" VPOS="1469" WIDTH="95" HEIGHT="75" STYLEREFS="font0"/><SP WIDTH="26" VPOS="1469" HPOS="248"/><String ID="p291_w252" CONTENT="and" HPOS="274" VPOS="1469" WIDTH="63" HEIGHT="75" STYLEREFS="font0"/><SP WIDTH="17" VPOS="1469" HPOS="337"/><String ID="p291_w253" CONTENT="coronaria" HPOS="354" VPOS="1469" WIDTH="164" HEIGHT="75" STYLEREFS="font0"/><SP WIDTH="11" VPOS="1469" HPOS="518"/><String ID="p291_w254" CONTENT="ventriculi." HPOS="529" VPOS="1469" WIDTH="181" HEIGHT="75" STYLEREFS="font0"/></TextLine><TextLine WIDTH="979" HEIGHT="75" ID="p291_t32" HPOS="200" VPOS="1516"><String ID="p291_w255" CONTENT="All" HPOS="200" VPOS="1516" WIDTH="57" HEIGHT="75" STYLEREFS="font0"/><SP WIDTH="24" VPOS="1516" HPOS="257"/><String ID="p291_w256" CONTENT="thefe" HPOS="281" VPOS="1516" WIDTH="86" HEIGHT="75" STYLEREFS="font0"/><SP WIDTH="16" VPOS="1516" HPOS="367"/><String ID="p291_w257" CONTENT="fmall" HPOS="383" VPOS="1516" WIDTH="89" HEIGHT="75" STYLEREFS="font0"/><SP WIDTH="17" VPOS="1516" HPOS="472"/><String ID="p291_w258" CONTENT="veins" HPOS="489" VPOS="1516" WIDTH="87" HEIGHT="75" STYLEREFS="font0"/><SP WIDTH="16" VPOS="1516" HPOS="576"/><String ID="p291_w259" CONTENT="fometimes" HPOS="592" VPOS="1516" WIDTH="178" HEIGHT="75" STYLEREFS="font0"/><SP WIDTH="18" VPOS="1516" HPOS="770"/><String ID="p291_w260" CONTENT="arife" HPOS="788" VPOS="1516" WIDTH="78" HEIGHT="75" STYLEREFS="font0"/><SP WIDTH="16" VPOS="1516" HPOS="866"/><String ID="p291_w261" CONTENT="feparately;" HPOS="882" VPOS="1516" WIDTH="195" HEIGHT="75" STYLEREFS="font0"/><SP WIDTH="27" VPOS="1516" HPOS="1077"/><String ID="p291_w262" CONTENT="and," HPOS="1104" VPOS="1516" WIDTH="75" HEIGHT="75" STYLEREFS="font0"/></TextLine><TextLine WIDTH="1028" HEIGHT="75" ID="p291_t33" HPOS="153" VPOS="1561"><String ID="p291_w263" CONTENT="in" HPOS="153" VPOS="1561" WIDTH="30" HEIGHT="75" STYLEREFS="font0"/><SP WIDTH="18" VPOS="1561" HPOS="183"/><String ID="p291_w264" CONTENT="other" HPOS="201" VPOS="1561" WIDTH="94" HEIGHT="75" STYLEREFS="font0"/><SP WIDTH="16" VPOS="1561" HPOS="295"/><String ID="p291_w265" CONTENT="fubjeds," HPOS="311" VPOS="1561" WIDTH="149" HEIGHT="75" STYLEREFS="font0"/><SP WIDTH="25" VPOS="1561" HPOS="460"/><String ID="p291_w266" CONTENT="fome" HPOS="485" VPOS="1561" WIDTH="85" HEIGHT="75" STYLEREFS="font0"/><SP WIDTH="17" VPOS="1561" HPOS="570"/><String ID="p291_w267" CONTENT="of" HPOS="587" VPOS="1561" WIDTH="40" HEIGHT="75" STYLEREFS="font0"/><SP WIDTH="11" VPOS="1561" HPOS="627"/><String ID="p291_w268" CONTENT="them" HPOS="638" VPOS="1561" WIDTH="89" HEIGHT="75" STYLEREFS="font0"/><SP WIDTH="15" VPOS="1561" HPOS="727"/><String ID="p291_w269" CONTENT="go" HPOS="742" VPOS="1561" WIDTH="42" HEIGHT="75" STYLEREFS="font0"/><SP WIDTH="16" VPOS="1561" HPOS="784"/><String ID="p291_w270" CONTENT="out" HPOS="800" VPOS="1561" WIDTH="58" HEIGHT="75" STYLEREFS="font0"/><SP WIDTH="17" VPOS="1561" HPOS="858"/><String ID="p291_w271" CONTENT="by" HPOS="875" VPOS="1561" WIDTH="43" HEIGHT="75" STYLEREFS="font0"/><SP WIDTH="11" VPOS="1561" HPOS="918"/><String ID="p291_w272" CONTENT="fmall" HPOS="929" VPOS="1561" WIDTH="89" HEIGHT="75" STYLEREFS="font0"/><SP WIDTH="17" VPOS="1561" HPOS="1018"/><String ID="p291_w273" CONTENT="common" HPOS="1035" VPOS="1561" WIDTH="146" HEIGHT="75" STYLEREFS="font0"/></TextLine><TextLine WIDTH="125" HEIGHT="75" ID="p291_t34" HPOS="152" VPOS="1608"><String ID="p291_w274" CONTENT="trunks." HPOS="152" VPOS="1608" WIDTH="125" HEIGHT="75" STYLEREFS="font0"/></TextLine><TextLine WIDTH="983" HEIGHT="75" ID="p291_t35" HPOS="197" VPOS="1653"><String ID="p291_w275" CONTENT="The" HPOS="197" VPOS="1653" WIDTH="77" HEIGHT="75" STYLEREFS="font0"/><SP WIDTH="17" VPOS="1653" HPOS="274"/><String ID="p291_w276" CONTENT="cyftic" HPOS="291" VPOS="1653" WIDTH="95" HEIGHT="75" STYLEREFS="font0"/><SP WIDTH="18" VPOS="1653" HPOS="386"/><String ID="p291_w277" CONTENT="veins" HPOS="404" VPOS="1653" WIDTH="86" HEIGHT="75" STYLEREFS="font0"/><SP WIDTH="20" VPOS="1653" HPOS="490"/><String ID="p291_w278" CONTENT="run" HPOS="510" VPOS="1653" WIDTH="59" HEIGHT="75" STYLEREFS="font0"/><SP WIDTH="16" VPOS="1653" HPOS="569"/><String ID="p291_w279" CONTENT="along" HPOS="585" VPOS="1653" WIDTH="95" HEIGHT="75" STYLEREFS="font0"/><SP WIDTH="16" VPOS="1653" HPOS="680"/><String ID="p291_w280" CONTENT="the" HPOS="696" VPOS="1653" WIDTH="56" HEIGHT="75" STYLEREFS="font0"/><SP WIDTH="13" VPOS="1653" HPOS="752"/><String ID="p291_w281" CONTENT=".veficula" HPOS="765" VPOS="1653" WIDTH="136" HEIGHT="75" STYLEREFS="font0"/><SP WIDTH="16" VPOS="1653" HPOS="901"/><String ID="p291_w282" CONTENT="fellis," HPOS="917" VPOS="1653" WIDTH="96" HEIGHT="75" STYLEREFS="font0"/><SP WIDTH="25" VPOS="1653" HPOS="1013"/><String ID="p291_w283" CONTENT="from" HPOS="1038" VPOS="1653" WIDTH="84" HEIGHT="75" STYLEREFS="font0"/><SP WIDTH="16" VPOS="1653" HPOS="1122"/><String ID="p291_w284" CONTENT="its" HPOS="1138" VPOS="1653" WIDTH="42" HEIGHT="75" STYLEREFS="font0"/></TextLine><TextLine WIDTH="1029" HEIGHT="75" ID="p291_t36" HPOS="151" VPOS="1699"><String ID="p291_w285" CONTENT="neck" HPOS="151" VPOS="1699" WIDTH="80" HEIGHT="75" STYLEREFS="font0"/><SP WIDTH="13" VPOS="1699" HPOS="231"/><String ID="p291_w286" CONTENT="to" HPOS="244" VPOS="1699" WIDTH="34" HEIGHT="75" STYLEREFS="font0"/><SP WIDTH="13" VPOS="1699" HPOS="278"/><String ID="p291_w287" CONTENT="the" HPOS="291" VPOS="1699" WIDTH="54" HEIGHT="75" STYLEREFS="font0"/><SP WIDTH="13" VPOS="1699" HPOS="345"/><String ID="p291_w288" CONTENT="bottom;" HPOS="358" VPOS="1699" WIDTH="148" HEIGHT="75" STYLEREFS="font0"/><SP WIDTH="26" VPOS="1699" HPOS="506"/><String ID="p291_w289" CONTENT="and" HPOS="532" VPOS="1699" WIDTH="62" HEIGHT="75" STYLEREFS="font0"/><SP WIDTH="16" VPOS="1699" HPOS="594"/><String ID="p291_w290" CONTENT="as" HPOS="610" VPOS="1699" WIDTH="33" HEIGHT="75" STYLEREFS="font0"/><SP WIDTH="12" VPOS="1699" HPOS="643"/><String ID="p291_w291" CONTENT="they" HPOS="655" VPOS="1699" WIDTH="80" HEIGHT="75" STYLEREFS="font0"/><SP WIDTH="16" VPOS="1699" HPOS="735"/><String ID="p291_w292" CONTENT="are" HPOS="751" VPOS="1699" WIDTH="53" HEIGHT="75" STYLEREFS="font0"/><SP WIDTH="22" VPOS="1699" HPOS="804"/><String ID="p291_w293" CONTENT="often" HPOS="826" VPOS="1699" WIDTH="91" HEIGHT="75" STYLEREFS="font0"/><SP WIDTH="17" VPOS="1699" HPOS="917"/><String ID="p291_w294" CONTENT="no" HPOS="934" VPOS="1699" WIDTH="41" HEIGHT="75" STYLEREFS="font0"/><SP WIDTH="21" VPOS="1699" HPOS="975"/><String ID="p291_w295" CONTENT="more" HPOS="996" VPOS="1699" WIDTH="90" HEIGHT="75" STYLEREFS="font0"/><SP WIDTH="17" VPOS="1699" HPOS="1086"/><String ID="p291_w296" CONTENT="than" HPOS="1103" VPOS="1699" WIDTH="77" HEIGHT="75" STYLEREFS="font0"/></TextLine><TextLine WIDTH="871" HEIGHT="75" ID="p291_t37" HPOS="151" VPOS="1743"><String ID="p291_w297" CONTENT="two" HPOS="151" VPOS="1743" WIDTH="65" HEIGHT="75" STYLEREFS="font0"/><SP WIDTH="17" VPOS="1743" HPOS="216"/><String ID="p291_w298" CONTENT="in" HPOS="233" VPOS="1743" WIDTH="32" HEIGHT="75" STYLEREFS="font0"/><SP WIDTH="15" VPOS="1743" HPOS="265"/><String ID="p291_w299" CONTENT="number," HPOS="280" VPOS="1743" WIDTH="147" HEIGHT="75" STYLEREFS="font0"/><SP WIDTH="25" VPOS="1743" HPOS="427"/><String ID="p291_w300" CONTENT="they" HPOS="452" VPOS="1743" WIDTH="79" HEIGHT="75" STYLEREFS="font0"/><SP WIDTH="16" VPOS="1743" HPOS="531"/><String ID="p291_w301" CONTENT="are" HPOS="547" VPOS="1743" WIDTH="53" HEIGHT="75" STYLEREFS="font0"/><SP WIDTH="16" VPOS="1743" HPOS="600"/><String ID="p291_w302" CONTENT="called" HPOS="616" VPOS="1743" WIDTH="104" HEIGHT="75" STYLEREFS="font0"/><SP WIDTH="14" VPOS="1743" HPOS="720"/><String ID="p291_w303" CONTENT="cyjiica" HPOS="734" VPOS="1743" WIDTH="120" HEIGHT="75" STYLEREFS="font0"/><SP WIDTH="11" VPOS="1743" HPOS="854"/><String ID="p291_w304" CONTENT="gemsUa." HPOS="865" VPOS="1743" WIDTH="157" HEIGHT="75" STYLEREFS="font0"/></TextLine><TextLine WIDTH="984" HEIGHT="75" ID="p291_t38" HPOS="196" VPOS="1789"><String ID="p291_w305" CONTENT="The" HPOS="196" VPOS="1789" WIDTH="77" HEIGHT="75" STYLEREFS="font0"/><SP WIDTH="16" VPOS="1789" HPOS="273"/><String ID="p291_w306" CONTENT="fmall" HPOS="289" VPOS="1789" WIDTH="90" HEIGHT="75" STYLEREFS="font0"/><SP WIDTH="16" VPOS="1789" HPOS="379"/><String ID="p291_w307" CONTENT="hep:'" HPOS="395" VPOS="1789" WIDTH="83" HEIGHT="75" STYLEREFS="font0"/><String ID="p291_w308" CONTENT="tic" HPOS="478" VPOS="1789" WIDTH="43" HEIGHT="75" STYLEREFS="font0"/><SP WIDTH="16" VPOS="1789" HPOS="521"/><String ID="p291_w309" CONTENT="vein" HPOS="537" VPOS="1789" WIDTH="70" HEIGHT="75" STYLEREFS="font0"/><SP WIDTH="18" VPOS="1789" HPOS="607"/><String ID="p291_w310" CONTENT="is" HPOS="625" VPOS="1789" WIDTH="26" HEIGHT="75" STYLEREFS="font0"/><SP WIDTH="18" VPOS="1789" HPOS="651"/><String ID="p291_w311" CONTENT="commonly" HPOS="669" VPOS="1789" WIDTH="180" HEIGHT="75" STYLEREFS="font0"/><SP WIDTH="22" VPOS="1789" HPOS="849"/><String ID="p291_w312" CONTENT="a" HPOS="871" VPOS="1789" WIDTH="19" HEIGHT="75" STYLEREFS="font0"/><SP WIDTH="23" VPOS="1789" HPOS="890"/><String ID="p291_w313" CONTENT="branch" HPOS="913" VPOS="1789" WIDTH="119" HEIGHT="75" STYLEREFS="font0"/><SP WIDTH="25" VPOS="1789" HPOS="1032"/><String ID="p291_w314" CONTENT="of" HPOS="1057" VPOS="1789" WIDTH="40" HEIGHT="75" STYLEREFS="font0"/><SP WIDTH="22" VPOS="1789" HPOS="1097"/><String ID="p291_w315" CONTENT="one" HPOS="1119" VPOS="1789" WIDTH="61" HEIGHT="75" STYLEREFS="font0"/></TextLine><TextLine WIDTH="265" HEIGHT="75" ID="p291_t39" HPOS="151" VPOS="1835"><String ID="p291_w316" CONTENT="of" HPOS="151" VPOS="1835" WIDTH="39" HEIGHT="75" STYLEREFS="font0"/><SP WIDTH="19" VPOS="1835" HPOS="190"/><String ID="p291_w317" CONTENT="the" HPOS="209" VPOS="1835" WIDTH="54" HEIGHT="75" STYLEREFS="font0"/><SP WIDTH="17" VPOS="1835" HPOS="263"/><String ID="p291_w318" CONTENT="cyftica:." HPOS="280" VPOS="1835" WIDTH="136" HEIGHT="75" STYLEREFS="font0"/></TextLine><TextLine WIDTH="983" HEIGHT="75" ID="p291_t40" HPOS="196" VPOS="1881"><String ID="p291_w319" CONTENT="The" HPOS="196" VPOS="1881" WIDTH="76" HEIGHT="75" STYLEREFS="font0"/><SP WIDTH="16" VPOS="1881" HPOS="272"/><String ID="p291_w320" CONTENT="vena" HPOS="288" VPOS="1881" WIDTH="80" HEIGHT="75" STYLEREFS="font0"/><SP WIDTH="16" VPOS="1881" HPOS="368"/><String ID="p291_w321" CONTENT="pylorica" HPOS="384" VPOS="1881" WIDTH="141" HEIGHT="75" STYLEREFS="font0"/><SP WIDTH="17" VPOS="1881" HPOS="525"/><String ID="p291_w322" CONTENT="arifes" HPOS="542" VPOS="1881" WIDTH="94" HEIGHT="75" STYLEREFS="font0"/><SP WIDTH="17" VPOS="1881" HPOS="636"/><String ID="p291_w323" CONTENT="from" HPOS="653" VPOS="1881" WIDTH="83" HEIGHT="75" STYLEREFS="font0"/><SP WIDTH="17" VPOS="1881" HPOS="736"/><String ID="p291_w324" CONTENT="the" HPOS="753" VPOS="1881" WIDTH="56" HEIGHT="75" STYLEREFS="font0"/><SP WIDTH="16" VPOS="1881" HPOS="809"/><String ID="p291_w325" CONTENT="great" HPOS="825" VPOS="1881" WIDTH="90" HEIGHT="75" STYLEREFS="font0"/><SP WIDTH="21" VPOS="1881" HPOS="915"/><String ID="p291_w326" CONTENT="trunk,," HPOS="936" VPOS="1881" WIDTH="123" HEIGHT="75" STYLEREFS="font0"/><SP WIDTH="10" VPOS="1881" HPOS="1059"/><String ID="p291_w327" CONTENT="aimoft" HPOS="1069" VPOS="1881" WIDTH="110" HEIGHT="75" STYLEREFS="font0"/></TextLine><TextLine WIDTH="1030" HEIGHT="75" ID="p291_t41" HPOS="147" VPOS="1927"><String ID="p291_w328" CONTENT="oppofite" HPOS="147" VPOS="1927" WIDTH="139" HEIGHT="75" STYLEREFS="font0"/><SP WIDTH="16" VPOS="1927" HPOS="286"/><String ID="p291_w329" CONTENT="to" HPOS="302" VPOS="1927" WIDTH="36" HEIGHT="75" STYLEREFS="font0"/><SP WIDTH="16" VPOS="1927" HPOS="338"/><String ID="p291_w330" CONTENT="the" HPOS="354" VPOS="1927" WIDTH="54" HEIGHT="75" STYLEREFS="font0"/><SP WIDTH="18" VPOS="1927" HPOS="408"/><String ID="p291_w331" CONTENT="origin" HPOS="426" VPOS="1927" WIDTH="101" HEIGHT="75" STYLEREFS="font0"/><SP WIDTH="26" VPOS="1927" HPOS="527"/><String ID="p291_w332" CONTENT="of" HPOS="553" VPOS="1927" WIDTH="40" HEIGHT="75" STYLEREFS="font0"/><SP WIDTH="18" VPOS="1927" HPOS="593"/><String ID="p291_w333" CONTENT="the" HPOS="611" VPOS="1927" WIDTH="56" HEIGHT="75" STYLEREFS="font0"/><SP WIDTH="24" VPOS="1927" HPOS="667"/><String ID="p291_w334" CONTENT="cyftica:;" HPOS="691" VPOS="1927" WIDTH="144" HEIGHT="75" STYLEREFS="font0"/><SP WIDTH="28" VPOS="1927" HPOS="835"/><String ID="p291_w335" CONTENT="and" HPOS="863" VPOS="1927" WIDTH="62" HEIGHT="75" STYLEREFS="font0"/><SP WIDTH="21" VPOS="1927" HPOS="925"/><String ID="p291_w336" CONTENT="fometimes" HPOS="946" VPOS="1927" WIDTH="179" HEIGHT="75" STYLEREFS="font0"/><SP WIDTH="26" VPOS="1927" HPOS="1125"/><String ID="p291_w337" CONTENT="is" HPOS="1151" VPOS="1927" WIDTH="26" HEIGHT="75" STYLEREFS="font0"/></TextLine><TextLine WIDTH="1030" HEIGHT="75" ID="p291_t42" HPOS="147" VPOS="1973"><String ID="p291_w338" CONTENT="only" HPOS="147" VPOS="1973" WIDTH="76" HEIGHT="75" STYLEREFS="font0"/><SP WIDTH="16" VPOS="1973" HPOS="223"/><String ID="p291_w339" CONTENT="a" HPOS="239" VPOS="1973" WIDTH="18" HEIGHT="75" STYLEREFS="font0"/><SP WIDTH="16" VPOS="1973" HPOS="257"/><String ID="p291_w340" CONTENT="branch" HPOS="273" VPOS="1973" WIDTH="117" HEIGHT="75" STYLEREFS="font0"/><SP WIDTH="18" VPOS="1973" HPOS="390"/><String ID="p291_w341" CONTENT="of" HPOS="408" VPOS="1973" WIDTH="41" HEIGHT="75" STYLEREFS="font0"/><SP WIDTH="18" VPOS="1973" HPOS="449"/><String ID="p291_w342" CONTENT="the" HPOS="467" VPOS="1973" WIDTH="55" HEIGHT="75" STYLEREFS="font0"/><SP WIDTH="17" VPOS="1973" HPOS="522"/><String ID="p291_w343" CONTENT="right" HPOS="539" VPOS="1973" WIDTH="87" HEIGHT="75" STYLEREFS="font0"/><SP WIDTH="24" VPOS="1973" HPOS="626"/><String ID="p291_w344" CONTENT="gaftrica." HPOS="650" VPOS="1973" WIDTH="143" HEIGHT="75" STYLEREFS="font0"/><SP WIDTH="51" VPOS="1973" HPOS="793"/><String ID="p291_w345" CONTENT="It" HPOS="844" VPOS="1973" WIDTH="32" HEIGHT="75" STYLEREFS="font0"/><SP WIDTH="24" VPOS="1973" HPOS="876"/><String ID="p291_w346" CONTENT="palTes-over" HPOS="900" VPOS="1973" WIDTH="200" HEIGHT="75" STYLEREFS="font0"/><SP WIDTH="22" VPOS="1973" HPOS="1100"/><String ID="p291_w347" CONTENT="the" HPOS="1122" VPOS="1973" WIDTH="55" HEIGHT="75" STYLEREFS="font0"/></TextLine><TextLine WIDTH="1030" HEIGHT="75" ID="p291_t43" HPOS="146" VPOS="2019"><String ID="p291_w348" CONTENT="pylorus" HPOS="146" VPOS="2019" WIDTH="130" HEIGHT="75" STYLEREFS="font0"/><SP WIDTH="23" VPOS="2019" HPOS="276"/><String ID="p291_w349" CONTENT="to" HPOS="299" VPOS="2019" WIDTH="36" HEIGHT="75" STYLEREFS="font0"/><SP WIDTH="24" VPOS="2019" HPOS="335"/><String ID="p291_w350" CONTENT="the" HPOS="359" VPOS="2019" WIDTH="54" HEIGHT="75" STYLEREFS="font0"/><SP WIDTH="24" VPOS="2019" HPOS="413"/><String ID="p291_w351" CONTENT="Ihort" HPOS="437" VPOS="2019" WIDTH="85" HEIGHT="75" STYLEREFS="font0"/><SP WIDTH="25" VPOS="2019" HPOS="522"/><String ID="p291_w352" CONTENT="arch" HPOS="547" VPOS="2019" WIDTH="76" HEIGHT="75" STYLEREFS="font0"/><SP WIDTH="23" VPOS="2019" HPOS="623"/><String ID="p291_w353" CONTENT="of" HPOS="646" VPOS="2019" WIDTH="41" HEIGHT="75" STYLEREFS="font0"/><SP WIDTH="21" VPOS="2019" HPOS="687"/><String ID="p291_w354" CONTENT="the" HPOS="708" VPOS="2019" WIDTH="55" HEIGHT="75" STYLEREFS="font0"/><SP WIDTH="27" VPOS="2019" HPOS="763"/><String ID="p291_w355" CONTENT="ftomach," HPOS="790" VPOS="2019" WIDTH="153" HEIGHT="75" STYLEREFS="font0"/><SP WIDTH="25" VPOS="2019" HPOS="943"/><String ID="p291_w356" CONTENT="where" HPOS="968" VPOS="2019" WIDTH="108" HEIGHT="75" STYLEREFS="font0"/><SP WIDTH="23" VPOS="2019" HPOS="1076"/><String ID="p291_w357" CONTENT="it" HPOS="1099" VPOS="2019" WIDTH="27" HEIGHT="75" STYLEREFS="font0"/><SP WIDTH="23" VPOS="2019" HPOS="1126"/><String ID="p291_w358" CONTENT="is" HPOS="1149" VPOS="2019" WIDTH="27" HEIGHT="75" STYLEREFS="font0"/></TextLine><TextLine WIDTH="970" HEIGHT="75" ID="p291_t44" HPOS="144" VPOS="2064"><String ID="p291_w359" CONTENT="joined," HPOS="144" VPOS="2064" WIDTH="123" HEIGHT="75" STYLEREFS="font0"/><SP WIDTH="26" VPOS="2064" HPOS="267"/><String ID="p291_w360" CONTENT="by" HPOS="293" VPOS="2064" WIDTH="43" HEIGHT="75" STYLEREFS="font0"/><SP WIDTH="17" VPOS="2064" HPOS="336"/><String ID="p291_w361" CONTENT="anaftomofis," HPOS="353" VPOS="2064" WIDTH="209" HEIGHT="75" STYLEREFS="font0"/><SP WIDTH="24" VPOS="2064" HPOS="562"/><String ID="p291_w362" CONTENT="with" HPOS="586" VPOS="2064" WIDTH="81" HEIGHT="75" STYLEREFS="font0"/><SP WIDTH="12" VPOS="2064" HPOS="667"/><String ID="p291_w363" CONTENT="the" HPOS="679" VPOS="2064" WIDTH="54" HEIGHT="75" STYLEREFS="font0"/><SP WIDTH="17" VPOS="2064" HPOS="733"/><String ID="p291_w364" CONTENT="coronaria" HPOS="750" VPOS="2064" WIDTH="165" HEIGHT="75" STYLEREFS="font0"/><SP WIDTH="16" VPOS="2064" HPOS="915"/><String ID="p291_w365" CONTENT="ventriculi." HPOS="931" VPOS="2064" WIDTH="183" HEIGHT="75" STYLEREFS="font0"/></TextLine><TextLine WIDTH="979" HEIGHT="75" ID="p291_t45" HPOS="193" VPOS="2111"><String ID="p291_w366" CONTENT="The" HPOS="193" VPOS="2111" WIDTH="76" HEIGHT="75" STYLEREFS="font0"/><SP WIDTH="16" VPOS="2111" HPOS="269"/><String ID="p291_w367" CONTENT="duodenal" HPOS="285" VPOS="2111" WIDTH="158" HEIGHT="75" STYLEREFS="font0"/><SP WIDTH="16" VPOS="2111" HPOS="443"/><String ID="p291_w368" CONTENT="vein," HPOS="459" VPOS="2111" WIDTH="83" HEIGHT="75" STYLEREFS="font0"/><SP WIDTH="18" VPOS="2111" HPOS="542"/><String ID="p291_w369" CONTENT="commonly" HPOS="560" VPOS="2111" WIDTH="184" HEIGHT="75" STYLEREFS="font0"/><SP WIDTH="9" VPOS="2111" HPOS="744"/><String ID="p291_w370" CONTENT="called" HPOS="753" VPOS="2111" WIDTH="103" HEIGHT="75" STYLEREFS="font0"/><SP WIDTH="12" VPOS="2111" HPOS="856"/><String ID="p291_w371" CONTENT="vena" HPOS="868" VPOS="2111" WIDTH="82" HEIGHT="75" STYLEREFS="font0"/><SP WIDTH="12" VPOS="2111" HPOS="950"/><String ID="p291_w372" CONTENT="intefinalis," HPOS="962" VPOS="2111" WIDTH="210" HEIGHT="75" STYLEREFS="font0"/></TextLine><TextLine WIDTH="1027" HEIGHT="75" ID="p291_t46" HPOS="146" VPOS="2156"><String ID="p291_w373" CONTENT="goes" HPOS="146" VPOS="2156" WIDTH="76" HEIGHT="75" STYLEREFS="font0"/><SP WIDTH="17" VPOS="2156" HPOS="222"/><String ID="p291_w374" CONTENT="out" HPOS="239" VPOS="2156" WIDTH="57" HEIGHT="75" STYLEREFS="font0"/><SP WIDTH="17" VPOS="2156" HPOS="296"/><String ID="p291_w375" CONTENT="from" HPOS="313" VPOS="2156" WIDTH="84" HEIGHT="75" STYLEREFS="font0"/><SP WIDTH="12" VPOS="2156" HPOS="397"/><String ID="p291_w376" CONTENT="the" HPOS="409" VPOS="2156" WIDTH="55" HEIGHT="75" STYLEREFS="font0"/><SP WIDTH="17" VPOS="2156" HPOS="464"/><String ID="p291_w377" CONTENT="great" HPOS="481" VPOS="2156" WIDTH="90" HEIGHT="75" STYLEREFS="font0"/><SP WIDTH="12" VPOS="2156" HPOS="571"/><String ID="p291_w378" CONTENT="trunk" HPOS="583" VPOS="2156" WIDTH="100" HEIGHT="75" STYLEREFS="font0"/><SP WIDTH="12" VPOS="2156" HPOS="683"/><String ID="p291_w379" CONTENT="near" HPOS="695" VPOS="2156" WIDTH="75" HEIGHT="75" STYLEREFS="font0"/><SP WIDTH="11" VPOS="2156" HPOS="770"/><String ID="p291_w380" CONTENT="the" HPOS="781" VPOS="2156" WIDTH="55" HEIGHT="75" STYLEREFS="font0"/><SP WIDTH="12" VPOS="2156" HPOS="836"/><String ID="p291_w381" CONTENT="cyfticae," HPOS="848" VPOS="2156" WIDTH="134" HEIGHT="75" STYLEREFS="font0"/><SP WIDTH="18" VPOS="2156" HPOS="982"/><String ID="p291_w382" CONTENT="and" HPOS="1000" VPOS="2156" WIDTH="62" HEIGHT="75" STYLEREFS="font0"/><SP WIDTH="11" VPOS="2156" HPOS="1062"/><String ID="p291_w383" CONTENT="fome-" HPOS="1073" VPOS="2156" WIDTH="100" HEIGHT="75" STYLEREFS="font0"/></TextLine><TextLine WIDTH="1029" HEIGHT="75" ID="p291_t47" HPOS="145" VPOS="2201"><String ID="p291_w384" CONTENT="times" HPOS="145" VPOS="2201" WIDTH="92" HEIGHT="75" STYLEREFS="font0"/><SP WIDTH="17" VPOS="2201" HPOS="237"/><String ID="p291_w385" CONTENT="from" HPOS="254" VPOS="2201" WIDTH="82" HEIGHT="75" STYLEREFS="font0"/><SP WIDTH="18" VPOS="2201" HPOS="336"/><String ID="p291_w386" CONTENT="the." HPOS="354" VPOS="2201" WIDTH="57" HEIGHT="75" STYLEREFS="font0"/><SP WIDTH="14" VPOS="2201" HPOS="411"/><String ID="p291_w387" CONTENT="fmall" HPOS="425" VPOS="2201" WIDTH="90" HEIGHT="75" STYLEREFS="font0"/><SP WIDTH="17" VPOS="2201" HPOS="515"/><String ID="p291_w388" CONTENT="common" HPOS="532" VPOS="2201" WIDTH="146" HEIGHT="75" STYLEREFS="font0"/><SP WIDTH="25" VPOS="2201" HPOS="678"/><String ID="p291_w389" CONTENT="trunk" HPOS="703" VPOS="2201" WIDTH="98" HEIGHT="75" STYLEREFS="font0"/><SP WIDTH="25" VPOS="2201" HPOS="801"/><String ID="p291_w390" CONTENT="of" HPOS="826" VPOS="2201" WIDTH="39" HEIGHT="75" STYLEREFS="font0"/><SP WIDTH="19" VPOS="2201" HPOS="865"/><String ID="p291_w391" CONTENT="thefe" HPOS="884" VPOS="2201" WIDTH="87" HEIGHT="75" STYLEREFS="font0"/><SP WIDTH="21" VPOS="2201" HPOS="971"/><String ID="p291_w392" CONTENT="veins." HPOS="992" VPOS="2201" WIDTH="100" HEIGHT="75" STYLEREFS="font0"/><SP WIDTH="49" VPOS="2201" HPOS="1092"/><String ID="p291_w393" CONTENT="It" HPOS="1141" VPOS="2201" WIDTH="33" HEIGHT="75" STYLEREFS="font0"/></TextLine><TextLine WIDTH="1028" HEIGHT="75" ID="p291_t48" HPOS="145" VPOS="2247"><String ID="p291_w394" CONTENT="is" HPOS="145" VPOS="2247" WIDTH="26" HEIGHT="75" STYLEREFS="font0"/><SP WIDTH="26" VPOS="2247" HPOS="171"/><String ID="p291_w395" CONTENT="diftributed" HPOS="197" VPOS="2247" WIDTH="187" HEIGHT="75" STYLEREFS="font0"/><SP WIDTH="25" VPOS="2247" HPOS="384"/><String ID="p291_w396" CONTENT="chiefly" HPOS="409" VPOS="2247" WIDTH="116" HEIGHT="75" STYLEREFS="font0"/><SP WIDTH="22" VPOS="2247" HPOS="525"/><String ID="p291_w397" CONTENT="to" HPOS="547" VPOS="2247" WIDTH="36" HEIGHT="75" STYLEREFS="font0"/><SP WIDTH="23" VPOS="2247" HPOS="583"/><String ID="p291_w398" CONTENT="the" HPOS="606" VPOS="2247" WIDTH="55" HEIGHT="75" STYLEREFS="font0"/><SP WIDTH="27" VPOS="2247" HPOS="661"/><String ID="p291_w399" CONTENT="inteftinum" HPOS="688" VPOS="2247" WIDTH="179" HEIGHT="75" STYLEREFS="font0"/><SP WIDTH="25" VPOS="2247" HPOS="867"/><String ID="p291_w400" CONTENT="duodenum," HPOS="892" VPOS="2247" WIDTH="193" HEIGHT="75" STYLEREFS="font0"/><SP WIDTH="24" VPOS="2247" HPOS="1085"/><String ID="p291_w401" CONTENT="and" HPOS="1109" VPOS="2247" WIDTH="64" HEIGHT="75" STYLEREFS="font0"/></TextLine><TextLine WIDTH="745" HEIGHT="75" ID="p291_t49" HPOS="146" VPOS="2293"><String ID="p291_w402" CONTENT="fends" HPOS="146" VPOS="2293" WIDTH="91" HEIGHT="75" STYLEREFS="font0"/><SP WIDTH="17" VPOS="2293" HPOS="237"/><String ID="p291_w403" CONTENT="likewife" HPOS="254" VPOS="2293" WIDTH="138" HEIGHT="75" STYLEREFS="font0"/><SP WIDTH="16" VPOS="2293" HPOS="392"/><String ID="p291_w404" CONTENT="fome" HPOS="408" VPOS="2293" WIDTH="85" HEIGHT="75" STYLEREFS="font0"/><SP WIDTH="17" VPOS="2293" HPOS="493"/><String ID="p291_w405" CONTENT="rami" HPOS="510" VPOS="2293" WIDTH="79" HEIGHT="75" STYLEREFS="font0"/><SP WIDTH="17" VPOS="2293" HPOS="589"/><String ID="p291_w406" CONTENT="to" HPOS="606" VPOS="2293" WIDTH="34" HEIGHT="75" STYLEREFS="font0"/><SP WIDTH="17" VPOS="2293" HPOS="640"/><String ID="p291_w407" CONTENT="the" HPOS="657" VPOS="2293" WIDTH="55" HEIGHT="75" STYLEREFS="font0"/><SP WIDTH="17" VPOS="2293" HPOS="712"/><String ID="p291_w408" CONTENT="pancreas." HPOS="729" VPOS="2293" WIDTH="162" HEIGHT="75" STYLEREFS="font0"/></TextLine><TextLine WIDTH="980" HEIGHT="75" ID="p291_t50" HPOS="191" VPOS="2339"><String ID="p291_w409" CONTENT="The" HPOS="191" VPOS="2339" WIDTH="75" HEIGHT="75" STYLEREFS="font0"/><SP WIDTH="17" VPOS="2339" HPOS="266"/><String ID="p291_w410" CONTENT="inferior" HPOS="283" VPOS="2339" WIDTH="133" HEIGHT="75" STYLEREFS="font0"/><SP WIDTH="15" VPOS="2339" HPOS="416"/><String ID="p291_w411" CONTENT="vena" HPOS="431" VPOS="2339" WIDTH="80" HEIGHT="75" STYLEREFS="font0"/><SP WIDTH="16" VPOS="2339" HPOS="511"/><String ID="p291_w412" CONTENT="portae," HPOS="527" VPOS="2339" WIDTH="111" HEIGHT="75" STYLEREFS="font0"/><SP WIDTH="18" VPOS="2339" HPOS="638"/><String ID="p291_w413" CONTENT="having" HPOS="656" VPOS="2339" WIDTH="117" HEIGHT="75" STYLEREFS="font0"/><SP WIDTH="17" VPOS="2339" HPOS="773"/><String ID="p291_w414" CONTENT="given" HPOS="790" VPOS="2339" WIDTH="92" HEIGHT="75" STYLEREFS="font0"/><SP WIDTH="13" VPOS="2339" HPOS="882"/><String ID="p291_w415" CONTENT="off" HPOS="895" VPOS="2339" WIDTH="51" HEIGHT="75" STYLEREFS="font0"/><SP WIDTH="11" VPOS="2339" HPOS="946"/><String ID="p291_w416" CONTENT="the" HPOS="957" VPOS="2339" WIDTH="55" HEIGHT="75" STYLEREFS="font0"/><SP WIDTH="12" VPOS="2339" HPOS="1012"/><String ID="p291_w417" CONTENT="fplenica," HPOS="1024" VPOS="2339" WIDTH="147" HEIGHT="75" STYLEREFS="font0"/></TextLine><TextLine WIDTH="1031" HEIGHT="75" ID="p291_t51" HPOS="140" VPOS="2384"><String ID="p291_w418" CONTENT="changes" HPOS="140" VPOS="2384" WIDTH="139" HEIGHT="75" STYLEREFS="font0"/><SP WIDTH="17" VPOS="2384" HPOS="279"/><String ID="p291_w419" CONTENT="its" HPOS="296" VPOS="2384" WIDTH="41" HEIGHT="75" STYLEREFS="font0"/><SP WIDTH="17" VPOS="2384" HPOS="337"/><String ID="p291_w420" CONTENT="name" HPOS="354" VPOS="2384" WIDTH="91" HEIGHT="75" STYLEREFS="font0"/><SP WIDTH="12" VPOS="2384" HPOS="445"/><String ID="p291_w421" CONTENT="to" HPOS="457" VPOS="2384" WIDTH="34" HEIGHT="75" STYLEREFS="font0"/><SP WIDTH="17" VPOS="2384" HPOS="491"/><String ID="p291_w422" CONTENT="that" HPOS="508" VPOS="2384" WIDTH="71" HEIGHT="75" STYLEREFS="font0"/><SP WIDTH="17" VPOS="2384" HPOS="579"/><String ID="p291_w423" CONTENT="of" HPOS="596" VPOS="2384" WIDTH="39" HEIGHT="75" STYLEREFS="font0"/><SP WIDTH="12" VPOS="2384" HPOS="635"/><String ID="p291_w424" CONTENT="mefaraica." HPOS="647" VPOS="2384" WIDTH="190" HEIGHT="75" STYLEREFS="font0"/><SP WIDTH="26" VPOS="2384" HPOS="837"/><String ID="p291_w425" CONTENT="Ox" HPOS="863" VPOS="2384" WIDTH="36" HEIGHT="75" STYLEREFS="font0"/><SP WIDTH="12" VPOS="2384" HPOS="899"/><String ID="p291_w426" CONTENT="mefaraica" HPOS="911" VPOS="2384" WIDTH="176" HEIGHT="75" STYLEREFS="font0"/><SP WIDTH="17" VPOS="2384" HPOS="1087"/><String ID="p291_w427" CONTENT="ma-" HPOS="1104" VPOS="2384" WIDTH="67" HEIGHT="75" STYLEREFS="font0"/></TextLine><TextLine WIDTH="1040" HEIGHT="75" ID="p291_t52" HPOS="136" VPOS="2428"><String ID="p291_w428" CONTENT="jor" HPOS="136" VPOS="2428" WIDTH="60" HEIGHT="75" STYLEREFS="font0"/><SP WIDTH="11" VPOS="2428" HPOS="196"/><String ID="p291_w429" CONTENT=";" HPOS="207" VPOS="2428" WIDTH="10" HEIGHT="75" STYLEREFS="font0"/><SP WIDTH="27" VPOS="2428" HPOS="217"/><String ID="p291_w430" CONTENT="which" HPOS="244" VPOS="2428" WIDTH="104" HEIGHT="75" STYLEREFS="font0"/><SP WIDTH="20" VPOS="2428" HPOS="348"/><String ID="p291_w431" CONTENT="often" HPOS="368" VPOS="2428" WIDTH="89" HEIGHT="75" STYLEREFS="font0"/><SP WIDTH="24" VPOS="2428" HPOS="457"/><String ID="p291_w432" CONTENT="appears" HPOS="481" VPOS="2428" WIDTH="129" HEIGHT="75" STYLEREFS="font0"/><SP WIDTH="18" VPOS="2428" HPOS="610"/><String ID="p291_w433" CONTENT="to" HPOS="628" VPOS="2428" WIDTH="35" HEIGHT="75" STYLEREFS="font0"/><SP WIDTH="16" VPOS="2428" HPOS="663"/><String ID="p291_w434" CONTENT="be" HPOS="679" VPOS="2428" WIDTH="40" HEIGHT="75" STYLEREFS="font0"/><SP WIDTH="17" VPOS="2428" HPOS="719"/><String ID="p291_w435" CONTENT="rather" HPOS="736" VPOS="2428" WIDTH="107" HEIGHT="75" STYLEREFS="font0"/><SP WIDTH="16" VPOS="2428" HPOS="843"/><String ID="p291_w436" CONTENT="a" HPOS="859" VPOS="2428" WIDTH="19" HEIGHT="75" STYLEREFS="font0"/><SP WIDTH="15" VPOS="2428" HPOS="878"/><String ID="p291_w437" CONTENT="continuation" HPOS="893" VPOS="2428" WIDTH="219" HEIGHT="75" STYLEREFS="font0"/><SP WIDTH="24" VPOS="2428" HPOS="1112"/><String ID="p291_w438" CONTENT="of" HPOS="1136" VPOS="2428" WIDTH="40" HEIGHT="75" STYLEREFS="font0"/></TextLine><TextLine WIDTH="822" HEIGHT="75" ID="p291_t53" HPOS="144" VPOS="2475"><String ID="p291_w439" CONTENT="the" HPOS="144" VPOS="2475" WIDTH="55" HEIGHT="75" STYLEREFS="font0"/><SP WIDTH="16" VPOS="2475" HPOS="199"/><String ID="p291_w440" CONTENT="trunk," HPOS="215" VPOS="2475" WIDTH="108" HEIGHT="75" STYLEREFS="font0"/><SP WIDTH="25" VPOS="2475" HPOS="323"/><String ID="p291_w441" CONTENT="than" HPOS="348" VPOS="2475" WIDTH="77" HEIGHT="75" STYLEREFS="font0"/><SP WIDTH="12" VPOS="2475" HPOS="425"/><String ID="p291_w442" CONTENT="of" HPOS="437" VPOS="2475" WIDTH="41" HEIGHT="75" STYLEREFS="font0"/><SP WIDTH="18" VPOS="2475" HPOS="478"/><String ID="p291_w443" CONTENT="one" HPOS="496" VPOS="2475" WIDTH="60" HEIGHT="75" STYLEREFS="font0"/><SP WIDTH="16" VPOS="2475" HPOS="556"/><String ID="p291_w444" CONTENT="of" HPOS="572" VPOS="2475" WIDTH="40" HEIGHT="75" STYLEREFS="font0"/><SP WIDTH="19" VPOS="2475" HPOS="612"/><String ID="p291_w445" CONTENT="the" HPOS="631" VPOS="2475" WIDTH="55" HEIGHT="75" STYLEREFS="font0"/><SP WIDTH="12" VPOS="2475" HPOS="686"/><String ID="p291_w446" CONTENT="great" HPOS="698" VPOS="2475" WIDTH="88" HEIGHT="75" STYLEREFS="font0"/><SP WIDTH="13" VPOS="2475" HPOS="786"/><String ID="p291_w447" CONTENT="branches." HPOS="799" VPOS="2475" WIDTH="167" HEIGHT="75" STYLEREFS="font0"/></TextLine><TextLine WIDTH="980" HEIGHT="75" ID="p291_t54" HPOS="189" VPOS="2519"><String ID="p291_w448" CONTENT="It" HPOS="189" VPOS="2519" WIDTH="32" HEIGHT="75" STYLEREFS="font0"/><SP WIDTH="16" VPOS="2519" HPOS="221"/><String ID="p291_w449" CONTENT="bends" HPOS="237" VPOS="2519" WIDTH="100" HEIGHT="75" STYLEREFS="font0"/><SP WIDTH="16" VPOS="2519" HPOS="337"/><String ID="p291_w450" CONTENT="toward" HPOS="353" VPOS="2519" WIDTH="125" HEIGHT="75" STYLEREFS="font0"/><SP WIDTH="16" VPOS="2519" HPOS="478"/><String ID="p291_w451" CONTENT="the" HPOS="494" VPOS="2519" WIDTH="55" HEIGHT="75" STYLEREFS="font0"/><SP WIDTH="17" VPOS="2519" HPOS="549"/><String ID="p291_w452" CONTENT="fuperior" HPOS="566" VPOS="2519" WIDTH="138" HEIGHT="75" STYLEREFS="font0"/><SP WIDTH="22" VPOS="2519" HPOS="704"/><String ID="p291_w453" CONTENT="mefenteric" HPOS="726" VPOS="2519" WIDTH="185" HEIGHT="75" STYLEREFS="font0"/><SP WIDTH="21" VPOS="2519" HPOS="911"/><String ID="p291_w454" CONTENT="artery," HPOS="932" VPOS="2519" WIDTH="120" HEIGHT="75" STYLEREFS="font0"/><SP WIDTH="25" VPOS="2519" HPOS="1052"/><String ID="p291_w455" CONTENT="fend-" HPOS="1077" VPOS="2519" WIDTH="92" HEIGHT="75" STYLEREFS="font0"/></TextLine><TextLine WIDTH="1028" HEIGHT="75" ID="p291_t55" HPOS="143" VPOS="2565"><String ID="p291_w456" CONTENT="ing" HPOS="143" VPOS="2565" WIDTH="53" HEIGHT="75" STYLEREFS="font0"/><SP WIDTH="17" VPOS="2565" HPOS="196"/><String ID="p291_w457" CONTENT="off" HPOS="213" VPOS="2565" WIDTH="52" HEIGHT="75" STYLEREFS="font0"/><SP WIDTH="18" VPOS="2565" HPOS="265"/><String ID="p291_w458" CONTENT="two" HPOS="283" VPOS="2565" WIDTH="66" HEIGHT="75" STYLEREFS="font0"/><SP WIDTH="22" VPOS="2565" HPOS="349"/><String ID="p291_w459" CONTENT="veins," HPOS="371" VPOS="2565" WIDTH="101" HEIGHT="75" STYLEREFS="font0"/><SP WIDTH="26" VPOS="2565" HPOS="472"/><String ID="p291_w460" CONTENT="and" HPOS="498" VPOS="2565" WIDTH="61" HEIGHT="75" STYLEREFS="font0"/><SP WIDTH="19" VPOS="2565" HPOS="559"/><String ID="p291_w461" CONTENT="afterwards" HPOS="578" VPOS="2565" WIDTH="185" HEIGHT="75" STYLEREFS="font0"/><SP WIDTH="18" VPOS="2565" HPOS="763"/><String ID="p291_w462" CONTENT="running" HPOS="781" VPOS="2565" WIDTH="135" HEIGHT="75" STYLEREFS="font0"/><SP WIDTH="22" VPOS="2565" HPOS="916"/><String ID="p291_w463" CONTENT="up" HPOS="938" VPOS="2565" WIDTH="43" HEIGHT="75" STYLEREFS="font0"/><SP WIDTH="24" VPOS="2565" HPOS="981"/><String ID="p291_w464" CONTENT="over" HPOS="1005" VPOS="2565" WIDTH="77" HEIGHT="75" STYLEREFS="font0"/><SP WIDTH="16" VPOS="2565" HPOS="1082"/><String ID="p291_w465" CONTENT="that" HPOS="1098" VPOS="2565" WIDTH="73" HEIGHT="75" STYLEREFS="font0"/></TextLine><TextLine WIDTH="1027" HEIGHT="75" ID="p291_t56" HPOS="142" VPOS="2613"><String ID="p291_w466" CONTENT="artery," HPOS="142" VPOS="2613" WIDTH="119" HEIGHT="75" STYLEREFS="font0"/><SP WIDTH="26" VPOS="2613" HPOS="261"/><String ID="p291_w467" CONTENT="it" HPOS="287" VPOS="2613" WIDTH="25" HEIGHT="75" STYLEREFS="font0"/><SP WIDTH="21" VPOS="2613" HPOS="312"/><String ID="p291_w468" CONTENT="accompanies" HPOS="333" VPOS="2613" WIDTH="216" HEIGHT="75" STYLEREFS="font0"/><SP WIDTH="17" VPOS="2613" HPOS="549"/><String ID="p291_w469" CONTENT="it" HPOS="566" VPOS="2613" WIDTH="25" HEIGHT="75" STYLEREFS="font0"/><SP WIDTH="17" VPOS="2613" HPOS="591"/><String ID="p291_w470" CONTENT="in" HPOS="608" VPOS="2613" WIDTH="31" HEIGHT="75" STYLEREFS="font0"/><SP WIDTH="21" VPOS="2613" HPOS="639"/><String ID="p291_w471" CONTENT="thofe" HPOS="660" VPOS="2613" WIDTH="89" HEIGHT="75" STYLEREFS="font0"/><SP WIDTH="16" VPOS="2613" HPOS="749"/><String ID="p291_w472" CONTENT="portions" HPOS="765" VPOS="2613" WIDTH="142" HEIGHT="75" STYLEREFS="font0"/><SP WIDTH="13" VPOS="2613" HPOS="907"/><String ID="p291_w473" CONTENT="of" HPOS="920" VPOS="2613" WIDTH="40" HEIGHT="75" STYLEREFS="font0"/><SP WIDTH="19" VPOS="2613" HPOS="960"/><String ID="p291_w474" CONTENT="the" HPOS="979" VPOS="2613" WIDTH="55" HEIGHT="75" STYLEREFS="font0"/><SP WIDTH="16" VPOS="2613" HPOS="1034"/><String ID="p291_w475" CONTENT="mefen-" HPOS="1050" VPOS="2613" WIDTH="119" HEIGHT="75" STYLEREFS="font0"/></TextLine><TextLine WIDTH="1027" HEIGHT="75" ID="p291_t57" HPOS="142" VPOS="2657"><String ID="p291_w476" CONTENT="tery" HPOS="142" VPOS="2657" WIDTH="70" HEIGHT="75" STYLEREFS="font0"/><SP WIDTH="17" VPOS="2657" HPOS="212"/><String ID="p291_w477" CONTENT="and" HPOS="229" VPOS="2657" WIDTH="62" HEIGHT="75" STYLEREFS="font0"/><SP WIDTH="16" VPOS="2657" HPOS="291"/><String ID="p291_w478" CONTENT="mefdcolon" HPOS="307" VPOS="2657" WIDTH="180" HEIGHT="75" STYLEREFS="font0"/><SP WIDTH="13" VPOS="2657" HPOS="487"/><String ID="p291_w479" CONTENT="which" HPOS="500" VPOS="2657" WIDTH="108" HEIGHT="75" STYLEREFS="font0"/><SP WIDTH="24" VPOS="2657" HPOS="608"/><String ID="p291_w480" CONTENT="belong" HPOS="632" VPOS="2657" WIDTH="115" HEIGHT="75" STYLEREFS="font0"/><SP WIDTH="16" VPOS="2657" HPOS="747"/><String ID="p291_w481" CONTENT="to" HPOS="763" VPOS="2657" WIDTH="36" HEIGHT="75" STYLEREFS="font0"/><SP WIDTH="25" VPOS="2657" HPOS="799"/><String ID="p291_w482" CONTENT="the" HPOS="824" VPOS="2657" WIDTH="57" HEIGHT="75" STYLEREFS="font0"/><SP WIDTH="12" VPOS="2657" HPOS="881"/><String ID="p291_w483" CONTENT="fmall" HPOS="893" VPOS="2657" WIDTH="88" HEIGHT="75" STYLEREFS="font0"/><SP WIDTH="17" VPOS="2657" HPOS="981"/><String ID="p291_w484" CONTENT="inteftines," HPOS="998" VPOS="2657" WIDTH="171" HEIGHT="75" STYLEREFS="font0"/></TextLine><TextLine WIDTH="780" HEIGHT="75" ID="p291_t58" HPOS="141" VPOS="2703"><String ID="p291_w485" CONTENT="the" HPOS="141" VPOS="2703" WIDTH="54" HEIGHT="75" STYLEREFS="font0"/><SP WIDTH="18" VPOS="2703" HPOS="195"/><String ID="p291_w486" CONTENT="caecum," HPOS="213" VPOS="2703" WIDTH="130" HEIGHT="75" STYLEREFS="font0"/><SP WIDTH="26" VPOS="2703" HPOS="343"/><String ID="p291_w487" CONTENT="and" HPOS="369" VPOS="2703" WIDTH="62" HEIGHT="75" STYLEREFS="font0"/><SP WIDTH="13" VPOS="2703" HPOS="431"/><String ID="p291_w488" CONTENT="right" HPOS="444" VPOS="2703" WIDTH="85" HEIGHT="75" STYLEREFS="font0"/><SP WIDTH="15" VPOS="2703" HPOS="529"/><String ID="p291_w489" CONTENT="portion" HPOS="544" VPOS="2703" WIDTH="129" HEIGHT="75" STYLEREFS="font0"/><SP WIDTH="17" VPOS="2703" HPOS="673"/><String ID="p291_w490" CONTENT="of" HPOS="690" VPOS="2703" WIDTH="39" HEIGHT="75" STYLEREFS="font0"/><SP WIDTH="20" VPOS="2703" HPOS="729"/><String ID="p291_w491" CONTENT="the" HPOS="749" VPOS="2703" WIDTH="54" HEIGHT="75" STYLEREFS="font0"/><SP WIDTH="12" VPOS="2703" HPOS="803"/><String ID="p291_w492" CONTENT="colon." HPOS="815" VPOS="2703" WIDTH="106" HEIGHT="75" STYLEREFS="font0"/></TextLine><TextLine WIDTH="984" HEIGHT="75" ID="p291_t59" HPOS="185" VPOS="2750"><String ID="p291_w493" CONTENT="The" HPOS="185" VPOS="2750" WIDTH="76" HEIGHT="75" STYLEREFS="font0"/><SP WIDTH="15" VPOS="2750" HPOS="261"/><String ID="p291_w494" CONTENT="firft" HPOS="276" VPOS="2750" WIDTH="65" HEIGHT="75" STYLEREFS="font0"/><SP WIDTH="15" VPOS="2750" HPOS="341"/><String ID="p291_w495" CONTENT="particular" HPOS="356" VPOS="2750" WIDTH="173" HEIGHT="75" STYLEREFS="font0"/><SP WIDTH="20" VPOS="2750" HPOS="529"/><String ID="p291_w496" CONTENT="branch" HPOS="549" VPOS="2750" WIDTH="121" HEIGHT="75" STYLEREFS="font0"/><SP WIDTH="26" VPOS="2750" HPOS="670"/><String ID="p291_w497" CONTENT="from" HPOS="696" VPOS="2750" WIDTH="84" HEIGHT="75" STYLEREFS="font0"/><SP WIDTH="24" VPOS="2750" HPOS="780"/><String ID="p291_w498" CONTENT="this" HPOS="804" VPOS="2750" WIDTH="64" HEIGHT="75" STYLEREFS="font0"/><SP WIDTH="24" VPOS="2750" HPOS="868"/><String ID="p291_w499" CONTENT="trunk" HPOS="892" VPOS="2750" WIDTH="96" HEIGHT="75" STYLEREFS="font0"/><SP WIDTH="25" VPOS="2750" HPOS="988"/><String ID="p291_w500" CONTENT="is" HPOS="1013" VPOS="2750" WIDTH="26" HEIGHT="75" STYLEREFS="font0"/><SP WIDTH="26" VPOS="2750" HPOS="1039"/><String ID="p291_w501" CONTENT="called" HPOS="1065" VPOS="2750" WIDTH="104" HEIGHT="75" STYLEREFS="font0"/></TextLine><TextLine WIDTH="1028" HEIGHT="75" ID="p291_t60" HPOS="139" VPOS="2794"><String ID="p291_w502" CONTENT="vena" HPOS="139" VPOS="2794" WIDTH="81" HEIGHT="75" STYLEREFS="font0"/><SP WIDTH="24" VPOS="2794" HPOS="220"/><String ID="p291_w503" CONTENT="colica." HPOS="244" VPOS="2794" WIDTH="110" HEIGHT="75" STYLEREFS="font0"/><SP WIDTH="51" VPOS="2794" HPOS="354"/><String ID="p291_w504" CONTENT="It" HPOS="405" VPOS="2794" WIDTH="33" HEIGHT="75" STYLEREFS="font0"/><SP WIDTH="16" VPOS="2794" HPOS="438"/><String ID="p291_w505" CONTENT="goes" HPOS="454" VPOS="2794" WIDTH="76" HEIGHT="75" STYLEREFS="font0"/><SP WIDTH="17" VPOS="2794" HPOS="530"/><String ID="p291_w506" CONTENT="out" HPOS="547" VPOS="2794" WIDTH="56" HEIGHT="75" STYLEREFS="font0"/><SP WIDTH="16" VPOS="2794" HPOS="603"/><String ID="p291_w507" CONTENT="from" HPOS="619" VPOS="2794" WIDTH="85" HEIGHT="75" STYLEREFS="font0"/><SP WIDTH="15" VPOS="2794" HPOS="704"/><String ID="p291_w508" CONTENT="the" HPOS="719" VPOS="2794" WIDTH="56" HEIGHT="75" STYLEREFS="font0"/><SP WIDTH="22" VPOS="2794" HPOS="775"/><String ID="p291_w509" CONTENT="anterior" HPOS="797" VPOS="2794" WIDTH="139" HEIGHT="75" STYLEREFS="font0"/><SP WIDTH="23" VPOS="2794" HPOS="936"/><String ID="p291_w510" CONTENT="part" HPOS="959" VPOS="2794" WIDTH="71" HEIGHT="75" STYLEREFS="font0"/><SP WIDTH="24" VPOS="2794" HPOS="1030"/><String ID="p291_w511" CONTENT="of" HPOS="1054" VPOS="2794" WIDTH="40" HEIGHT="75" STYLEREFS="font0"/><SP WIDTH="18" VPOS="2794" HPOS="1094"/><String ID="p291_w512" CONTENT="the" HPOS="1112" VPOS="2794" WIDTH="55" HEIGHT="75" STYLEREFS="font0"/></TextLine><TextLine WIDTH="1025" HEIGHT="75" ID="p291_t61" HPOS="141" VPOS="2840"><String ID="p291_w513" CONTENT="trunk," HPOS="141" VPOS="2840" WIDTH="108" HEIGHT="75" STYLEREFS="font0"/><SP WIDTH="25" VPOS="2840" HPOS="249"/><String ID="p291_w514" CONTENT="before" HPOS="274" VPOS="2840" WIDTH="109" HEIGHT="75" STYLEREFS="font0"/><SP WIDTH="17" VPOS="2840" HPOS="383"/><String ID="p291_w515" CONTENT="it" HPOS="400" VPOS="2840" WIDTH="25" HEIGHT="75" STYLEREFS="font0"/><SP WIDTH="14" VPOS="2840" HPOS="425"/><String ID="p291_w516" CONTENT="joins" HPOS="439" VPOS="2840" WIDTH="85" HEIGHT="75" STYLEREFS="font0"/><SP WIDTH="18" VPOS="2840" HPOS="524"/><String ID="p291_w517" CONTENT="the" HPOS="542" VPOS="2840" WIDTH="54" HEIGHT="75" STYLEREFS="font0"/><SP WIDTH="17" VPOS="2840" HPOS="596"/><String ID="p291_w518" CONTENT="artery," HPOS="613" VPOS="2840" WIDTH="119" HEIGHT="75" STYLEREFS="font0"/><SP WIDTH="16" VPOS="2840" HPOS="732"/><String ID="p291_w519" CONTENT="and" HPOS="748" VPOS="2840" WIDTH="64" HEIGHT="75" STYLEREFS="font0"/><SP WIDTH="17" VPOS="2840" HPOS="812"/><String ID="p291_w520" CONTENT="runs" HPOS="829" VPOS="2840" WIDTH="72" HEIGHT="75" STYLEREFS="font0"/><SP WIDTH="13" VPOS="2840" HPOS="901"/><String ID="p291_w521" CONTENT="direrily" HPOS="914" VPOS="2840" WIDTH="134" HEIGHT="75" STYLEREFS="font0"/><SP WIDTH="12" VPOS="2840" HPOS="1048"/><String ID="p291_w522" CONTENT="to" HPOS="1060" VPOS="2840" WIDTH="34" HEIGHT="75" STYLEREFS="font0"/><SP WIDTH="17" VPOS="2840" HPOS="1094"/><String ID="p291_w523" CONTENT="the" HPOS="1111" VPOS="2840" WIDTH="55" HEIGHT="75" STYLEREFS="font0"/></TextLine><TextLine WIDTH="1023" HEIGHT="75" ID="p291_t62" HPOS="141" VPOS="2886"><String ID="p291_w524" CONTENT="middle" HPOS="141" VPOS="2886" WIDTH="117" HEIGHT="75" STYLEREFS="font0"/><SP WIDTH="11" VPOS="2886" HPOS="258"/><String ID="p291_w525" CONTENT="of" HPOS="269" VPOS="2886" WIDTH="41" HEIGHT="75" STYLEREFS="font0"/><SP WIDTH="9" VPOS="2886" HPOS="310"/><String ID="p291_w526" CONTENT="the" HPOS="319" VPOS="2886" WIDTH="56" HEIGHT="75" STYLEREFS="font0"/><SP WIDTH="16" VPOS="2886" HPOS="375"/><String ID="p291_w527" CONTENT="colon," HPOS="391" VPOS="2886" WIDTH="105" HEIGHT="75" STYLEREFS="font0"/><SP WIDTH="19" VPOS="2886" HPOS="496"/><String ID="p291_w528" CONTENT="where" HPOS="515" VPOS="2886" WIDTH="106" HEIGHT="75" STYLEREFS="font0"/><SP WIDTH="13" VPOS="2886" HPOS="621"/><String ID="p291_w529" CONTENT="it" HPOS="634" VPOS="2886" WIDTH="25" HEIGHT="75" STYLEREFS="font0"/><SP WIDTH="13" VPOS="2886" HPOS="659"/><String ID="p291_w530" CONTENT="divides" HPOS="672" VPOS="2886" WIDTH="121" HEIGHT="75" STYLEREFS="font0"/><SP WIDTH="17" VPOS="2886" HPOS="793"/><String ID="p291_w531" CONTENT="to" HPOS="810" VPOS="2886" WIDTH="35" HEIGHT="75" STYLEREFS="font0"/><SP WIDTH="12" VPOS="2886" HPOS="845"/><String ID="p291_w532" CONTENT="the" HPOS="857" VPOS="2886" WIDTH="53" HEIGHT="75" STYLEREFS="font0"/><SP WIDTH="13" VPOS="2886" HPOS="910"/><String ID="p291_w533" CONTENT="right" HPOS="923" VPOS="2886" WIDTH="86" HEIGHT="75" STYLEREFS="font0"/><SP WIDTH="10" VPOS="2886" HPOS="1009"/><String ID="p291_w534" CONTENT="and" HPOS="1019" VPOS="2886" WIDTH="61" HEIGHT="75" STYLEREFS="font0"/><SP WIDTH="12" VPOS="2886" HPOS="1080"/><String ID="p291_w535" CONTENT="left," HPOS="1092" VPOS="2886" WIDTH="72" HEIGHT="75" STYLEREFS="font0"/></TextLine><TextLine WIDTH="1026" HEIGHT="75" ID="p291_t63" HPOS="137" VPOS="2931"><String ID="p291_w536" CONTENT="and" HPOS="137" VPOS="2931" WIDTH="63" HEIGHT="75" STYLEREFS="font0"/><SP WIDTH="26" VPOS="2931" HPOS="200"/><String ID="p291_w537" CONTENT="forms" HPOS="226" VPOS="2931" WIDTH="98" HEIGHT="75" STYLEREFS="font0"/><SP WIDTH="26" VPOS="2931" HPOS="324"/><String ID="p291_w538" CONTENT="arches." HPOS="350" VPOS="2931" WIDTH="121" HEIGHT="75" STYLEREFS="font0"/><SP WIDTH="49" VPOS="2931" HPOS="471"/><String ID="p291_w539" CONTENT="On" HPOS="520" VPOS="2931" WIDTH="55" HEIGHT="75" STYLEREFS="font0"/><SP WIDTH="23" VPOS="2931" HPOS="575"/><String ID="p291_w540" CONTENT="the" HPOS="598" VPOS="2931" WIDTH="56" HEIGHT="75" STYLEREFS="font0"/><SP WIDTH="25" VPOS="2931" HPOS="654"/><String ID="p291_w541" CONTENT="left" HPOS="679" VPOS="2931" WIDTH="60" HEIGHT="75" STYLEREFS="font0"/><SP WIDTH="15" VPOS="2931" HPOS="739"/><String ID="p291_w542" CONTENT="hand," HPOS="754" VPOS="2931" WIDTH="97" HEIGHT="75" STYLEREFS="font0"/><SP WIDTH="26" VPOS="2931" HPOS="851"/><String ID="p291_w543" CONTENT="it" HPOS="877" VPOS="2931" WIDTH="25" HEIGHT="75" STYLEREFS="font0"/><SP WIDTH="17" VPOS="2931" HPOS="902"/><String ID="p291_w544" CONTENT="communicates" HPOS="919" VPOS="2931" WIDTH="244" HEIGHT="75" STYLEREFS="font0"/></TextLine><TextLine WIDTH="313" HEIGHT="75" ID="p291_t64" HPOS="187" VPOS="2978"><String ID="p291_w545" CONTENT="Vol." HPOS="187" VPOS="2978" WIDTH="94" HEIGHT="75" STYLEREFS="font0"/><SP WIDTH="19" VPOS="2978" HPOS="281"/><String ID="p291_w546" CONTENT="I." HPOS="300" VPOS="2978" WIDTH="30" HEIGHT="75" STYLEREFS="font0"/><SP WIDTH="25" VPOS="2978" HPOS="330"/><String ID="p291_w547" CONTENT="No." HPOS="355" VPOS="2978" WIDTH="70" HEIGHT="75" STYLEREFS="font0"/><SP WIDTH="23" VPOS="2978" HPOS="425"/><String ID="p291_w548" CONTENT="it." HPOS="448" VPOS="2978" WIDTH="52" HEIGHT="75" STYLEREFS="font0"/></TextLine><TextLine WIDTH="17" HEIGHT="75" ID="p291_t65" HPOS="1068" VPOS="2978"><String ID="p291_w549" CONTENT="g" HPOS="1068" VPOS="2978" WIDTH="17" HEIGHT="75" STYLEREFS="font0"/></TextLine><TextLine WIDTH="529" HEIGHT="75" ID="p291_t66" HPOS="1200" VPOS="115"><String ID="p291_w550" CONTENT="T" HPOS="1200" VPOS="115" WIDTH="38" HEIGHT="75" STYLEREFS="font0"/><SP WIDTH="118" VPOS="115" HPOS="1238"/><String ID="p291_w551" CONTENT="O" HPOS="1356" VPOS="115" WIDTH="40" HEIGHT="75" STYLEREFS="font0"/><SP WIDTH="116" VPOS="115" HPOS="1396"/><String ID="p291_w552" CONTENT="M" HPOS="1512" VPOS="115" WIDTH="48" HEIGHT="75" STYLEREFS="font0"/><SP WIDTH="117" VPOS="115" HPOS="1560"/><String ID="p291_w553" CONTENT="Y." HPOS="1677" VPOS="115" WIDTH="52" HEIGHT="75" STYLEREFS="font0"/></TextLine><TextLine WIDTH="79" HEIGHT="75" ID="p291_t67" HPOS="2186" VPOS="115"><String ID="p291_w554" CONTENT="245" HPOS="2186" VPOS="115" WIDTH="79" HEIGHT="75" STYLEREFS="font0"/></TextLine><TextLine WIDTH="1031" HEIGHT="75" ID="p291_t68" HPOS="1235" VPOS="175"><String ID="p291_w555" CONTENT="with" HPOS="1235" VPOS="175" WIDTH="78" HEIGHT="75" STYLEREFS="font0"/><SP WIDTH="17" VPOS="175" HPOS="1313"/><String ID="p291_w556" CONTENT="the" HPOS="1330" VPOS="175" WIDTH="55" HEIGHT="75" STYLEREFS="font0"/><SP WIDTH="16" VPOS="175" HPOS="1385"/><String ID="p291_w557" CONTENT="fuperior" HPOS="1401" VPOS="175" WIDTH="141" HEIGHT="75" STYLEREFS="font0"/><SP WIDTH="16" VPOS="175" HPOS="1542"/><String ID="p291_w558" CONTENT="or" HPOS="1558" VPOS="175" WIDTH="38" HEIGHT="75" STYLEREFS="font0"/><SP WIDTH="17" VPOS="175" HPOS="1596"/><String ID="p291_w559" CONTENT="afeending" HPOS="1613" VPOS="175" WIDTH="166" HEIGHT="75" STYLEREFS="font0"/><SP WIDTH="16" VPOS="175" HPOS="1779"/><String ID="p291_w560" CONTENT="branch" HPOS="1795" VPOS="175" WIDTH="119" HEIGHT="75" STYLEREFS="font0"/><SP WIDTH="19" VPOS="175" HPOS="1914"/><String ID="p291_w561" CONTENT="of" HPOS="1933" VPOS="175" WIDTH="40" HEIGHT="75" STYLEREFS="font0"/><SP WIDTH="18" VPOS="175" HPOS="1973"/><String ID="p291_w562" CONTENT="the" HPOS="1991" VPOS="175" WIDTH="55" HEIGHT="75" STYLEREFS="font0"/><SP WIDTH="12" VPOS="175" HPOS="2046"/><String ID="p291_w563" CONTENT="hasmorrhoi-" HPOS="2058" VPOS="175" WIDTH="208" HEIGHT="75" STYLEREFS="font0"/></TextLine><TextLine WIDTH="1031" HEIGHT="75" ID="p291_t69" HPOS="1235" VPOS="221"><String ID="p291_w564" CONTENT="dalis;" HPOS="1235" VPOS="221" WIDTH="100" HEIGHT="75" STYLEREFS="font0"/><SP WIDTH="29" VPOS="221" HPOS="1335"/><String ID="p291_w565" CONTENT="and" HPOS="1364" VPOS="221" WIDTH="62" HEIGHT="75" STYLEREFS="font0"/><SP WIDTH="16" VPOS="221" HPOS="1426"/><String ID="p291_w566" CONTENT="on" HPOS="1442" VPOS="221" WIDTH="42" HEIGHT="75" STYLEREFS="font0"/><SP WIDTH="16" VPOS="221" HPOS="1484"/><String ID="p291_w567" CONTENT="the" HPOS="1500" VPOS="221" WIDTH="56" HEIGHT="75" STYLEREFS="font0"/><SP WIDTH="24" VPOS="221" HPOS="1556"/><String ID="p291_w568" CONTENT="right," HPOS="1580" VPOS="221" WIDTH="98" HEIGHT="75" STYLEREFS="font0"/><SP WIDTH="25" VPOS="221" HPOS="1678"/><String ID="p291_w569" CONTENT="with" HPOS="1703" VPOS="221" WIDTH="79" HEIGHT="75" STYLEREFS="font0"/><SP WIDTH="18" VPOS="221" HPOS="1782"/><String ID="p291_w570" CONTENT="the" HPOS="1800" VPOS="221" WIDTH="55" HEIGHT="75" STYLEREFS="font0"/><SP WIDTH="15" VPOS="221" HPOS="1855"/><String ID="p291_w571" CONTENT="fecond" HPOS="1870" VPOS="221" WIDTH="115" HEIGHT="75" STYLEREFS="font0"/><SP WIDTH="22" VPOS="221" HPOS="1985"/><String ID="p291_w572" CONTENT="branch" HPOS="2007" VPOS="221" WIDTH="119" HEIGHT="75" STYLEREFS="font0"/><SP WIDTH="26" VPOS="221" HPOS="2126"/><String ID="p291_w573" CONTENT="of" HPOS="2152" VPOS="221" WIDTH="39" HEIGHT="75" STYLEREFS="font0"/><SP WIDTH="19" VPOS="221" HPOS="2191"/><String ID="p291_w574" CONTENT="the" HPOS="2210" VPOS="221" WIDTH="56" HEIGHT="75" STYLEREFS="font0"/></TextLine><TextLine WIDTH="181" HEIGHT="75" ID="p291_t70" HPOS="1235" VPOS="267"><String ID="p291_w575" CONTENT="mefaraica." HPOS="1235" VPOS="267" WIDTH="181" HEIGHT="75" STYLEREFS="font0"/></TextLine><TextLine WIDTH="988" HEIGHT="75" ID="p291_t71" HPOS="1279" VPOS="314"><String ID="p291_w576" CONTENT="This" HPOS="1279" VPOS="314" WIDTH="85" HEIGHT="75" STYLEREFS="font0"/><SP WIDTH="18" VPOS="314" HPOS="1364"/><String ID="p291_w577" CONTENT="fecond" HPOS="1382" VPOS="314" WIDTH="115" HEIGHT="75" STYLEREFS="font0"/><SP WIDTH="16" VPOS="314" HPOS="1497"/><String ID="p291_w578" CONTENT="branch" HPOS="1513" VPOS="314" WIDTH="119" HEIGHT="75" STYLEREFS="font0"/><SP WIDTH="16" VPOS="314" HPOS="1632"/><String ID="p291_w579" CONTENT="is" HPOS="1648" VPOS="314" WIDTH="27" HEIGHT="75" STYLEREFS="font0"/><SP WIDTH="18" VPOS="314" HPOS="1675"/><String ID="p291_w580" CONTENT="a" HPOS="1693" VPOS="314" WIDTH="18" HEIGHT="75" STYLEREFS="font0"/><SP WIDTH="15" VPOS="314" HPOS="1711"/><String ID="p291_w581" CONTENT="little" HPOS="1726" VPOS="314" WIDTH="84" HEIGHT="75" STYLEREFS="font0"/><SP WIDTH="16" VPOS="314" HPOS="1810"/><String ID="p291_w582" CONTENT="under" HPOS="1826" VPOS="314" WIDTH="101" HEIGHT="75" STYLEREFS="font0"/><SP WIDTH="16" VPOS="314" HPOS="1927"/><String ID="p291_w583" CONTENT="the" HPOS="1943" VPOS="314" WIDTH="55" HEIGHT="75" STYLEREFS="font0"/><SP WIDTH="18" VPOS="314" HPOS="1998"/><String ID="p291_w584" CONTENT="firft," HPOS="2016" VPOS="314" WIDTH="74" HEIGHT="75" STYLEREFS="font0"/><SP WIDTH="26" VPOS="314" HPOS="2090"/><String ID="p291_w585" CONTENT="or" HPOS="2116" VPOS="314" WIDTH="37" HEIGHT="75" STYLEREFS="font0"/><SP WIDTH="12" VPOS="314" HPOS="2153"/><String ID="p291_w586" CONTENT="colica" HPOS="2165" VPOS="314" WIDTH="102" HEIGHT="75" STYLEREFS="font0"/></TextLine><TextLine WIDTH="1031" HEIGHT="75" ID="p291_t72" HPOS="1233" VPOS="360"><String ID="p291_w587" CONTENT="anterior," HPOS="1233" VPOS="360" WIDTH="151" HEIGHT="75" STYLEREFS="font0"/><SP WIDTH="26" VPOS="360" HPOS="1384"/><String ID="p291_w588" CONTENT="and" HPOS="1410" VPOS="360" WIDTH="62" HEIGHT="75" STYLEREFS="font0"/><SP WIDTH="23" VPOS="360" HPOS="1472"/><String ID="p291_w589" CONTENT="fomething" HPOS="1495" VPOS="360" WIDTH="178" HEIGHT="75" STYLEREFS="font0"/><SP WIDTH="24" VPOS="360" HPOS="1673"/><String ID="p291_w590" CONTENT="more" HPOS="1697" VPOS="360" WIDTH="89" HEIGHT="75" STYLEREFS="font0"/><SP WIDTH="24" VPOS="360" HPOS="1786"/><String ID="p291_w591" CONTENT="towards" HPOS="1810" VPOS="360" WIDTH="139" HEIGHT="75" STYLEREFS="font0"/><SP WIDTH="25" VPOS="360" HPOS="1949"/><String ID="p291_w592" CONTENT="the" HPOS="1974" VPOS="360" WIDTH="55" HEIGHT="75" STYLEREFS="font0"/><SP WIDTH="24" VPOS="360" HPOS="2029"/><String ID="p291_w593" CONTENT="right" HPOS="2053" VPOS="360" WIDTH="88" HEIGHT="75" STYLEREFS="font0"/><SP WIDTH="23" VPOS="360" HPOS="2141"/><String ID="p291_w594" CONTENT="hand." HPOS="2164" VPOS="360" WIDTH="100" HEIGHT="75" STYLEREFS="font0"/></TextLine><TextLine WIDTH="1033" HEIGHT="75" ID="p291_t73" HPOS="1232" VPOS="406"><String ID="p291_w595" CONTENT="It" HPOS="1232" VPOS="406" WIDTH="31" HEIGHT="75" STYLEREFS="font0"/><SP WIDTH="25" VPOS="406" HPOS="1263"/><String ID="p291_w596" CONTENT="may" HPOS="1288" VPOS="406" WIDTH="74" HEIGHT="75" STYLEREFS="font0"/><SP WIDTH="18" VPOS="406" HPOS="1362"/><String ID="p291_w597" CONTENT="be" HPOS="1380" VPOS="406" WIDTH="38" HEIGHT="75" STYLEREFS="font0"/><SP WIDTH="17" VPOS="406" HPOS="1418"/><String ID="p291_w598" CONTENT="named" HPOS="1435" VPOS="406" WIDTH="114" HEIGHT="75" STYLEREFS="font0"/><SP WIDTH="8" VPOS="406" HPOS="1549"/><String ID="p291_w599" CONTENT="gajlro-colica," HPOS="1557" VPOS="406" WIDTH="243" HEIGHT="75" STYLEREFS="font0"/><SP WIDTH="25" VPOS="406" HPOS="1800"/><String ID="p291_w600" CONTENT="and" HPOS="1825" VPOS="406" WIDTH="63" HEIGHT="75" STYLEREFS="font0"/><SP WIDTH="15" VPOS="406" HPOS="1888"/><String ID="p291_w601" CONTENT="is" HPOS="1903" VPOS="406" WIDTH="26" HEIGHT="75" STYLEREFS="font0"/><SP WIDTH="25" VPOS="406" HPOS="1929"/><String ID="p291_w602" CONTENT="foon" HPOS="1954" VPOS="406" WIDTH="76" HEIGHT="75" STYLEREFS="font0"/><SP WIDTH="22" VPOS="406" HPOS="2030"/><String ID="p291_w603" CONTENT="divided" HPOS="2052" VPOS="406" WIDTH="129" HEIGHT="75" STYLEREFS="font0"/><SP WIDTH="14" VPOS="406" HPOS="2181"/><String ID="p291_w604" CONTENT="into" HPOS="2195" VPOS="406" WIDTH="70" HEIGHT="75" STYLEREFS="font0"/></TextLine><TextLine WIDTH="849" HEIGHT="75" ID="p291_t74" HPOS="1232" VPOS="452"><String ID="p291_w605" CONTENT="two" HPOS="1232" VPOS="452" WIDTH="64" HEIGHT="75" STYLEREFS="font0"/><SP WIDTH="18" VPOS="452" HPOS="1296"/><String ID="p291_w606" CONTENT="branches," HPOS="1314" VPOS="452" WIDTH="167" HEIGHT="75" STYLEREFS="font0"/><SP WIDTH="26" VPOS="452" HPOS="1481"/><String ID="p291_w607" CONTENT="one" HPOS="1507" VPOS="452" WIDTH="60" HEIGHT="75" STYLEREFS="font0"/><SP WIDTH="12" VPOS="452" HPOS="1567"/><String ID="p291_w608" CONTENT="fuperior," HPOS="1579" VPOS="452" WIDTH="154" HEIGHT="75" STYLEREFS="font0"/><SP WIDTH="26" VPOS="452" HPOS="1733"/><String ID="p291_w609" CONTENT="the" HPOS="1759" VPOS="452" WIDTH="56" HEIGHT="75" STYLEREFS="font0"/><SP WIDTH="16" VPOS="452" HPOS="1815"/><String ID="p291_w610" CONTENT="other" HPOS="1831" VPOS="452" WIDTH="93" HEIGHT="75" STYLEREFS="font0"/><SP WIDTH="12" VPOS="452" HPOS="1924"/><String ID="p291_w611" CONTENT="inferior." HPOS="1936" VPOS="452" WIDTH="145" HEIGHT="75" STYLEREFS="font0"/></TextLine><TextLine WIDTH="986" HEIGHT="75" ID="p291_t75" HPOS="1278" VPOS="499"><String ID="p291_w612" CONTENT="The" HPOS="1278" VPOS="499" WIDTH="75" HEIGHT="75" STYLEREFS="font0"/><SP WIDTH="23" VPOS="499" HPOS="1353"/><String ID="p291_w613" CONTENT="fuperior" HPOS="1376" VPOS="499" WIDTH="141" HEIGHT="75" STYLEREFS="font0"/><SP WIDTH="23" VPOS="499" HPOS="1517"/><String ID="p291_w614" CONTENT="branch" HPOS="1540" VPOS="499" WIDTH="119" HEIGHT="75" STYLEREFS="font0"/><SP WIDTH="29" VPOS="499" HPOS="1659"/><String ID="p291_w615" CONTENT="of" HPOS="1688" VPOS="499" WIDTH="39" HEIGHT="75" STYLEREFS="font0"/><SP WIDTH="19" VPOS="499" HPOS="1727"/><String ID="p291_w616" CONTENT="the" HPOS="1746" VPOS="499" WIDTH="56" HEIGHT="75" STYLEREFS="font0"/><SP WIDTH="22" VPOS="499" HPOS="1802"/><String ID="p291_w617" CONTENT="vena" HPOS="1824" VPOS="499" WIDTH="80" HEIGHT="75" STYLEREFS="font0"/><SP WIDTH="24" VPOS="499" HPOS="1904"/><String ID="p291_w618" CONTENT="gaftro-colica" HPOS="1928" VPOS="499" WIDTH="221" HEIGHT="75" STYLEREFS="font0"/><SP WIDTH="22" VPOS="499" HPOS="2149"/><String ID="p291_w619" CONTENT="fends" HPOS="2171" VPOS="499" WIDTH="93" HEIGHT="75" STYLEREFS="font0"/></TextLine><TextLine WIDTH="1032" HEIGHT="75" ID="p291_t76" HPOS="1232" VPOS="544"><String ID="p291_w620" CONTENT="fmall" HPOS="1232" VPOS="544" WIDTH="88" HEIGHT="75" STYLEREFS="font0"/><SP WIDTH="16" VPOS="544" HPOS="1320"/><String ID="p291_w621" CONTENT="veins" HPOS="1336" VPOS="544" WIDTH="87" HEIGHT="75" STYLEREFS="font0"/><SP WIDTH="18" VPOS="544" HPOS="1423"/><String ID="p291_w622" CONTENT="to" HPOS="1441" VPOS="544" WIDTH="34" HEIGHT="75" STYLEREFS="font0"/><SP WIDTH="17" VPOS="544" HPOS="1475"/><String ID="p291_w623" CONTENT="the" HPOS="1492" VPOS="544" WIDTH="55" HEIGHT="75" STYLEREFS="font0"/><SP WIDTH="23" VPOS="544" HPOS="1547"/><String ID="p291_w624" CONTENT="head" HPOS="1570" VPOS="544" WIDTH="84" HEIGHT="75" STYLEREFS="font0"/><SP WIDTH="22" VPOS="544" HPOS="1654"/><String ID="p291_w625" CONTENT="of" HPOS="1676" VPOS="544" WIDTH="40" HEIGHT="75" STYLEREFS="font0"/><SP WIDTH="19" VPOS="544" HPOS="1716"/><String ID="p291_w626" CONTENT="the" HPOS="1735" VPOS="544" WIDTH="55" HEIGHT="75" STYLEREFS="font0"/><SP WIDTH="24" VPOS="544" HPOS="1790"/><String ID="p291_w627" CONTENT="pancreas," HPOS="1814" VPOS="544" WIDTH="163" HEIGHT="75" STYLEREFS="font0"/><SP WIDTH="26" VPOS="544" HPOS="1977"/><String ID="p291_w628" CONTENT="and" HPOS="2003" VPOS="544" WIDTH="63" HEIGHT="75" STYLEREFS="font0"/><SP WIDTH="24" VPOS="544" HPOS="2066"/><String ID="p291_w629" CONTENT="forms" HPOS="2090" VPOS="544" WIDTH="100" HEIGHT="75" STYLEREFS="font0"/><SP WIDTH="17" VPOS="544" HPOS="2190"/><String ID="p291_w630" CONTENT="the" HPOS="2207" VPOS="544" WIDTH="57" HEIGHT="75" STYLEREFS="font0"/></TextLine><TextLine WIDTH="1031" HEIGHT="75" ID="p291_t77" HPOS="1231" VPOS="591"><String ID="p291_w631" CONTENT="vena" HPOS="1231" VPOS="591" WIDTH="80" HEIGHT="75" STYLEREFS="font0"/><SP WIDTH="27" VPOS="591" HPOS="1311"/><String ID="p291_w632" CONTENT="gaftrica," HPOS="1338" VPOS="591" WIDTH="144" HEIGHT="75" STYLEREFS="font0"/><SP WIDTH="36" VPOS="591" HPOS="1482"/><String ID="p291_w633" CONTENT="or" HPOS="1518" VPOS="591" WIDTH="37" HEIGHT="75" STYLEREFS="font0"/><SP WIDTH="27" VPOS="591" HPOS="1555"/><String ID="p291_w634" CONTENT="gaftro-epiploica" HPOS="1582" VPOS="591" WIDTH="275" HEIGHT="75" STYLEREFS="font0"/><SP WIDTH="27" VPOS="591" HPOS="1857"/><String ID="p291_w635" CONTENT="dextra," HPOS="1884" VPOS="591" WIDTH="128" HEIGHT="75" STYLEREFS="font0"/><SP WIDTH="38" VPOS="591" HPOS="2012"/><String ID="p291_w636" CONTENT="which" HPOS="2050" VPOS="591" WIDTH="104" HEIGHT="75" STYLEREFS="font0"/><SP WIDTH="30" VPOS="591" HPOS="2154"/><String ID="p291_w637" CONTENT="goes" HPOS="2184" VPOS="591" WIDTH="78" HEIGHT="75" STYLEREFS="font0"/></TextLine><TextLine WIDTH="1029" HEIGHT="75" ID="p291_t78" HPOS="1232" VPOS="637"><String ID="p291_w638" CONTENT="from" HPOS="1232" VPOS="637" WIDTH="84" HEIGHT="75" STYLEREFS="font0"/><SP WIDTH="23" VPOS="637" HPOS="1316"/><String ID="p291_w639" CONTENT="the" HPOS="1339" VPOS="637" WIDTH="55" HEIGHT="75" STYLEREFS="font0"/><SP WIDTH="25" VPOS="637" HPOS="1394"/><String ID="p291_w640" CONTENT="pylorus" HPOS="1419" VPOS="637" WIDTH="129" HEIGHT="75" STYLEREFS="font0"/><SP WIDTH="17" VPOS="637" HPOS="1548"/><String ID="p291_w641" CONTENT="to" HPOS="1565" VPOS="637" WIDTH="35" HEIGHT="75" STYLEREFS="font0"/><SP WIDTH="17" VPOS="637" HPOS="1600"/><String ID="p291_w642" CONTENT="the" HPOS="1617" VPOS="637" WIDTH="54" HEIGHT="75" STYLEREFS="font0"/><SP WIDTH="17" VPOS="637" HPOS="1671"/><String ID="p291_w643" CONTENT="great" HPOS="1688" VPOS="637" WIDTH="89" HEIGHT="75" STYLEREFS="font0"/><SP WIDTH="18" VPOS="637" HPOS="1777"/><String ID="p291_w644" CONTENT="curvature" HPOS="1795" VPOS="637" WIDTH="167" HEIGHT="75" STYLEREFS="font0"/><SP WIDTH="17" VPOS="637" HPOS="1962"/><String ID="p291_w645" CONTENT="of" HPOS="1979" VPOS="637" WIDTH="40" HEIGHT="75" STYLEREFS="font0"/><SP WIDTH="18" VPOS="637" HPOS="2019"/><String ID="p291_w646" CONTENT="the" HPOS="2037" VPOS="637" WIDTH="55" HEIGHT="75" STYLEREFS="font0"/><SP WIDTH="16" VPOS="637" HPOS="2092"/><String ID="p291_w647" CONTENT="ftomach," HPOS="2108" VPOS="637" WIDTH="153" HEIGHT="75" STYLEREFS="font0"/></TextLine><TextLine WIDTH="1031" HEIGHT="75" ID="p291_t79" HPOS="1231" VPOS="682"><String ID="p291_w648" CONTENT="and" HPOS="1231" VPOS="682" WIDTH="62" HEIGHT="75" STYLEREFS="font0"/><SP WIDTH="16" VPOS="682" HPOS="1293"/><String ID="p291_w649" CONTENT="communicates" HPOS="1309" VPOS="682" WIDTH="246" HEIGHT="75" STYLEREFS="font0"/><SP WIDTH="17" VPOS="682" HPOS="1555"/><String ID="p291_w650" CONTENT="with" HPOS="1572" VPOS="682" WIDTH="77" HEIGHT="75" STYLEREFS="font0"/><SP WIDTH="19" VPOS="682" HPOS="1649"/><String ID="p291_w651" CONTENT="the" HPOS="1668" VPOS="682" WIDTH="53" HEIGHT="75" STYLEREFS="font0"/><SP WIDTH="17" VPOS="682" HPOS="1721"/><String ID="p291_w652" CONTENT="gaftrica" HPOS="1738" VPOS="682" WIDTH="134" HEIGHT="75" STYLEREFS="font0"/><SP WIDTH="16" VPOS="682" HPOS="1872"/><String ID="p291_w653" CONTENT="finiftra." HPOS="1888" VPOS="682" WIDTH="126" HEIGHT="75" STYLEREFS="font0"/><SP WIDTH="50" VPOS="682" HPOS="2014"/><String ID="p291_w654" CONTENT="In" HPOS="2064" VPOS="682" WIDTH="39" HEIGHT="75" STYLEREFS="font0"/><SP WIDTH="26" VPOS="682" HPOS="2103"/><String ID="p291_w655" CONTENT="its" HPOS="2129" VPOS="682" WIDTH="41" HEIGHT="75" STYLEREFS="font0"/><SP WIDTH="23" VPOS="682" HPOS="2170"/><String ID="p291_w656" CONTENT="paf-" HPOS="2193" VPOS="682" WIDTH="69" HEIGHT="75" STYLEREFS="font0"/></TextLine><TextLine WIDTH="1033" HEIGHT="75" ID="p291_t80" HPOS="1229" VPOS="729"><String ID="p291_w657" CONTENT="fage" HPOS="1229" VPOS="729" WIDTH="73" HEIGHT="75" STYLEREFS="font0"/><SP WIDTH="15" VPOS="729" HPOS="1302"/><String ID="p291_w658" CONTENT="it" HPOS="1317" VPOS="729" WIDTH="26" HEIGHT="75" STYLEREFS="font0"/><SP WIDTH="16" VPOS="729" HPOS="1343"/><String ID="p291_w659" CONTENT="fupplies" HPOS="1359" VPOS="729" WIDTH="136" HEIGHT="75" STYLEREFS="font0"/><SP WIDTH="17" VPOS="729" HPOS="1495"/><String ID="p291_w660" CONTENT="the" HPOS="1512" VPOS="729" WIDTH="55" HEIGHT="75" STYLEREFS="font0"/><SP WIDTH="16" VPOS="729" HPOS="1567"/><String ID="p291_w661" CONTENT="ftomach" HPOS="1583" VPOS="729" WIDTH="140" HEIGHT="75" STYLEREFS="font0"/><SP WIDTH="24" VPOS="729" HPOS="1723"/><String ID="p291_w662" CONTENT="and" HPOS="1747" VPOS="729" WIDTH="62" HEIGHT="75" STYLEREFS="font0"/><SP WIDTH="23" VPOS="729" HPOS="1809"/><String ID="p291_w663" CONTENT="omentum," HPOS="1832" VPOS="729" WIDTH="174" HEIGHT="75" STYLEREFS="font0"/><SP WIDTH="25" VPOS="729" HPOS="2006"/><String ID="p291_w664" CONTENT="and" HPOS="2031" VPOS="729" WIDTH="64" HEIGHT="75" STYLEREFS="font0"/><SP WIDTH="21" VPOS="729" HPOS="2095"/><String ID="p291_w665" CONTENT="commu-" HPOS="2116" VPOS="729" WIDTH="146" HEIGHT="75" STYLEREFS="font0"/></TextLine><TextLine WIDTH="927" HEIGHT="75" ID="p291_t81" HPOS="1229" VPOS="776"><String ID="p291_w666" CONTENT="sicates" HPOS="1229" VPOS="776" WIDTH="119" HEIGHT="75" STYLEREFS="font0"/><SP WIDTH="18" VPOS="776" HPOS="1348"/><String ID="p291_w667" CONTENT="with" HPOS="1366" VPOS="776" WIDTH="79" HEIGHT="75" STYLEREFS="font0"/><SP WIDTH="12" VPOS="776" HPOS="1445"/><String ID="p291_w668" CONTENT="the" HPOS="1457" VPOS="776" WIDTH="55" HEIGHT="75" STYLEREFS="font0"/><SP WIDTH="16" VPOS="776" HPOS="1512"/><String ID="p291_w669" CONTENT="pylorica," HPOS="1528" VPOS="776" WIDTH="155" HEIGHT="75" STYLEREFS="font0"/><SP WIDTH="26" VPOS="776" HPOS="1683"/><String ID="p291_w670" CONTENT="coronaria" HPOS="1709" VPOS="776" WIDTH="165" HEIGHT="75" STYLEREFS="font0"/><SP WIDTH="11" VPOS="776" HPOS="1874"/><String ID="p291_w671" CONTENT="ventriculi," HPOS="1885" VPOS="776" WIDTH="180" HEIGHT="75" STYLEREFS="font0"/><SP WIDTH="27" VPOS="776" HPOS="2065"/><String ID="p291_w672" CONTENT="fyc." HPOS="2092" VPOS="776" WIDTH="64" HEIGHT="75" STYLEREFS="font0"/></TextLine><TextLine WIDTH="985" HEIGHT="75" ID="p291_t82" HPOS="1275" VPOS="821"><String ID="p291_w673" CONTENT="The" HPOS="1275" VPOS="821" WIDTH="77" HEIGHT="75" STYLEREFS="font0"/><SP WIDTH="21" VPOS="821" HPOS="1352"/><String ID="p291_w674" CONTENT="inferior" HPOS="1373" VPOS="821" WIDTH="131" HEIGHT="75" STYLEREFS="font0"/><SP WIDTH="24" VPOS="821" HPOS="1504"/><String ID="p291_w675" CONTENT="branch" HPOS="1528" VPOS="821" WIDTH="119" HEIGHT="75" STYLEREFS="font0"/><SP WIDTH="20" VPOS="821" HPOS="1647"/><String ID="p291_w676" CONTENT="of" HPOS="1667" VPOS="821" WIDTH="39" HEIGHT="75" STYLEREFS="font0"/><SP WIDTH="20" VPOS="821" HPOS="1706"/><String ID="p291_w677" CONTENT="the" HPOS="1726" VPOS="821" WIDTH="54" HEIGHT="75" STYLEREFS="font0"/><SP WIDTH="19" VPOS="821" HPOS="1780"/><String ID="p291_w678" CONTENT="vena" HPOS="1799" VPOS="821" WIDTH="81" HEIGHT="75" STYLEREFS="font0"/><SP WIDTH="16" VPOS="821" HPOS="1880"/><String ID="p291_w679" CONTENT="gaftro-colica," HPOS="1896" VPOS="821" WIDTH="232" HEIGHT="75" STYLEREFS="font0"/><SP WIDTH="26" VPOS="821" HPOS="2128"/><String ID="p291_w680" CONTENT="which" HPOS="2154" VPOS="821" WIDTH="106" HEIGHT="75" STYLEREFS="font0"/></TextLine><TextLine WIDTH="1038" HEIGHT="75" ID="p291_t83" HPOS="1231" VPOS="867"><String ID="p291_w681" CONTENT="may" HPOS="1231" VPOS="867" WIDTH="72" HEIGHT="75" STYLEREFS="font0"/><SP WIDTH="15" VPOS="867" HPOS="1303"/><String ID="p291_w682" CONTENT="be" HPOS="1318" VPOS="867" WIDTH="40" HEIGHT="75" STYLEREFS="font0"/><SP WIDTH="12" VPOS="867" HPOS="1358"/><String ID="p291_w683" CONTENT="called" HPOS="1370" VPOS="867" WIDTH="104" HEIGHT="75" STYLEREFS="font0"/><SP WIDTH="16" VPOS="867" HPOS="1474"/><String ID="p291_w684" CONTENT="colica" HPOS="1490" VPOS="867" WIDTH="101" HEIGHT="75" STYLEREFS="font0"/><SP WIDTH="17" VPOS="867" HPOS="1591"/><String ID="p291_w685" CONTENT="dextra," HPOS="1608" VPOS="867" WIDTH="126" HEIGHT="75" STYLEREFS="font0"/><SP WIDTH="27" VPOS="867" HPOS="1734"/><String ID="p291_w686" CONTENT="goes" HPOS="1761" VPOS="867" WIDTH="75" HEIGHT="75" STYLEREFS="font0"/><SP WIDTH="18" VPOS="867" HPOS="1836"/><String ID="p291_w687" CONTENT="to" HPOS="1854" VPOS="867" WIDTH="34" HEIGHT="75" STYLEREFS="font0"/><SP WIDTH="17" VPOS="867" HPOS="1888"/><String ID="p291_w688" CONTENT="the" HPOS="1905" VPOS="867" WIDTH="55" HEIGHT="75" STYLEREFS="font0"/><SP WIDTH="17" VPOS="867" HPOS="1960"/><String ID="p291_w689" CONTENT="right" HPOS="1977" VPOS="867" WIDTH="86" HEIGHT="75" STYLEREFS="font0"/><SP WIDTH="16" VPOS="867" HPOS="2063"/><String ID="p291_w690" CONTENT="portion" HPOS="2079" VPOS="867" WIDTH="128" HEIGHT="75" STYLEREFS="font0"/><SP WIDTH="19" VPOS="867" HPOS="2207"/><String ID="p291_w691" CONTENT="of" HPOS="2226" VPOS="867" WIDTH="43" HEIGHT="75" STYLEREFS="font0"/></TextLine><TextLine WIDTH="1027" HEIGHT="75" ID="p291_t84" HPOS="1231" VPOS="913"><String ID="p291_w692" CONTENT="the" HPOS="1231" VPOS="913" WIDTH="55" HEIGHT="75" STYLEREFS="font0"/><SP WIDTH="16" VPOS="913" HPOS="1286"/><String ID="p291_w693" CONTENT="colon;" HPOS="1302" VPOS="913" WIDTH="114" HEIGHT="75" STYLEREFS="font0"/><SP WIDTH="27" VPOS="913" HPOS="1416"/><String ID="p291_w694" CONTENT="and" HPOS="1443" VPOS="913" WIDTH="61" HEIGHT="75" STYLEREFS="font0"/><SP WIDTH="12" VPOS="913" HPOS="1504"/><String ID="p291_w695" CONTENT="from" HPOS="1516" VPOS="913" WIDTH="84" HEIGHT="75" STYLEREFS="font0"/><SP WIDTH="17" VPOS="913" HPOS="1600"/><String ID="p291_w696" CONTENT="thence" HPOS="1617" VPOS="913" WIDTH="113" HEIGHT="75" STYLEREFS="font0"/><SP WIDTH="15" VPOS="913" HPOS="1730"/><String ID="p291_w697" CONTENT="to" HPOS="1745" VPOS="913" WIDTH="35" HEIGHT="75" STYLEREFS="font0"/><SP WIDTH="18" VPOS="913" HPOS="1780"/><String ID="p291_w698" CONTENT="the" HPOS="1798" VPOS="913" WIDTH="53" HEIGHT="75" STYLEREFS="font0"/><SP WIDTH="18" VPOS="913" HPOS="1851"/><String ID="p291_w699" CONTENT="upper" HPOS="1869" VPOS="913" WIDTH="98" HEIGHT="75" STYLEREFS="font0"/><SP WIDTH="15" VPOS="913" HPOS="1967"/><String ID="p291_w700" CONTENT="part" HPOS="1982" VPOS="913" WIDTH="72" HEIGHT="75" STYLEREFS="font0"/><SP WIDTH="16" VPOS="913" HPOS="2054"/><String ID="p291_w701" CONTENT="of" HPOS="2070" VPOS="913" WIDTH="40" HEIGHT="75" STYLEREFS="font0"/><SP WIDTH="12" VPOS="913" HPOS="2110"/><String ID="p291_w702" CONTENT="that" HPOS="2122" VPOS="913" WIDTH="71" HEIGHT="75" STYLEREFS="font0"/><SP WIDTH="14" VPOS="913" HPOS="2193"/><String ID="p291_w703" CONTENT="in-" HPOS="2207" VPOS="913" WIDTH="51" HEIGHT="75" STYLEREFS="font0"/></TextLine><TextLine WIDTH="1029" HEIGHT="75" ID="p291_t85" HPOS="1231" VPOS="960"><String ID="p291_w704" CONTENT="teftine," HPOS="1231" VPOS="960" WIDTH="121" HEIGHT="75" STYLEREFS="font0"/><SP WIDTH="25" VPOS="960" HPOS="1352"/><String ID="p291_w705" CONTENT="where" HPOS="1377" VPOS="960" WIDTH="107" HEIGHT="75" STYLEREFS="font0"/><SP WIDTH="15" VPOS="960" HPOS="1484"/><String ID="p291_w706" CONTENT="it" HPOS="1499" VPOS="960" WIDTH="26" HEIGHT="75" STYLEREFS="font0"/><SP WIDTH="17" VPOS="960" HPOS="1525"/><String ID="p291_w707" CONTENT="is" HPOS="1542" VPOS="960" WIDTH="27" HEIGHT="75" STYLEREFS="font0"/><SP WIDTH="21" VPOS="960" HPOS="1569"/><String ID="p291_w708" CONTENT="divided" HPOS="1590" VPOS="960" WIDTH="130" HEIGHT="75" STYLEREFS="font0"/><SP WIDTH="24" VPOS="960" HPOS="1720"/><String ID="p291_w709" CONTENT="archwife," HPOS="1744" VPOS="960" WIDTH="162" HEIGHT="75" STYLEREFS="font0"/><SP WIDTH="26" VPOS="960" HPOS="1906"/><String ID="p291_w710" CONTENT="and" HPOS="1932" VPOS="960" WIDTH="62" HEIGHT="75" STYLEREFS="font0"/><SP WIDTH="20" VPOS="960" HPOS="1994"/><String ID="p291_w711" CONTENT="communicates" HPOS="2014" VPOS="960" WIDTH="246" HEIGHT="75" STYLEREFS="font0"/></TextLine><TextLine WIDTH="1029" HEIGHT="75" ID="p291_t86" HPOS="1231" VPOS="1006"><String ID="p291_w712" CONTENT="with" HPOS="1231" VPOS="1006" WIDTH="77" HEIGHT="75" STYLEREFS="font0"/><SP WIDTH="17" VPOS="1006" HPOS="1308"/><String ID="p291_w713" CONTENT="the" HPOS="1325" VPOS="1006" WIDTH="55" HEIGHT="75" STYLEREFS="font0"/><SP WIDTH="18" VPOS="1006" HPOS="1380"/><String ID="p291_w714" CONTENT="right" HPOS="1398" VPOS="1006" WIDTH="86" HEIGHT="75" STYLEREFS="font0"/><SP WIDTH="15" VPOS="1006" HPOS="1484"/><String ID="p291_w715" CONTENT="branch" HPOS="1499" VPOS="1006" WIDTH="121" HEIGHT="75" STYLEREFS="font0"/><SP WIDTH="22" VPOS="1006" HPOS="1620"/><String ID="p291_w716" CONTENT="of" HPOS="1642" VPOS="1006" WIDTH="40" HEIGHT="75" STYLEREFS="font0"/><SP WIDTH="17" VPOS="1006" HPOS="1682"/><String ID="p291_w717" CONTENT="the" HPOS="1699" VPOS="1006" WIDTH="56" HEIGHT="75" STYLEREFS="font0"/><SP WIDTH="23" VPOS="1006" HPOS="1755"/><String ID="p291_w718" CONTENT="colica" HPOS="1778" VPOS="1006" WIDTH="101" HEIGHT="75" STYLEREFS="font0"/><SP WIDTH="15" VPOS="1006" HPOS="1879"/><String ID="p291_w719" CONTENT="anterior," HPOS="1894" VPOS="1006" WIDTH="151" HEIGHT="75" STYLEREFS="font0"/><SP WIDTH="26" VPOS="1006" HPOS="2045"/><String ID="p291_w720" CONTENT="and" HPOS="2071" VPOS="1006" WIDTH="63" HEIGHT="75" STYLEREFS="font0"/><SP WIDTH="12" VPOS="1006" HPOS="2134"/><String ID="p291_w721" CONTENT="with" HPOS="2146" VPOS="1006" WIDTH="78" HEIGHT="75" STYLEREFS="font0"/><SP WIDTH="17" VPOS="1006" HPOS="2224"/><String ID="p291_w722" CONTENT="a" HPOS="2241" VPOS="1006" WIDTH="19" HEIGHT="75" STYLEREFS="font0"/></TextLine><TextLine WIDTH="495" HEIGHT="75" ID="p291_t87" HPOS="1232" VPOS="1053"><String ID="p291_w723" CONTENT="branch" HPOS="1232" VPOS="1053" WIDTH="117" HEIGHT="75" STYLEREFS="font0"/><SP WIDTH="17" VPOS="1053" HPOS="1349"/><String ID="p291_w724" CONTENT="of" HPOS="1366" VPOS="1053" WIDTH="41" HEIGHT="75" STYLEREFS="font0"/><SP WIDTH="18" VPOS="1053" HPOS="1407"/><String ID="p291_w725" CONTENT="the" HPOS="1425" VPOS="1053" WIDTH="56" HEIGHT="75" STYLEREFS="font0"/><SP WIDTH="17" VPOS="1053" HPOS="1481"/><String ID="p291_w726" CONTENT="vena" HPOS="1498" VPOS="1053" WIDTH="80" HEIGHT="75" STYLEREFS="font0"/><SP WIDTH="15" VPOS="1053" HPOS="1578"/><String ID="p291_w727" CONTENT="caecalis." HPOS="1593" VPOS="1053" WIDTH="134" HEIGHT="75" STYLEREFS="font0"/></TextLine><TextLine WIDTH="981" HEIGHT="75" ID="p291_t88" HPOS="1276" VPOS="1099"><String ID="p291_w728" CONTENT="The" HPOS="1276" VPOS="1099" WIDTH="76" HEIGHT="75" STYLEREFS="font0"/><SP WIDTH="17" VPOS="1099" HPOS="1352"/><String ID="p291_w729" CONTENT="trunk" HPOS="1369" VPOS="1099" WIDTH="97" HEIGHT="75" STYLEREFS="font0"/><SP WIDTH="16" VPOS="1099" HPOS="1466"/><String ID="p291_w730" CONTENT="of" HPOS="1482" VPOS="1099" WIDTH="40" HEIGHT="75" STYLEREFS="font0"/><SP WIDTH="19" VPOS="1099" HPOS="1522"/><String ID="p291_w731" CONTENT="the" HPOS="1541" VPOS="1099" WIDTH="55" HEIGHT="75" STYLEREFS="font0"/><SP WIDTH="15" VPOS="1099" HPOS="1596"/><String ID="p291_w732" CONTENT="great" HPOS="1611" VPOS="1099" WIDTH="91" HEIGHT="75" STYLEREFS="font0"/><SP WIDTH="15" VPOS="1099" HPOS="1702"/><String ID="p291_w733" CONTENT="mefaraic" HPOS="1717" VPOS="1099" WIDTH="150" HEIGHT="75" STYLEREFS="font0"/><SP WIDTH="23" VPOS="1099" HPOS="1867"/><String ID="p291_w734" CONTENT="vein" HPOS="1890" VPOS="1099" WIDTH="71" HEIGHT="75" STYLEREFS="font0"/><SP WIDTH="15" VPOS="1099" HPOS="1961"/><String ID="p291_w735" CONTENT="fends" HPOS="1976" VPOS="1099" WIDTH="91" HEIGHT="75" STYLEREFS="font0"/><SP WIDTH="17" VPOS="1099" HPOS="2067"/><String ID="p291_w736" CONTENT="out" HPOS="2084" VPOS="1099" WIDTH="55" HEIGHT="75" STYLEREFS="font0"/><SP WIDTH="18" VPOS="1099" HPOS="2139"/><String ID="p291_w737" CONTENT="fome-" HPOS="2157" VPOS="1099" WIDTH="100" HEIGHT="75" STYLEREFS="font0"/></TextLine><TextLine WIDTH="1027" HEIGHT="75" ID="p291_t89" HPOS="1231" VPOS="1145"><String ID="p291_w738" CONTENT="times," HPOS="1231" VPOS="1145" WIDTH="105" HEIGHT="75" STYLEREFS="font0"/><SP WIDTH="25" VPOS="1145" HPOS="1336"/><String ID="p291_w739" CONTENT="oppofite" HPOS="1361" VPOS="1145" WIDTH="138" HEIGHT="75" STYLEREFS="font0"/><SP WIDTH="16" VPOS="1145" HPOS="1499"/><String ID="p291_w740" CONTENT="to" HPOS="1515" VPOS="1145" WIDTH="35" HEIGHT="75" STYLEREFS="font0"/><SP WIDTH="18" VPOS="1145" HPOS="1550"/><String ID="p291_w741" CONTENT="the" HPOS="1568" VPOS="1145" WIDTH="54" HEIGHT="75" STYLEREFS="font0"/><SP WIDTH="12" VPOS="1145" HPOS="1622"/><String ID="p291_w742" CONTENT="gaftrica," HPOS="1634" VPOS="1145" WIDTH="143" HEIGHT="75" STYLEREFS="font0"/><SP WIDTH="26" VPOS="1145" HPOS="1777"/><String ID="p291_w743" CONTENT="a" HPOS="1803" VPOS="1145" WIDTH="18" HEIGHT="75" STYLEREFS="font0"/><SP WIDTH="17" VPOS="1145" HPOS="1821"/><String ID="p291_w744" CONTENT="particular" HPOS="1838" VPOS="1145" WIDTH="170" HEIGHT="75" STYLEREFS="font0"/><SP WIDTH="15" VPOS="1145" HPOS="2008"/><String ID="p291_w745" CONTENT="branch" HPOS="2023" VPOS="1145" WIDTH="120" HEIGHT="75" STYLEREFS="font0"/><SP WIDTH="11" VPOS="1145" HPOS="2143"/><String ID="p291_w746" CONTENT="to" HPOS="2154" VPOS="1145" WIDTH="35" HEIGHT="75" STYLEREFS="font0"/><SP WIDTH="13" VPOS="1145" HPOS="2189"/><String ID="p291_w747" CONTENT="the" HPOS="2202" VPOS="1145" WIDTH="56" HEIGHT="75" STYLEREFS="font0"/></TextLine><TextLine WIDTH="1028" HEIGHT="75" ID="p291_t90" HPOS="1230" VPOS="1192"><String ID="p291_w748" CONTENT="omentum," HPOS="1230" VPOS="1192" WIDTH="175" HEIGHT="75" STYLEREFS="font0"/><SP WIDTH="27" VPOS="1192" HPOS="1405"/><String ID="p291_w749" CONTENT="called" HPOS="1432" VPOS="1192" WIDTH="102" HEIGHT="75" STYLEREFS="font0"/><SP WIDTH="27" VPOS="1192" HPOS="1534"/><String ID="p291_w750" CONTENT="epiploica" HPOS="1561" VPOS="1192" WIDTH="152" HEIGHT="75" STYLEREFS="font0"/><SP WIDTH="28" VPOS="1192" HPOS="1713"/><String ID="p291_w751" CONTENT="dextra." HPOS="1741" VPOS="1192" WIDTH="129" HEIGHT="75" STYLEREFS="font0"/><SP WIDTH="49" VPOS="1192" HPOS="1870"/><String ID="p291_w752" CONTENT="But" HPOS="1919" VPOS="1192" WIDTH="68" HEIGHT="75" STYLEREFS="font0"/><SP WIDTH="27" VPOS="1192" HPOS="1987"/><String ID="p291_w753" CONTENT="almoft" HPOS="2014" VPOS="1192" WIDTH="110" HEIGHT="75" STYLEREFS="font0"/><SP WIDTH="22" VPOS="1192" HPOS="2124"/><String ID="p291_w754" CONTENT="imme-" HPOS="2146" VPOS="1192" WIDTH="112" HEIGHT="75" STYLEREFS="font0"/></TextLine><TextLine WIDTH="1028" HEIGHT="75" ID="p291_t91" HPOS="1230" VPOS="1238"><String ID="p291_w755" CONTENT="diately" HPOS="1230" VPOS="1238" WIDTH="119" HEIGHT="75" STYLEREFS="font0"/><SP WIDTH="16" VPOS="1238" HPOS="1349"/><String ID="p291_w756" CONTENT="before" HPOS="1365" VPOS="1238" WIDTH="111" HEIGHT="75" STYLEREFS="font0"/><SP WIDTH="23" VPOS="1238" HPOS="1476"/><String ID="p291_w757" CONTENT="it" HPOS="1499" VPOS="1238" WIDTH="26" HEIGHT="75" STYLEREFS="font0"/><SP WIDTH="24" VPOS="1238" HPOS="1525"/><String ID="p291_w758" CONTENT="afeends" HPOS="1549" VPOS="1238" WIDTH="128" HEIGHT="75" STYLEREFS="font0"/><SP WIDTH="24" VPOS="1238" HPOS="1677"/><String ID="p291_w759" CONTENT="over" HPOS="1701" VPOS="1238" WIDTH="76" HEIGHT="75" STYLEREFS="font0"/><SP WIDTH="25" VPOS="1238" HPOS="1777"/><String ID="p291_w760" CONTENT="the" HPOS="1802" VPOS="1238" WIDTH="54" HEIGHT="75" STYLEREFS="font0"/><SP WIDTH="24" VPOS="1238" HPOS="1856"/><String ID="p291_w761" CONTENT="mefenteric" HPOS="1880" VPOS="1238" WIDTH="184" HEIGHT="75" STYLEREFS="font0"/><SP WIDTH="24" VPOS="1238" HPOS="2064"/><String ID="p291_w762" CONTENT="artery," HPOS="2088" VPOS="1238" WIDTH="119" HEIGHT="75" STYLEREFS="font0"/><SP WIDTH="24" VPOS="1238" HPOS="2207"/><String ID="p291_w763" CONTENT="it" HPOS="2231" VPOS="1238" WIDTH="27" HEIGHT="75" STYLEREFS="font0"/></TextLine><TextLine WIDTH="1029" HEIGHT="75" ID="p291_t92" HPOS="1228" VPOS="1284"><String ID="p291_w764" CONTENT="produces" HPOS="1228" VPOS="1284" WIDTH="153" HEIGHT="75" STYLEREFS="font0"/><SP WIDTH="19" VPOS="1284" HPOS="1381"/><String ID="p291_w765" CONTENT="two" HPOS="1400" VPOS="1284" WIDTH="64" HEIGHT="75" STYLEREFS="font0"/><SP WIDTH="15" VPOS="1284" HPOS="1464"/><String ID="p291_w766" CONTENT="large" HPOS="1479" VPOS="1284" WIDTH="88" HEIGHT="75" STYLEREFS="font0"/><SP WIDTH="17" VPOS="1284" HPOS="1567"/><String ID="p291_w767" CONTENT="branches" HPOS="1584" VPOS="1284" WIDTH="153" HEIGHT="75" STYLEREFS="font0"/><SP WIDTH="15" VPOS="1284" HPOS="1737"/><String ID="p291_w768" CONTENT="very" HPOS="1752" VPOS="1284" WIDTH="76" HEIGHT="75" STYLEREFS="font0"/><SP WIDTH="13" VPOS="1284" HPOS="1828"/><String ID="p291_w769" CONTENT="near" HPOS="1841" VPOS="1284" WIDTH="76" HEIGHT="75" STYLEREFS="font0"/><SP WIDTH="16" VPOS="1284" HPOS="1917"/><String ID="p291_w770" CONTENT="each" HPOS="1933" VPOS="1284" WIDTH="77" HEIGHT="75" STYLEREFS="font0"/><SP WIDTH="17" VPOS="1284" HPOS="2010"/><String ID="p291_w771" CONTENT="other," HPOS="2027" VPOS="1284" WIDTH="106" HEIGHT="75" STYLEREFS="font0"/><SP WIDTH="18" VPOS="1284" HPOS="2133"/><String ID="p291_w772" CONTENT="which" HPOS="2151" VPOS="1284" WIDTH="106" HEIGHT="75" STYLEREFS="font0"/></TextLine><TextLine WIDTH="1026" HEIGHT="75" ID="p291_t93" HPOS="1230" VPOS="1330"><String ID="p291_w773" CONTENT="pafs" HPOS="1230" VPOS="1330" WIDTH="66" HEIGHT="75" STYLEREFS="font0"/><SP WIDTH="24" VPOS="1330" HPOS="1296"/><String ID="p291_w774" CONTENT="behind" HPOS="1320" VPOS="1330" WIDTH="119" HEIGHT="75" STYLEREFS="font0"/><SP WIDTH="23" VPOS="1330" HPOS="1439"/><String ID="p291_w775" CONTENT="and" HPOS="1462" VPOS="1330" WIDTH="62" HEIGHT="75" STYLEREFS="font0"/><SP WIDTH="24" VPOS="1330" HPOS="1524"/><String ID="p291_w776" CONTENT="under" HPOS="1548" VPOS="1330" WIDTH="100" HEIGHT="75" STYLEREFS="font0"/><SP WIDTH="23" VPOS="1330" HPOS="1648"/><String ID="p291_w777" CONTENT="the" HPOS="1671" VPOS="1330" WIDTH="56" HEIGHT="75" STYLEREFS="font0"/><SP WIDTH="24" VPOS="1330" HPOS="1727"/><String ID="p291_w778" CONTENT="artery," HPOS="1751" VPOS="1330" WIDTH="118" HEIGHT="75" STYLEREFS="font0"/><SP WIDTH="25" VPOS="1330" HPOS="1869"/><String ID="p291_w779" CONTENT="being" HPOS="1894" VPOS="1330" WIDTH="95" HEIGHT="75" STYLEREFS="font0"/><SP WIDTH="22" VPOS="1330" HPOS="1989"/><String ID="p291_w780" CONTENT="diftributed" HPOS="2011" VPOS="1330" WIDTH="189" HEIGHT="75" STYLEREFS="font0"/><SP WIDTH="22" VPOS="1330" HPOS="2200"/><String ID="p291_w781" CONTENT="to" HPOS="2222" VPOS="1330" WIDTH="34" HEIGHT="75" STYLEREFS="font0"/></TextLine><TextLine WIDTH="1027" HEIGHT="75" ID="p291_t94" HPOS="1229" VPOS="1375"><String ID="p291_w782" CONTENT="the" HPOS="1229" VPOS="1375" WIDTH="54" HEIGHT="75" STYLEREFS="font0"/><SP WIDTH="21" VPOS="1375" HPOS="1283"/><String ID="p291_w783" CONTENT="jejunum" HPOS="1304" VPOS="1375" WIDTH="150" HEIGHT="75" STYLEREFS="font0"/><SP WIDTH="17" VPOS="1375" HPOS="1454"/><String ID="p291_w784" CONTENT="and" HPOS="1471" VPOS="1375" WIDTH="61" HEIGHT="75" STYLEREFS="font0"/><SP WIDTH="23" VPOS="1375" HPOS="1532"/><String ID="p291_w785" CONTENT="part" HPOS="1555" VPOS="1375" WIDTH="72" HEIGHT="75" STYLEREFS="font0"/><SP WIDTH="16" VPOS="1375" HPOS="1627"/><String ID="p291_w786" CONTENT="of" HPOS="1643" VPOS="1375" WIDTH="40" HEIGHT="75" STYLEREFS="font0"/><SP WIDTH="16" VPOS="1375" HPOS="1683"/><String ID="p291_w787" CONTENT="the" HPOS="1699" VPOS="1375" WIDTH="58" HEIGHT="75" STYLEREFS="font0"/><SP WIDTH="13" VPOS="1375" HPOS="1757"/><String ID="p291_w788" CONTENT="ilium" HPOS="1770" VPOS="1375" WIDTH="93" HEIGHT="75" STYLEREFS="font0"/><SP WIDTH="24" VPOS="1375" HPOS="1863"/><String ID="p291_w789" CONTENT="by" HPOS="1887" VPOS="1375" WIDTH="42" HEIGHT="75" STYLEREFS="font0"/><SP WIDTH="24" VPOS="1375" HPOS="1929"/><String ID="p291_w790" CONTENT="numerous" HPOS="1953" VPOS="1375" WIDTH="168" HEIGHT="75" STYLEREFS="font0"/><SP WIDTH="18" VPOS="1375" HPOS="2121"/><String ID="p291_w791" CONTENT="rarniii-" HPOS="2139" VPOS="1375" WIDTH="117" HEIGHT="75" STYLEREFS="font0"/></TextLine><TextLine WIDTH="133" HEIGHT="75" ID="p291_t95" HPOS="1227" VPOS="1423"><String ID="p291_w792" CONTENT="cations." HPOS="1227" VPOS="1423" WIDTH="133" HEIGHT="75" STYLEREFS="font0"/></TextLine><TextLine WIDTH="982" HEIGHT="75" ID="p291_t96" HPOS="1273" VPOS="1469"><String ID="p291_w793" CONTENT="Afterwards" HPOS="1273" VPOS="1469" WIDTH="201" HEIGHT="75" STYLEREFS="font0"/><SP WIDTH="24" VPOS="1469" HPOS="1474"/><String ID="p291_w794" CONTENT="the" HPOS="1498" VPOS="1469" WIDTH="55" HEIGHT="75" STYLEREFS="font0"/><SP WIDTH="17" VPOS="1469" HPOS="1553"/><String ID="p291_w795" CONTENT="trunk" HPOS="1570" VPOS="1469" WIDTH="97" HEIGHT="75" STYLEREFS="font0"/><SP WIDTH="16" VPOS="1469" HPOS="1667"/><String ID="p291_w796" CONTENT="of" HPOS="1683" VPOS="1469" WIDTH="40" HEIGHT="75" STYLEREFS="font0"/><SP WIDTH="18" VPOS="1469" HPOS="1723"/><String ID="p291_w797" CONTENT="th:" HPOS="1741" VPOS="1469" WIDTH="54" HEIGHT="75" STYLEREFS="font0"/><SP WIDTH="19" VPOS="1469" HPOS="1795"/><String ID="p291_w798" CONTENT="mefaraic" HPOS="1814" VPOS="1469" WIDTH="147" HEIGHT="75" STYLEREFS="font0"/><SP WIDTH="17" VPOS="1469" HPOS="1961"/><String ID="p291_w799" CONTENT="pafles" HPOS="1978" VPOS="1469" WIDTH="96" HEIGHT="75" STYLEREFS="font0"/><SP WIDTH="25" VPOS="1469" HPOS="2074"/><String ID="p291_w800" CONTENT="over" HPOS="2099" VPOS="1469" WIDTH="76" HEIGHT="75" STYLEREFS="font0"/><SP WIDTH="24" VPOS="1469" HPOS="2175"/><String ID="p291_w801" CONTENT="the" HPOS="2199" VPOS="1469" WIDTH="56" HEIGHT="75" STYLEREFS="font0"/></TextLine><TextLine WIDTH="1026" HEIGHT="75" ID="p291_t97" HPOS="1228" VPOS="1514"><String ID="p291_w802" CONTENT="fuperior" HPOS="1228" VPOS="1514" WIDTH="140" HEIGHT="75" STYLEREFS="font0"/><SP WIDTH="14" VPOS="1514" HPOS="1368"/><String ID="p291_w803" CONTENT="mefenteric" HPOS="1382" VPOS="1514" WIDTH="185" HEIGHT="75" STYLEREFS="font0"/><SP WIDTH="16" VPOS="1514" HPOS="1567"/><String ID="p291_w804" CONTENT="artery," HPOS="1583" VPOS="1514" WIDTH="118" HEIGHT="75" STYLEREFS="font0"/><SP WIDTH="18" VPOS="1514" HPOS="1701"/><String ID="p291_w805" CONTENT="to" HPOS="1719" VPOS="1514" WIDTH="35" HEIGHT="75" STYLEREFS="font0"/><SP WIDTH="12" VPOS="1514" HPOS="1754"/><String ID="p291_w806" CONTENT="which" HPOS="1766" VPOS="1514" WIDTH="104" HEIGHT="75" STYLEREFS="font0"/><SP WIDTH="13" VPOS="1514" HPOS="1870"/><String ID="p291_w807" CONTENT="it" HPOS="1883" VPOS="1514" WIDTH="25" HEIGHT="75" STYLEREFS="font0"/><SP WIDTH="12" VPOS="1514" HPOS="1908"/><String ID="p291_w808" CONTENT="adheres" HPOS="1920" VPOS="1514" WIDTH="131" HEIGHT="75" STYLEREFS="font0"/><SP WIDTH="15" VPOS="1514" HPOS="2051"/><String ID="p291_w809" CONTENT="very" HPOS="2066" VPOS="1514" WIDTH="77" HEIGHT="75" STYLEREFS="font0"/><SP WIDTH="12" VPOS="1514" HPOS="2143"/><String ID="p291_w810" CONTENT="clofe-" HPOS="2155" VPOS="1514" WIDTH="99" HEIGHT="75" STYLEREFS="font0"/></TextLine><TextLine WIDTH="1024" HEIGHT="75" ID="p291_t98" HPOS="1228" VPOS="1560"><String ID="p291_w811" CONTENT="ly," HPOS="1228" VPOS="1560" WIDTH="45" HEIGHT="75" STYLEREFS="font0"/><SP WIDTH="26" VPOS="1560" HPOS="1273"/><String ID="p291_w812" CONTENT="and" HPOS="1299" VPOS="1560" WIDTH="62" HEIGHT="75" STYLEREFS="font0"/><SP WIDTH="16" VPOS="1560" HPOS="1361"/><String ID="p291_w813" CONTENT="from" HPOS="1377" VPOS="1560" WIDTH="83" HEIGHT="75" STYLEREFS="font0"/><SP WIDTH="17" VPOS="1560" HPOS="1460"/><String ID="p291_w814" CONTENT="the" HPOS="1477" VPOS="1560" WIDTH="54" HEIGHT="75" STYLEREFS="font0"/><SP WIDTH="16" VPOS="1560" HPOS="1531"/><String ID="p291_w815" CONTENT="convex" HPOS="1547" VPOS="1560" WIDTH="124" HEIGHT="75" STYLEREFS="font0"/><SP WIDTH="16" VPOS="1560" HPOS="1671"/><String ID="p291_w816" CONTENT="fide" HPOS="1687" VPOS="1560" WIDTH="63" HEIGHT="75" STYLEREFS="font0"/><SP WIDTH="15" VPOS="1560" HPOS="1750"/><String ID="p291_w817" CONTENT="of" HPOS="1765" VPOS="1560" WIDTH="42" HEIGHT="75" STYLEREFS="font0"/><SP WIDTH="16" VPOS="1560" HPOS="1807"/><String ID="p291_w818" CONTENT="its" HPOS="1823" VPOS="1560" WIDTH="42" HEIGHT="75" STYLEREFS="font0"/><SP WIDTH="17" VPOS="1560" HPOS="1865"/><String ID="p291_w819" CONTENT="arch" HPOS="1882" VPOS="1560" WIDTH="75" HEIGHT="75" STYLEREFS="font0"/><SP WIDTH="16" VPOS="1560" HPOS="1957"/><String ID="p291_w820" CONTENT="fends" HPOS="1973" VPOS="1560" WIDTH="92" HEIGHT="75" STYLEREFS="font0"/><SP WIDTH="22" VPOS="1560" HPOS="2065"/><String ID="p291_w821" CONTENT="out" HPOS="2087" VPOS="1560" WIDTH="58" HEIGHT="75" STYLEREFS="font0"/><SP WIDTH="21" VPOS="1560" HPOS="2145"/><String ID="p291_w822" CONTENT="feve-" HPOS="2166" VPOS="1560" WIDTH="86" HEIGHT="75" STYLEREFS="font0"/></TextLine><TextLine WIDTH="1024" HEIGHT="75" ID="p291_t99" HPOS="1227" VPOS="1606"><String ID="p291_w823" CONTENT="ral" HPOS="1227" VPOS="1606" WIDTH="46" HEIGHT="75" STYLEREFS="font0"/><SP WIDTH="13" VPOS="1606" HPOS="1273"/><String ID="p291_w824" CONTENT="branches," HPOS="1286" VPOS="1606" WIDTH="166" HEIGHT="75" STYLEREFS="font0"/><SP WIDTH="25" VPOS="1606" HPOS="1452"/><String ID="p291_w825" CONTENT="almoft" HPOS="1477" VPOS="1606" WIDTH="110" HEIGHT="75" STYLEREFS="font0"/><SP WIDTH="16" VPOS="1606" HPOS="1587"/><String ID="p291_w826" CONTENT="in" HPOS="1603" VPOS="1606" WIDTH="31" HEIGHT="75" STYLEREFS="font0"/><SP WIDTH="16" VPOS="1606" HPOS="1634"/><String ID="p291_w827" CONTENT="the" HPOS="1650" VPOS="1606" WIDTH="55" HEIGHT="75" STYLEREFS="font0"/><SP WIDTH="17" VPOS="1606" HPOS="1705"/><String ID="p291_w828" CONTENT="fame" HPOS="1722" VPOS="1606" WIDTH="82" HEIGHT="75" STYLEREFS="font0"/><SP WIDTH="16" VPOS="1606" HPOS="1804"/><String ID="p291_w829" CONTENT="manner" HPOS="1820" VPOS="1606" WIDTH="129" HEIGHT="75" STYLEREFS="font0"/><SP WIDTH="17" VPOS="1606" HPOS="1949"/><String ID="p291_w830" CONTENT="with" HPOS="1966" VPOS="1606" WIDTH="77" HEIGHT="75" STYLEREFS="font0"/><SP WIDTH="17" VPOS="1606" HPOS="2043"/><String ID="p291_w831" CONTENT="the" HPOS="2060" VPOS="1606" WIDTH="56" HEIGHT="75" STYLEREFS="font0"/><SP WIDTH="16" VPOS="1606" HPOS="2116"/><String ID="p291_w832" CONTENT="artery." HPOS="2132" VPOS="1606" WIDTH="119" HEIGHT="75" STYLEREFS="font0"/></TextLine><TextLine WIDTH="979" HEIGHT="75" ID="p291_t100" HPOS="1274" VPOS="1652"><String ID="p291_w833" CONTENT="From" HPOS="1274" VPOS="1652" WIDTH="98" HEIGHT="75" STYLEREFS="font0"/><SP WIDTH="25" VPOS="1652" HPOS="1372"/><String ID="p291_w834" CONTENT="the" HPOS="1397" VPOS="1652" WIDTH="55" HEIGHT="75" STYLEREFS="font0"/><SP WIDTH="25" VPOS="1652" HPOS="1452"/><String ID="p291_w835" CONTENT="concave" HPOS="1477" VPOS="1652" WIDTH="136" HEIGHT="75" STYLEREFS="font0"/><SP WIDTH="24" VPOS="1652" HPOS="1613"/><String ID="p291_w836" CONTENT="fide" HPOS="1637" VPOS="1652" WIDTH="63" HEIGHT="75" STYLEREFS="font0"/><SP WIDTH="24" VPOS="1652" HPOS="1700"/><String ID="p291_w837" CONTENT="of" HPOS="1724" VPOS="1652" WIDTH="40" HEIGHT="75" STYLEREFS="font0"/><SP WIDTH="18" VPOS="1652" HPOS="1764"/><String ID="p291_w838" CONTENT="the" HPOS="1782" VPOS="1652" WIDTH="55" HEIGHT="75" STYLEREFS="font0"/><SP WIDTH="23" VPOS="1652" HPOS="1837"/><String ID="p291_w839" CONTENT="mefaraic" HPOS="1860" VPOS="1652" WIDTH="149" HEIGHT="75" STYLEREFS="font0"/><SP WIDTH="15" VPOS="1652" HPOS="2009"/><String ID="p291_w840" CONTENT="vein," HPOS="2024" VPOS="1652" WIDTH="84" HEIGHT="75" STYLEREFS="font0"/><SP WIDTH="26" VPOS="1652" HPOS="2108"/><String ID="p291_w841" CONTENT="a" HPOS="2134" VPOS="1652" WIDTH="19" HEIGHT="75" STYLEREFS="font0"/><SP WIDTH="14" VPOS="1652" HPOS="2153"/><String ID="p291_w842" CONTENT="little" HPOS="2167" VPOS="1652" WIDTH="86" HEIGHT="75" STYLEREFS="font0"/></TextLine><TextLine WIDTH="1028" HEIGHT="75" ID="p291_t101" HPOS="1224" VPOS="1698"><String ID="p291_w843" CONTENT="below" HPOS="1224" VPOS="1698" WIDTH="105" HEIGHT="75" STYLEREFS="font0"/><SP WIDTH="17" VPOS="1698" HPOS="1329"/><String ID="p291_w844" CONTENT="the" HPOS="1346" VPOS="1698" WIDTH="54" HEIGHT="75" STYLEREFS="font0"/><SP WIDTH="17" VPOS="1698" HPOS="1400"/><String ID="p291_w845" CONTENT="origin" HPOS="1417" VPOS="1698" WIDTH="103" HEIGHT="75" STYLEREFS="font0"/><SP WIDTH="16" VPOS="1698" HPOS="1520"/><String ID="p291_w846" CONTENT="of" HPOS="1536" VPOS="1698" WIDTH="40" HEIGHT="75" STYLEREFS="font0"/><SP WIDTH="18" VPOS="1698" HPOS="1576"/><String ID="p291_w847" CONTENT="the" HPOS="1594" VPOS="1698" WIDTH="54" HEIGHT="75" STYLEREFS="font0"/><SP WIDTH="16" VPOS="1698" HPOS="1648"/><String ID="p291_w848" CONTENT="fecond" HPOS="1664" VPOS="1698" WIDTH="115" HEIGHT="75" STYLEREFS="font0"/><SP WIDTH="17" VPOS="1698" HPOS="1779"/><String ID="p291_w849" CONTENT="branch,," HPOS="1796" VPOS="1698" WIDTH="136" HEIGHT="75" STYLEREFS="font0"/><SP WIDTH="19" VPOS="1698" HPOS="1932"/><String ID="p291_w850" CONTENT="from" HPOS="1951" VPOS="1698" WIDTH="84" HEIGHT="75" STYLEREFS="font0"/><SP WIDTH="16" VPOS="1698" HPOS="2035"/><String ID="p291_w851" CONTENT="the" HPOS="2051" VPOS="1698" WIDTH="55" HEIGHT="75" STYLEREFS="font0"/><SP WIDTH="22" VPOS="1698" HPOS="2106"/><String ID="p291_w852" CONTENT="convex" HPOS="2128" VPOS="1698" WIDTH="124" HEIGHT="75" STYLEREFS="font0"/></TextLine><TextLine WIDTH="1026" HEIGHT="75" ID="p291_t102" HPOS="1226" VPOS="1745"><String ID="p291_w853" CONTENT="fide," HPOS="1226" VPOS="1745" WIDTH="77" HEIGHT="75" STYLEREFS="font0"/><SP WIDTH="25" VPOS="1745" HPOS="1303"/><String ID="p291_w854" CONTENT="arifes" HPOS="1328" VPOS="1745" WIDTH="93" HEIGHT="75" STYLEREFS="font0"/><SP WIDTH="17" VPOS="1745" HPOS="1421"/><String ID="p291_w855" CONTENT="a" HPOS="1438" VPOS="1745" WIDTH="18" HEIGHT="75" STYLEREFS="font0"/><SP WIDTH="12" VPOS="1745" HPOS="1456"/><String ID="p291_w856" CONTENT="branch," HPOS="1468" VPOS="1745" WIDTH="131" HEIGHT="75" STYLEREFS="font0"/><SP WIDTH="24" VPOS="1745" HPOS="1599"/><String ID="p291_w857" CONTENT="called" HPOS="1623" VPOS="1745" WIDTH="104" HEIGHT="75" STYLEREFS="font0"/><SP WIDTH="16" VPOS="1745" HPOS="1727"/><String ID="p291_w858" CONTENT="vetia" HPOS="1743" VPOS="1745" WIDTH="81" HEIGHT="75" STYLEREFS="font0"/><SP WIDTH="16" VPOS="1745" HPOS="1824"/><String ID="p291_w859" CONTENT="atcalis," HPOS="1840" VPOS="1745" WIDTH="137" HEIGHT="75" STYLEREFS="font0"/><SP WIDTH="26" VPOS="1745" HPOS="1977"/><String ID="p291_w860" CONTENT="which" HPOS="2003" VPOS="1745" WIDTH="105" HEIGHT="75" STYLEREFS="font0"/><SP WIDTH="17" VPOS="1745" HPOS="2108"/><String ID="p291_w861" CONTENT="runs" HPOS="2125" VPOS="1745" WIDTH="74" HEIGHT="75" STYLEREFS="font0"/><SP WIDTH="18" VPOS="1745" HPOS="2199"/><String ID="p291_w862" CONTENT="to" HPOS="2217" VPOS="1745" WIDTH="35" HEIGHT="75" STYLEREFS="font0"/></TextLine><TextLine WIDTH="1024" HEIGHT="75" ID="p291_t103" HPOS="1228" VPOS="1790"><String ID="p291_w863" CONTENT="the" HPOS="1228" VPOS="1790" WIDTH="54" HEIGHT="75" STYLEREFS="font0"/><SP WIDTH="17" VPOS="1790" HPOS="1282"/><String ID="p291_w864" CONTENT="baginning" HPOS="1299" VPOS="1790" WIDTH="169" HEIGHT="75" STYLEREFS="font0"/><SP WIDTH="16" VPOS="1790" HPOS="1468"/><String ID="p291_w865" CONTENT="of" HPOS="1484" VPOS="1790" WIDTH="39" HEIGHT="75" STYLEREFS="font0"/><SP WIDTH="19" VPOS="1790" HPOS="1523"/><String ID="p291_w866" CONTENT="the" HPOS="1542" VPOS="1790" WIDTH="56" HEIGHT="75" STYLEREFS="font0"/><SP WIDTH="16" VPOS="1790" HPOS="1598"/><String ID="p291_w867" CONTENT="colon," HPOS="1614" VPOS="1790" WIDTH="107" HEIGHT="75" STYLEREFS="font0"/><SP WIDTH="25" VPOS="1790" HPOS="1721"/><String ID="p291_w868" CONTENT="crofiing" HPOS="1746" VPOS="1790" WIDTH="131" HEIGHT="75" STYLEREFS="font0"/><SP WIDTH="16" VPOS="1790" HPOS="1877"/><String ID="p291_w869" CONTENT="one" HPOS="1893" VPOS="1790" WIDTH="59" HEIGHT="75" STYLEREFS="font0"/><SP WIDTH="17" VPOS="1790" HPOS="1952"/><String ID="p291_w870" CONTENT="of" HPOS="1969" VPOS="1790" WIDTH="40" HEIGHT="75" STYLEREFS="font0"/><SP WIDTH="17" VPOS="1790" HPOS="2009"/><String ID="p291_w871" CONTENT="the" HPOS="2026" VPOS="1790" WIDTH="55" HEIGHT="75" STYLEREFS="font0"/><SP WIDTH="16" VPOS="1790" HPOS="2081"/><String ID="p291_w872" CONTENT="branches" HPOS="2097" VPOS="1790" WIDTH="155" HEIGHT="75" STYLEREFS="font0"/></TextLine><TextLine WIDTH="591" HEIGHT="75" ID="p291_t104" HPOS="1224" VPOS="1836"><String ID="p291_w873" CONTENT="oPthe" HPOS="1224" VPOS="1836" WIDTH="113" HEIGHT="75" STYLEREFS="font0"/><SP WIDTH="11" VPOS="1836" HPOS="1337"/><String ID="p291_w874" CONTENT="fuperior" HPOS="1348" VPOS="1836" WIDTH="142" HEIGHT="75" STYLEREFS="font0"/><SP WIDTH="11" VPOS="1836" HPOS="1490"/><String ID="p291_w875" CONTENT="mefenteric" HPOS="1501" VPOS="1836" WIDTH="184" HEIGHT="75" STYLEREFS="font0"/><SP WIDTH="12" VPOS="1836" HPOS="1685"/><String ID="p291_w876" CONTENT="artery." HPOS="1697" VPOS="1836" WIDTH="118" HEIGHT="75" STYLEREFS="font0"/></TextLine><TextLine WIDTH="981" HEIGHT="75" ID="p291_t105" HPOS="1271" VPOS="1883"><String ID="p291_w877" CONTENT="This" HPOS="1271" VPOS="1883" WIDTH="83" HEIGHT="75" STYLEREFS="font0"/><SP WIDTH="17" VPOS="1883" HPOS="1354"/><String ID="p291_w878" CONTENT="c2:cal" HPOS="1371" VPOS="1883" WIDTH="93" HEIGHT="75" STYLEREFS="font0"/><SP WIDTH="16" VPOS="1883" HPOS="1464"/><String ID="p291_w879" CONTENT="vein" HPOS="1480" VPOS="1883" WIDTH="73" HEIGHT="75" STYLEREFS="font0"/><SP WIDTH="17" VPOS="1883" HPOS="1553"/><String ID="p291_w880" CONTENT="divides" HPOS="1570" VPOS="1883" WIDTH="123" HEIGHT="75" STYLEREFS="font0"/><SP WIDTH="18" VPOS="1883" HPOS="1693"/><String ID="p291_w881" CONTENT="by" HPOS="1711" VPOS="1883" WIDTH="43" HEIGHT="75" STYLEREFS="font0"/><SP WIDTH="15" VPOS="1883" HPOS="1754"/><String ID="p291_w882" CONTENT="two" HPOS="1769" VPOS="1883" WIDTH="68" HEIGHT="75" STYLEREFS="font0"/><SP WIDTH="16" VPOS="1883" HPOS="1837"/><String ID="p291_w883" CONTENT="arches," HPOS="1853" VPOS="1883" WIDTH="123" HEIGHT="75" STYLEREFS="font0"/><SP WIDTH="26" VPOS="1883" HPOS="1976"/><String ID="p291_w884" CONTENT="the" HPOS="2002" VPOS="1883" WIDTH="56" HEIGHT="75" STYLEREFS="font0"/><SP WIDTH="15" VPOS="1883" HPOS="2058"/><String ID="p291_w885" CONTENT="uppernioft" HPOS="2073" VPOS="1883" WIDTH="179" HEIGHT="75" STYLEREFS="font0"/></TextLine><TextLine WIDTH="1025" HEIGHT="75" ID="p291_t106" HPOS="1225" VPOS="1928"><String ID="p291_w886" CONTENT="of" HPOS="1225" VPOS="1928" WIDTH="40" HEIGHT="75" STYLEREFS="font0"/><SP WIDTH="20" VPOS="1928" HPOS="1265"/><String ID="p291_w887" CONTENT="which" HPOS="1285" VPOS="1928" WIDTH="105" HEIGHT="75" STYLEREFS="font0"/><SP WIDTH="17" VPOS="1928" HPOS="1390"/><String ID="p291_w888" CONTENT="communicates" HPOS="1407" VPOS="1928" WIDTH="245" HEIGHT="75" STYLEREFS="font0"/><SP WIDTH="12" VPOS="1928" HPOS="1652"/><String ID="p291_w889" CONTENT="with" HPOS="1664" VPOS="1928" WIDTH="77" HEIGHT="75" STYLEREFS="font0"/><SP WIDTH="16" VPOS="1928" HPOS="1741"/><String ID="p291_w890" CONTENT="the" HPOS="1757" VPOS="1928" WIDTH="55" HEIGHT="75" STYLEREFS="font0"/><SP WIDTH="11" VPOS="1928" HPOS="1812"/><String ID="p291_w891" CONTENT="lower" HPOS="1823" VPOS="1928" WIDTH="100" HEIGHT="75" STYLEREFS="font0"/><SP WIDTH="16" VPOS="1928" HPOS="1923"/><String ID="p291_w892" CONTENT="branch" HPOS="1939" VPOS="1928" WIDTH="118" HEIGHT="75" STYLEREFS="font0"/><SP WIDTH="17" VPOS="1928" HPOS="2057"/><String ID="p291_w893" CONTENT="of" HPOS="2074" VPOS="1928" WIDTH="40" HEIGHT="75" STYLEREFS="font0"/><SP WIDTH="10" VPOS="1928" HPOS="2114"/><String ID="p291_w894" CONTENT="the" HPOS="2124" VPOS="1928" WIDTH="56" HEIGHT="75" STYLEREFS="font0"/><SP WIDTH="15" VPOS="1928" HPOS="2180"/><String ID="p291_w895" CONTENT="ve-" HPOS="2195" VPOS="1928" WIDTH="55" HEIGHT="75" STYLEREFS="font0"/></TextLine><TextLine WIDTH="1025" HEIGHT="75" ID="p291_t107" HPOS="1225" VPOS="1974"><String ID="p291_w896" CONTENT="na" HPOS="1225" VPOS="1974" WIDTH="39" HEIGHT="75" STYLEREFS="font0"/><SP WIDTH="17" VPOS="1974" HPOS="1264"/><String ID="p291_w897" CONTENT="gaftro-colica;" HPOS="1281" VPOS="1974" WIDTH="242" HEIGHT="75" STYLEREFS="font0"/><SP WIDTH="26" VPOS="1974" HPOS="1523"/><String ID="p291_w898" CONTENT="the" HPOS="1549" VPOS="1974" WIDTH="55" HEIGHT="75" STYLEREFS="font0"/><SP WIDTH="23" VPOS="1974" HPOS="1604"/><String ID="p291_w899" CONTENT="other," HPOS="1627" VPOS="1974" WIDTH="105" HEIGHT="75" STYLEREFS="font0"/><SP WIDTH="26" VPOS="1974" HPOS="1732"/><String ID="p291_w900" CONTENT="after" HPOS="1758" VPOS="1974" WIDTH="82" HEIGHT="75" STYLEREFS="font0"/><SP WIDTH="22" VPOS="1974" HPOS="1840"/><String ID="p291_w901" CONTENT="having" HPOS="1862" VPOS="1974" WIDTH="117" HEIGHT="75" STYLEREFS="font0"/><SP WIDTH="23" VPOS="1974" HPOS="1979"/><String ID="p291_w902" CONTENT="fent" HPOS="2002" VPOS="1974" WIDTH="68" HEIGHT="75" STYLEREFS="font0"/><SP WIDTH="24" VPOS="1974" HPOS="2070"/><String ID="p291_w903" CONTENT="ramifica-" HPOS="2094" VPOS="1974" WIDTH="156" HEIGHT="75" STYLEREFS="font0"/></TextLine><TextLine WIDTH="1026" HEIGHT="75" ID="p291_t108" HPOS="1222" VPOS="2021"><String ID="p291_w904" CONTENT="tions" HPOS="1222" VPOS="2021" WIDTH="83" HEIGHT="75" STYLEREFS="font0"/><SP WIDTH="17" VPOS="2021" HPOS="1305"/><String ID="p291_w905" CONTENT="to" HPOS="1322" VPOS="2021" WIDTH="34" HEIGHT="75" STYLEREFS="font0"/><SP WIDTH="13" VPOS="2021" HPOS="1356"/><String ID="p291_w906" CONTENT="the" HPOS="1369" VPOS="2021" WIDTH="59" HEIGHT="75" STYLEREFS="font0"/><SP WIDTH="16" VPOS="2021" HPOS="1428"/><String ID="p291_w907" CONTENT="inteftinum" HPOS="1444" VPOS="2021" WIDTH="179" HEIGHT="75" STYLEREFS="font0"/><SP WIDTH="16" VPOS="2021" HPOS="1623"/><String ID="p291_w908" CONTENT="caecum" HPOS="1639" VPOS="2021" WIDTH="116" HEIGHT="75" STYLEREFS="font0"/><SP WIDTH="18" VPOS="2021" HPOS="1755"/><String ID="p291_w909" CONTENT="and" HPOS="1773" VPOS="2021" WIDTH="60" HEIGHT="75" STYLEREFS="font0"/><SP WIDTH="26" VPOS="2021" HPOS="1833"/><String ID="p291_w910" CONTENT="appendicula" HPOS="1859" VPOS="2021" WIDTH="206" HEIGHT="75" STYLEREFS="font0"/><SP WIDTH="16" VPOS="2021" HPOS="2065"/><String ID="p291_w911" CONTENT="vermilbr-" HPOS="2081" VPOS="2021" WIDTH="167" HEIGHT="75" STYLEREFS="font0"/></TextLine><TextLine WIDTH="1028" HEIGHT="75" ID="p291_t109" HPOS="1220" VPOS="2067"><String ID="p291_w912" CONTENT="mis," HPOS="1220" VPOS="2067" WIDTH="73" HEIGHT="75" STYLEREFS="font0"/><SP WIDTH="34" VPOS="2067" HPOS="1293"/><String ID="p291_w913" CONTENT="communicates" HPOS="1327" VPOS="2067" WIDTH="245" HEIGHT="75" STYLEREFS="font0"/><SP WIDTH="32" VPOS="2067" HPOS="1572"/><String ID="p291_w914" CONTENT="below" HPOS="1604" VPOS="2067" WIDTH="104" HEIGHT="75" STYLEREFS="font0"/><SP WIDTH="24" VPOS="2067" HPOS="1708"/><String ID="p291_w915" CONTENT="with" HPOS="1732" VPOS="2067" WIDTH="79" HEIGHT="75" STYLEREFS="font0"/><SP WIDTH="31" VPOS="2067" HPOS="1811"/><String ID="p291_w916" CONTENT="the" HPOS="1842" VPOS="2067" WIDTH="55" HEIGHT="75" STYLEREFS="font0"/><SP WIDTH="31" VPOS="2067" HPOS="1897"/><String ID="p291_w917" CONTENT="extremity" HPOS="1928" VPOS="2067" WIDTH="175" HEIGHT="75" STYLEREFS="font0"/><SP WIDTH="24" VPOS="2067" HPOS="2103"/><String ID="p291_w918" CONTENT="of" HPOS="2127" VPOS="2067" WIDTH="40" HEIGHT="75" STYLEREFS="font0"/><SP WIDTH="25" VPOS="2067" HPOS="2167"/><String ID="p291_w919" CONTENT="the" HPOS="2192" VPOS="2067" WIDTH="56" HEIGHT="75" STYLEREFS="font0"/></TextLine><TextLine WIDTH="356" HEIGHT="75" ID="p291_t110" HPOS="1219" VPOS="2112"><String ID="p291_w920" CONTENT="great" HPOS="1219" VPOS="2112" WIDTH="90" HEIGHT="75" STYLEREFS="font0"/><SP WIDTH="16" VPOS="2112" HPOS="1309"/><String ID="p291_w921" CONTENT="mefar^ic" HPOS="1325" VPOS="2112" WIDTH="149" HEIGHT="75" STYLEREFS="font0"/><SP WIDTH="15" VPOS="2112" HPOS="1474"/><String ID="p291_w922" CONTENT="vein." HPOS="1489" VPOS="2112" WIDTH="86" HEIGHT="75" STYLEREFS="font0"/></TextLine><TextLine WIDTH="985" HEIGHT="75" ID="p291_t111" HPOS="1267" VPOS="2159"><String ID="p291_w923" CONTENT="The" HPOS="1267" VPOS="2159" WIDTH="76" HEIGHT="75" STYLEREFS="font0"/><SP WIDTH="15" VPOS="2159" HPOS="1343"/><String ID="p291_w924" CONTENT="fplenic" HPOS="1358" VPOS="2159" WIDTH="118" HEIGHT="75" STYLEREFS="font0"/><SP WIDTH="16" VPOS="2159" HPOS="1476"/><String ID="p291_w925" CONTENT="vein" HPOS="1492" VPOS="2159" WIDTH="72" HEIGHT="75" STYLEREFS="font0"/><SP WIDTH="11" VPOS="2159" HPOS="1564"/><String ID="p291_w926" CONTENT="is" HPOS="1575" VPOS="2159" WIDTH="28" HEIGHT="75" STYLEREFS="font0"/><SP WIDTH="17" VPOS="2159" HPOS="1603"/><String ID="p291_w927" CONTENT="one" HPOS="1620" VPOS="2159" WIDTH="60" HEIGHT="75" STYLEREFS="font0"/><SP WIDTH="16" VPOS="2159" HPOS="1680"/><String ID="p291_w928" CONTENT="of" HPOS="1696" VPOS="2159" WIDTH="41" HEIGHT="75" STYLEREFS="font0"/><SP WIDTH="18" VPOS="2159" HPOS="1737"/><String ID="p291_w929" CONTENT="the" HPOS="1755" VPOS="2159" WIDTH="54" HEIGHT="75" STYLEREFS="font0"/><SP WIDTH="17" VPOS="2159" HPOS="1809"/><String ID="p291_w930" CONTENT="three" HPOS="1826" VPOS="2159" WIDTH="91" HEIGHT="75" STYLEREFS="font0"/><SP WIDTH="16" VPOS="2159" HPOS="1917"/><String ID="p291_w931" CONTENT="great" HPOS="1933" VPOS="2159" WIDTH="89" HEIGHT="75" STYLEREFS="font0"/><SP WIDTH="14" VPOS="2159" HPOS="2022"/><String ID="p291_w932" CONTENT="branches" HPOS="2036" VPOS="2159" WIDTH="158" HEIGHT="75" STYLEREFS="font0"/><SP WIDTH="18" VPOS="2159" HPOS="2194"/><String ID="p291_w933" CONTENT="of" HPOS="2212" VPOS="2159" WIDTH="40" HEIGHT="75" STYLEREFS="font0"/></TextLine><TextLine WIDTH="1027" HEIGHT="75" ID="p291_t112" HPOS="1219" VPOS="2205"><String ID="p291_w934" CONTENT="the" HPOS="1219" VPOS="2205" WIDTH="55" HEIGHT="75" STYLEREFS="font0"/><SP WIDTH="24" VPOS="2205" HPOS="1274"/><String ID="p291_w935" CONTENT="vena" HPOS="1298" VPOS="2205" WIDTH="80" HEIGHT="75" STYLEREFS="font0"/><SP WIDTH="22" VPOS="2205" HPOS="1378"/><String ID="p291_w936" CONTENT="portae." HPOS="1400" VPOS="2205" WIDTH="112" HEIGHT="75" STYLEREFS="font0"/><SP WIDTH="49" VPOS="2205" HPOS="1512"/><String ID="p291_w937" CONTENT="It" HPOS="1561" VPOS="2205" WIDTH="32" HEIGHT="75" STYLEREFS="font0"/><SP WIDTH="17" VPOS="2205" HPOS="1593"/><String ID="p291_w938" CONTENT="runs" HPOS="1610" VPOS="2205" WIDTH="73" HEIGHT="75" STYLEREFS="font0"/><SP WIDTH="17" VPOS="2205" HPOS="1683"/><String ID="p291_w939" CONTENT="tranfverfely" HPOS="1700" VPOS="2205" WIDTH="205" HEIGHT="75" STYLEREFS="font0"/><SP WIDTH="15" VPOS="2205" HPOS="1905"/><String ID="p291_w940" CONTENT="from" HPOS="1920" VPOS="2205" WIDTH="84" HEIGHT="75" STYLEREFS="font0"/><SP WIDTH="17" VPOS="2205" HPOS="2004"/><String ID="p291_w941" CONTENT="the" HPOS="2021" VPOS="2205" WIDTH="55" HEIGHT="75" STYLEREFS="font0"/><SP WIDTH="23" VPOS="2205" HPOS="2076"/><String ID="p291_w942" CONTENT="right" HPOS="2099" VPOS="2205" WIDTH="92" HEIGHT="75" STYLEREFS="font0"/><SP WIDTH="20" VPOS="2205" HPOS="2191"/><String ID="p291_w943" CONTENT="to" HPOS="2211" VPOS="2205" WIDTH="35" HEIGHT="75" STYLEREFS="font0"/></TextLine><TextLine WIDTH="1026" HEIGHT="75" ID="p291_t113" HPOS="1219" VPOS="2250"><String ID="p291_w944" CONTENT="the" HPOS="1219" VPOS="2250" WIDTH="54" HEIGHT="75" STYLEREFS="font0"/><SP WIDTH="16" VPOS="2250" HPOS="1273"/><String ID="p291_w945" CONTENT="left," HPOS="1289" VPOS="2250" WIDTH="73" HEIGHT="75" STYLEREFS="font0"/><SP WIDTH="25" VPOS="2250" HPOS="1362"/><String ID="p291_w946" CONTENT="firft" HPOS="1387" VPOS="2250" WIDTH="63" HEIGHT="75" STYLEREFS="font0"/><SP WIDTH="18" VPOS="2250" HPOS="1450"/><String ID="p291_w947" CONTENT="under" HPOS="1468" VPOS="2250" WIDTH="99" HEIGHT="75" STYLEREFS="font0"/><SP WIDTH="22" VPOS="2250" HPOS="1567"/><String ID="p291_w948" CONTENT="the" HPOS="1589" VPOS="2250" WIDTH="53" HEIGHT="75" STYLEREFS="font0"/><SP WIDTH="25" VPOS="2250" HPOS="1642"/><String ID="p291_w949" CONTENT="duodenum," HPOS="1667" VPOS="2250" WIDTH="194" HEIGHT="75" STYLEREFS="font0"/><SP WIDTH="26" VPOS="2250" HPOS="1861"/><String ID="p291_w950" CONTENT="and" HPOS="1887" VPOS="2250" WIDTH="62" HEIGHT="75" STYLEREFS="font0"/><SP WIDTH="23" VPOS="2250" HPOS="1949"/><String ID="p291_w951" CONTENT="then" HPOS="1972" VPOS="2250" WIDTH="76" HEIGHT="75" STYLEREFS="font0"/><SP WIDTH="23" VPOS="2250" HPOS="2048"/><String ID="p291_w952" CONTENT="along" HPOS="2071" VPOS="2250" WIDTH="94" HEIGHT="75" STYLEREFS="font0"/><SP WIDTH="24" VPOS="2250" HPOS="2165"/><String ID="p291_w953" CONTENT="the" HPOS="2189" VPOS="2250" WIDTH="56" HEIGHT="75" STYLEREFS="font0"/></TextLine><TextLine WIDTH="482" HEIGHT="75" ID="p291_t114" HPOS="1220" VPOS="2297"><String ID="p291_w954" CONTENT="lower" HPOS="1220" VPOS="2297" WIDTH="99" HEIGHT="75" STYLEREFS="font0"/><SP WIDTH="16" VPOS="2297" HPOS="1319"/><String ID="p291_w955" CONTENT="fide" HPOS="1335" VPOS="2297" WIDTH="63" HEIGHT="75" STYLEREFS="font0"/><SP WIDTH="17" VPOS="2297" HPOS="1398"/><String ID="p291_w956" CONTENT="of" HPOS="1415" VPOS="2297" WIDTH="40" HEIGHT="75" STYLEREFS="font0"/><SP WIDTH="18" VPOS="2297" HPOS="1455"/><String ID="p291_w957" CONTENT="the" HPOS="1473" VPOS="2297" WIDTH="54" HEIGHT="75" STYLEREFS="font0"/><SP WIDTH="11" VPOS="2297" HPOS="1527"/><String ID="p291_w958" CONTENT="pancreas." HPOS="1538" VPOS="2297" WIDTH="164" HEIGHT="75" STYLEREFS="font0"/></TextLine><TextLine WIDTH="979" HEIGHT="75" ID="p291_t115" HPOS="1266" VPOS="2342"><String ID="p291_w959" CONTENT="In" HPOS="1266" VPOS="2342" WIDTH="37" HEIGHT="75" STYLEREFS="font0"/><SP WIDTH="16" VPOS="2342" HPOS="1303"/><String ID="p291_w960" CONTENT="this" HPOS="1319" VPOS="2342" WIDTH="64" HEIGHT="75" STYLEREFS="font0"/><SP WIDTH="17" VPOS="2342" HPOS="1383"/><String ID="p291_w961" CONTENT="courfe" HPOS="1400" VPOS="2342" WIDTH="108" HEIGHT="75" STYLEREFS="font0"/><SP WIDTH="17" VPOS="2342" HPOS="1508"/><String ID="p291_w962" CONTENT="it" HPOS="1525" VPOS="2342" WIDTH="24" HEIGHT="75" STYLEREFS="font0"/><SP WIDTH="17" VPOS="2342" HPOS="1549"/><String ID="p291_w963" CONTENT="gives" HPOS="1566" VPOS="2342" WIDTH="88" HEIGHT="75" STYLEREFS="font0"/><SP WIDTH="16" VPOS="2342" HPOS="1654"/><String ID="p291_w964" CONTENT="off" HPOS="1670" VPOS="2342" WIDTH="52" HEIGHT="75" STYLEREFS="font0"/><SP WIDTH="17" VPOS="2342" HPOS="1722"/><String ID="p291_w965" CONTENT="feveral" HPOS="1739" VPOS="2342" WIDTH="119" HEIGHT="75" STYLEREFS="font0"/><SP WIDTH="16" VPOS="2342" HPOS="1858"/><String ID="p291_w966" CONTENT="veins," HPOS="1874" VPOS="2342" WIDTH="99" HEIGHT="75" STYLEREFS="font0"/><SP WIDTH="26" VPOS="2342" HPOS="1973"/><String ID="p291_w967" CONTENT="viz." HPOS="1999" VPOS="2342" WIDTH="68" HEIGHT="75" STYLEREFS="font0"/><SP WIDTH="27" VPOS="2342" HPOS="2067"/><String ID="p291_w968" CONTENT="the" HPOS="2094" VPOS="2342" WIDTH="55" HEIGHT="75" STYLEREFS="font0"/><SP WIDTH="16" VPOS="2342" HPOS="2149"/><String ID="p291_w969" CONTENT="vena" HPOS="2165" VPOS="2342" WIDTH="80" HEIGHT="75" STYLEREFS="font0"/></TextLine><TextLine WIDTH="1025" HEIGHT="75" ID="p291_t116" HPOS="1217" VPOS="2388"><String ID="p291_w970" CONTENT="coronaria" HPOS="1217" VPOS="2388" WIDTH="164" HEIGHT="75" STYLEREFS="font0"/><SP WIDTH="17" VPOS="2388" HPOS="1381"/><String ID="p291_w971" CONTENT="ventriculi," HPOS="1398" VPOS="2388" WIDTH="180" HEIGHT="75" STYLEREFS="font0"/><SP WIDTH="25" VPOS="2388" HPOS="1578"/><String ID="p291_w972" CONTENT="pancreaticae," HPOS="1603" VPOS="2388" WIDTH="218" HEIGHT="75" STYLEREFS="font0"/><SP WIDTH="25" VPOS="2388" HPOS="1821"/><String ID="p291_w973" CONTENT="gaftrica," HPOS="1846" VPOS="2388" WIDTH="142" HEIGHT="75" STYLEREFS="font0"/><SP WIDTH="19" VPOS="2388" HPOS="1988"/><String ID="p291_w974" CONTENT="or" HPOS="2007" VPOS="2388" WIDTH="36" HEIGHT="75" STYLEREFS="font0"/><SP WIDTH="13" VPOS="2388" HPOS="2043"/><String ID="p291_w975" CONTENT="gaftro-epi-" HPOS="2056" VPOS="2388" WIDTH="186" HEIGHT="75" STYLEREFS="font0"/></TextLine><TextLine WIDTH="1024" HEIGHT="75" ID="p291_t117" HPOS="1217" VPOS="2434"><String ID="p291_w976" CONTENT="ploica" HPOS="1217" VPOS="2434" WIDTH="103" HEIGHT="75" STYLEREFS="font0"/><SP WIDTH="21" VPOS="2434" HPOS="1320"/><String ID="p291_w977" CONTENT="finiftra," HPOS="1341" VPOS="2434" WIDTH="129" HEIGHT="75" STYLEREFS="font0"/><SP WIDTH="25" VPOS="2434" HPOS="1470"/><String ID="p291_w978" CONTENT="and" HPOS="1495" VPOS="2434" WIDTH="62" HEIGHT="75" STYLEREFS="font0"/><SP WIDTH="23" VPOS="2434" HPOS="1557"/><String ID="p291_w979" CONTENT="epiploica" HPOS="1580" VPOS="2434" WIDTH="155" HEIGHT="75" STYLEREFS="font0"/><SP WIDTH="15" VPOS="2434" HPOS="1735"/><String ID="p291_w980" CONTENT="finiftra." HPOS="1750" VPOS="2434" WIDTH="129" HEIGHT="75" STYLEREFS="font0"/><SP WIDTH="55" VPOS="2434" HPOS="1879"/><String ID="p291_w981" CONTENT="It" HPOS="1934" VPOS="2434" WIDTH="31" HEIGHT="75" STYLEREFS="font0"/><SP WIDTH="23" VPOS="2434" HPOS="1965"/><String ID="p291_w982" CONTENT="likewife" HPOS="1988" VPOS="2434" WIDTH="139" HEIGHT="75" STYLEREFS="font0"/><SP WIDTH="25" VPOS="2434" HPOS="2127"/><String ID="p291_w983" CONTENT="often" HPOS="2152" VPOS="2434" WIDTH="89" HEIGHT="75" STYLEREFS="font0"/></TextLine><TextLine WIDTH="1025" HEIGHT="75" ID="p291_t118" HPOS="1217" VPOS="2480"><String ID="p291_w984" CONTENT="gives" HPOS="1217" VPOS="2480" WIDTH="86" HEIGHT="75" STYLEREFS="font0"/><SP WIDTH="25" VPOS="2480" HPOS="1303"/><String ID="p291_w985" CONTENT="origin" HPOS="1328" VPOS="2480" WIDTH="102" HEIGHT="75" STYLEREFS="font0"/><SP WIDTH="33" VPOS="2480" HPOS="1430"/><String ID="p291_w986" CONTENT="to" HPOS="1463" VPOS="2480" WIDTH="34" HEIGHT="75" STYLEREFS="font0"/><SP WIDTH="35" VPOS="2480" HPOS="1497"/><String ID="p291_w987" CONTENT="the" HPOS="1532" VPOS="2480" WIDTH="53" HEIGHT="75" STYLEREFS="font0"/><SP WIDTH="24" VPOS="2480" HPOS="1585"/><String ID="p291_w988" CONTENT="haemorrho.idalis" HPOS="1609" VPOS="2480" WIDTH="272" HEIGHT="75" STYLEREFS="font0"/><SP WIDTH="34" VPOS="2480" HPOS="1881"/><String ID="p291_w989" CONTENT="interna," HPOS="1915" VPOS="2480" WIDTH="134" HEIGHT="75" STYLEREFS="font0"/><SP WIDTH="26" VPOS="2480" HPOS="2049"/><String ID="p291_w990" CONTENT="the" HPOS="2075" VPOS="2480" WIDTH="54" HEIGHT="75" STYLEREFS="font0"/><SP WIDTH="24" VPOS="2480" HPOS="2129"/><String ID="p291_w991" CONTENT="third" HPOS="2153" VPOS="2480" WIDTH="89" HEIGHT="75" STYLEREFS="font0"/></TextLine><TextLine WIDTH="598" HEIGHT="75" ID="p291_t119" HPOS="1218" VPOS="2528"><String ID="p291_w992" CONTENT="capital" HPOS="1218" VPOS="2528" WIDTH="116" HEIGHT="75" STYLEREFS="font0"/><SP WIDTH="11" VPOS="2528" HPOS="1334"/><String ID="p291_w993" CONTENT="branch" HPOS="1345" VPOS="2528" WIDTH="118" HEIGHT="75" STYLEREFS="font0"/><SP WIDTH="17" VPOS="2528" HPOS="1463"/><String ID="p291_w994" CONTENT="of" HPOS="1480" VPOS="2528" WIDTH="40" HEIGHT="75" STYLEREFS="font0"/><SP WIDTH="19" VPOS="2528" HPOS="1520"/><String ID="p291_w995" CONTENT="the" HPOS="1539" VPOS="2528" WIDTH="54" HEIGHT="75" STYLEREFS="font0"/><SP WIDTH="19" VPOS="2528" HPOS="1593"/><String ID="p291_w996" CONTENT="vena" HPOS="1612" VPOS="2528" WIDTH="76" HEIGHT="75" STYLEREFS="font0"/><SP WIDTH="16" VPOS="2528" HPOS="1688"/><String ID="p291_w997" CONTENT="portae." HPOS="1704" VPOS="2528" WIDTH="112" HEIGHT="75" STYLEREFS="font0"/></TextLine><TextLine WIDTH="978" HEIGHT="75" ID="p291_t120" HPOS="1262" VPOS="2572"><String ID="p291_w998" CONTENT="It" HPOS="1262" VPOS="2572" WIDTH="31" HEIGHT="75" STYLEREFS="font0"/><SP WIDTH="25" VPOS="2572" HPOS="1293"/><String ID="p291_w999" CONTENT="terminates" HPOS="1318" VPOS="2572" WIDTH="182" HEIGHT="75" STYLEREFS="font0"/><SP WIDTH="17" VPOS="2572" HPOS="1500"/><String ID="p291_w1000" CONTENT=".afterwards" HPOS="1517" VPOS="2572" WIDTH="193" HEIGHT="75" STYLEREFS="font0"/><SP WIDTH="26" VPOS="2572" HPOS="1710"/><String ID="p291_w1001" CONTENT="by" HPOS="1736" VPOS="2572" WIDTH="42" HEIGHT="75" STYLEREFS="font0"/><SP WIDTH="22" VPOS="2572" HPOS="1778"/><String ID="p291_w1002" CONTENT="a" HPOS="1800" VPOS="2572" WIDTH="19" HEIGHT="75" STYLEREFS="font0"/><SP WIDTH="23" VPOS="2572" HPOS="1819"/><String ID="p291_w1003" CONTENT="winding" HPOS="1842" VPOS="2572" WIDTH="140" HEIGHT="75" STYLEREFS="font0"/><SP WIDTH="17" VPOS="2572" HPOS="1982"/><String ID="p291_w1004" CONTENT="courfe," HPOS="1999" VPOS="2572" WIDTH="119" HEIGHT="75" STYLEREFS="font0"/><SP WIDTH="27" VPOS="2572" HPOS="2118"/><String ID="p291_w1005" CONTENT="being" HPOS="2145" VPOS="2572" WIDTH="95" HEIGHT="75" STYLEREFS="font0"/></TextLine><TextLine WIDTH="1024" HEIGHT="75" ID="p291_t121" HPOS="1216" VPOS="2619"><String ID="p291_w1006" CONTENT="divided" HPOS="1216" VPOS="2619" WIDTH="127" HEIGHT="75" STYLEREFS="font0"/><SP WIDTH="18" VPOS="2619" HPOS="1343"/><String ID="p291_w1007" CONTENT="into" HPOS="1361" VPOS="2619" WIDTH="68" HEIGHT="75" STYLEREFS="font0"/><SP WIDTH="13" VPOS="2619" HPOS="1429"/><String ID="p291_w1008" CONTENT="feveral" HPOS="1442" VPOS="2619" WIDTH="116" HEIGHT="75" STYLEREFS="font0"/><SP WIDTH="16" VPOS="2619" HPOS="1558"/><String ID="p291_w1009" CONTENT="branches" HPOS="1574" VPOS="2619" WIDTH="153" HEIGHT="75" STYLEREFS="font0"/><SP WIDTH="17" VPOS="2619" HPOS="1727"/><String ID="p291_w1010" CONTENT="that" HPOS="1744" VPOS="2619" WIDTH="70" HEIGHT="75" STYLEREFS="font0"/><SP WIDTH="16" VPOS="2619" HPOS="1814"/><String ID="p291_w1011" CONTENT="g" HPOS="1830" VPOS="2619" WIDTH="20" HEIGHT="75" STYLEREFS="font0"/><SP WIDTH="13" VPOS="2619" HPOS="1850"/><String ID="p291_w1012" CONTENT="j" HPOS="1863" VPOS="2619" WIDTH="8" HEIGHT="75" STYLEREFS="font0"/><SP WIDTH="19" VPOS="2619" HPOS="1871"/><String ID="p291_w1013" CONTENT="to" HPOS="1890" VPOS="2619" WIDTH="33" HEIGHT="75" STYLEREFS="font0"/><SP WIDTH="15" VPOS="2619" HPOS="1923"/><String ID="p291_w1014" CONTENT=".the" HPOS="1938" VPOS="2619" WIDTH="64" HEIGHT="75" STYLEREFS="font0"/><SP WIDTH="23" VPOS="2619" HPOS="2002"/><String ID="p291_w1015" CONTENT="fpleen" HPOS="2025" VPOS="2619" WIDTH="104" HEIGHT="75" STYLEREFS="font0"/><SP WIDTH="12" VPOS="2619" HPOS="2129"/><String ID="p291_w1016" CONTENT=";" HPOS="2141" VPOS="2619" WIDTH="10" HEIGHT="75" STYLEREFS="font0"/><SP WIDTH="27" VPOS="2619" HPOS="2151"/><String ID="p291_w1017" CONTENT="one" HPOS="2178" VPOS="2619" WIDTH="62" HEIGHT="75" STYLEREFS="font0"/></TextLine><TextLine WIDTH="1021" HEIGHT="75" ID="p291_t122" HPOS="1217" VPOS="2664"><String ID="p291_w1018" CONTENT="of" HPOS="1217" VPOS="2664" WIDTH="39" HEIGHT="75" STYLEREFS="font0"/><SP WIDTH="11" VPOS="2664" HPOS="1256"/><String ID="p291_w1019" CONTENT="which" HPOS="1267" VPOS="2664" WIDTH="103" HEIGHT="75" STYLEREFS="font0"/><SP WIDTH="13" VPOS="2664" HPOS="1370"/><String ID="p291_w1020" CONTENT="produces" HPOS="1383" VPOS="2664" WIDTH="155" HEIGHT="75" STYLEREFS="font0"/><SP WIDTH="17" VPOS="2664" HPOS="1538"/><String ID="p291_w1021" CONTENT="the" HPOS="1555" VPOS="2664" WIDTH="55" HEIGHT="75" STYLEREFS="font0"/><SP WIDTH="11" VPOS="2664" HPOS="1610"/><String ID="p291_w1022" CONTENT="fmall" HPOS="1621" VPOS="2664" WIDTH="90" HEIGHT="75" STYLEREFS="font0"/><SP WIDTH="18" VPOS="2664" HPOS="1711"/><String ID="p291_w1023" CONTENT="veins" HPOS="1729" VPOS="2664" WIDTH="84" HEIGHT="75" STYLEREFS="font0"/><SP WIDTH="18" VPOS="2664" HPOS="1813"/><String ID="p291_w1024" CONTENT="called," HPOS="1831" VPOS="2664" WIDTH="113" HEIGHT="75" STYLEREFS="font0"/><SP WIDTH="18" VPOS="2664" HPOS="1944"/><String ID="p291_w1025" CONTENT="by" HPOS="1962" VPOS="2664" WIDTH="43" HEIGHT="75" STYLEREFS="font0"/><SP WIDTH="11" VPOS="2664" HPOS="2005"/><String ID="p291_w1026" CONTENT="the" HPOS="2016" VPOS="2664" WIDTH="54" HEIGHT="75" STYLEREFS="font0"/><SP WIDTH="13" VPOS="2664" HPOS="2070"/><String ID="p291_w1027" CONTENT="ancients," HPOS="2083" VPOS="2664" WIDTH="155" HEIGHT="75" STYLEREFS="font0"/></TextLine><TextLine WIDTH="245" HEIGHT="75" ID="p291_t123" HPOS="1215" VPOS="2711"><String ID="p291_w1028" CONTENT="vafa" HPOS="1215" VPOS="2711" WIDTH="76" HEIGHT="75" STYLEREFS="font0"/><SP WIDTH="16" VPOS="2711" HPOS="1291"/><String ID="p291_w1029" CONTENT="brevia." HPOS="1307" VPOS="2711" WIDTH="125" HEIGHT="75" STYLEREFS="font0"/><SP WIDTH="20" VPOS="2711" HPOS="1432"/><String ID="p291_w1030" CONTENT="." HPOS="1452" VPOS="2711" WIDTH="8" HEIGHT="75" STYLEREFS="font0"/></TextLine><TextLine WIDTH="982" HEIGHT="75" ID="p291_t124" HPOS="1260" VPOS="2757"><String ID="p291_w1031" CONTENT="The" HPOS="1260" VPOS="2757" WIDTH="74" HEIGHT="75" STYLEREFS="font0"/><SP WIDTH="17" VPOS="2757" HPOS="1334"/><String ID="p291_w1032" CONTENT="coronaria" HPOS="1351" VPOS="2757" WIDTH="163" HEIGHT="75" STYLEREFS="font0"/><SP WIDTH="22" VPOS="2757" HPOS="1514"/><String ID="p291_w1033" CONTENT="ventriculi" HPOS="1536" VPOS="2757" WIDTH="167" HEIGHT="75" STYLEREFS="font0"/><SP WIDTH="26" VPOS="2757" HPOS="1703"/><String ID="p291_w1034" CONTENT="runs" HPOS="1729" VPOS="2757" WIDTH="72" HEIGHT="75" STYLEREFS="font0"/><SP WIDTH="23" VPOS="2757" HPOS="1801"/><String ID="p291_w1035" CONTENT="along" HPOS="1824" VPOS="2757" WIDTH="95" HEIGHT="75" STYLEREFS="font0"/><SP WIDTH="17" VPOS="2757" HPOS="1919"/><String ID="p291_w1036" CONTENT="the" HPOS="1936" VPOS="2757" WIDTH="54" HEIGHT="75" STYLEREFS="font0"/><SP WIDTH="16" VPOS="2757" HPOS="1990"/><String ID="p291_w1037" CONTENT="fmall" HPOS="2006" VPOS="2757" WIDTH="88" HEIGHT="75" STYLEREFS="font0"/><SP WIDTH="17" VPOS="2757" HPOS="2094"/><String ID="p291_w1038" CONTENT="arch" HPOS="2111" VPOS="2757" WIDTH="74" HEIGHT="75" STYLEREFS="font0"/><SP WIDTH="18" VPOS="2757" HPOS="2185"/><String ID="p291_w1039" CONTENT="of" HPOS="2203" VPOS="2757" WIDTH="39" HEIGHT="75" STYLEREFS="font0"/></TextLine><TextLine WIDTH="1024" HEIGHT="75" ID="p291_t125" HPOS="1212" VPOS="2802"><String ID="p291_w1040" CONTENT="that" HPOS="1212" VPOS="2802" WIDTH="70" HEIGHT="75" STYLEREFS="font0"/><SP WIDTH="17" VPOS="2802" HPOS="1282"/><String ID="p291_w1041" CONTENT="vifeus" HPOS="1299" VPOS="2802" WIDTH="100" HEIGHT="75" STYLEREFS="font0"/><SP WIDTH="25" VPOS="2802" HPOS="1399"/><String ID="p291_w1042" CONTENT="toward" HPOS="1424" VPOS="2802" WIDTH="123" HEIGHT="75" STYLEREFS="font0"/><SP WIDTH="17" VPOS="2802" HPOS="1547"/><String ID="p291_w1043" CONTENT="the" HPOS="1564" VPOS="2802" WIDTH="54" HEIGHT="75" STYLEREFS="font0"/><SP WIDTH="24" VPOS="2802" HPOS="1618"/><String ID="p291_w1044" CONTENT="pylorus," HPOS="1642" VPOS="2802" WIDTH="145" HEIGHT="75" STYLEREFS="font0"/><SP WIDTH="26" VPOS="2802" HPOS="1787"/><String ID="p291_w1045" CONTENT="where" HPOS="1813" VPOS="2802" WIDTH="104" HEIGHT="75" STYLEREFS="font0"/><SP WIDTH="24" VPOS="2802" HPOS="1917"/><String ID="p291_w1046" CONTENT="it" HPOS="1941" VPOS="2802" WIDTH="26" HEIGHT="75" STYLEREFS="font0"/><SP WIDTH="21" VPOS="2802" HPOS="1967"/><String ID="p291_w1047" CONTENT="joins" HPOS="1988" VPOS="2802" WIDTH="85" HEIGHT="75" STYLEREFS="font0"/><SP WIDTH="23" VPOS="2802" HPOS="2073"/><String ID="p291_w1048" CONTENT="and" HPOS="2096" VPOS="2802" WIDTH="61" HEIGHT="75" STYLEREFS="font0"/><SP WIDTH="25" VPOS="2802" HPOS="2157"/><String ID="p291_w1049" CONTENT="be-" HPOS="2182" VPOS="2802" WIDTH="54" HEIGHT="75" STYLEREFS="font0"/></TextLine><TextLine WIDTH="1025" HEIGHT="75" ID="p291_t126" HPOS="1211" VPOS="2849"><String ID="p291_w1050" CONTENT="comes" HPOS="1211" VPOS="2849" WIDTH="104" HEIGHT="75" STYLEREFS="font0"/><SP WIDTH="17" VPOS="2849" HPOS="1315"/><String ID="p291_w1051" CONTENT="continuous" HPOS="1332" VPOS="2849" WIDTH="185" HEIGHT="75" STYLEREFS="font0"/><SP WIDTH="18" VPOS="2849" HPOS="1517"/><String ID="p291_w1052" CONTENT="with" HPOS="1535" VPOS="2849" WIDTH="76" HEIGHT="75" STYLEREFS="font0"/><SP WIDTH="19" VPOS="2849" HPOS="1611"/><String ID="p291_w1053" CONTENT="the" HPOS="1630" VPOS="2849" WIDTH="54" HEIGHT="75" STYLEREFS="font0"/><SP WIDTH="17" VPOS="2849" HPOS="1684"/><String ID="p291_w1054" CONTENT="vena" HPOS="1701" VPOS="2849" WIDTH="80" HEIGHT="75" STYLEREFS="font0"/><SP WIDTH="14" VPOS="2849" HPOS="1781"/><String ID="p291_w1055" CONTENT="pylorica." HPOS="1795" VPOS="2849" WIDTH="154" HEIGHT="75" STYLEREFS="font0"/><SP WIDTH="49" VPOS="2849" HPOS="1949"/><String ID="p291_w1056" CONTENT="Iirits" HPOS="1998" VPOS="2849" WIDTH="90" HEIGHT="75" STYLEREFS="font0"/><SP WIDTH="14" VPOS="2849" HPOS="2088"/><String ID="p291_w1057" CONTENT="paifage," HPOS="2102" VPOS="2849" WIDTH="134" HEIGHT="75" STYLEREFS="font0"/></TextLine><TextLine WIDTH="874" HEIGHT="75" ID="p291_t127" HPOS="1211" VPOS="2895"><String ID="p291_w1058" CONTENT="it" HPOS="1211" VPOS="2895" WIDTH="24" HEIGHT="75" STYLEREFS="font0"/><SP WIDTH="18" VPOS="2895" HPOS="1235"/><String ID="p291_w1059" CONTENT="gives" HPOS="1253" VPOS="2895" WIDTH="88" HEIGHT="75" STYLEREFS="font0"/><SP WIDTH="17" VPOS="2895" HPOS="1341"/><String ID="p291_w1060" CONTENT="feveral" HPOS="1358" VPOS="2895" WIDTH="118" HEIGHT="75" STYLEREFS="font0"/><SP WIDTH="18" VPOS="2895" HPOS="1476"/><String ID="p291_w1061" CONTENT="rami" HPOS="1494" VPOS="2895" WIDTH="77" HEIGHT="75" STYLEREFS="font0"/><SP WIDTH="16" VPOS="2895" HPOS="1571"/><String ID="p291_w1062" CONTENT="to" HPOS="1587" VPOS="2895" WIDTH="34" HEIGHT="75" STYLEREFS="font0"/><SP WIDTH="18" VPOS="2895" HPOS="1621"/><String ID="p291_w1063" CONTENT="the" HPOS="1639" VPOS="2895" WIDTH="55" HEIGHT="75" STYLEREFS="font0"/><SP WIDTH="16" VPOS="2895" HPOS="1694"/><String ID="p291_w1064" CONTENT="fides" HPOS="1710" VPOS="2895" WIDTH="78" HEIGHT="75" STYLEREFS="font0"/><SP WIDTH="18" VPOS="2895" HPOS="1788"/><String ID="p291_w1065" CONTENT="of" HPOS="1806" VPOS="2895" WIDTH="40" HEIGHT="75" STYLEREFS="font0"/><SP WIDTH="18" VPOS="2895" HPOS="1846"/><String ID="p291_w1066" CONTENT="the" HPOS="1864" VPOS="2895" WIDTH="54" HEIGHT="75" STYLEREFS="font0"/><SP WIDTH="17" VPOS="2895" HPOS="1918"/><String ID="p291_w1067" CONTENT="ftomach." HPOS="1935" VPOS="2895" WIDTH="150" HEIGHT="75" STYLEREFS="font0"/></TextLine><TextLine WIDTH="981" HEIGHT="75" ID="p291_t128" HPOS="1254" VPOS="2944"><String ID="p291_w1068" CONTENT="The" HPOS="1254" VPOS="2944" WIDTH="76" HEIGHT="75" STYLEREFS="font0"/><SP WIDTH="33" VPOS="2944" HPOS="1330"/><String ID="p291_w1069" CONTENT="vena:" HPOS="1363" VPOS="2944" WIDTH="85" HEIGHT="75" STYLEREFS="font0"/><SP WIDTH="34" VPOS="2944" HPOS="1448"/><String ID="p291_w1070" CONTENT="pancreaticse" HPOS="1482" VPOS="2944" WIDTH="205" HEIGHT="75" STYLEREFS="font0"/><SP WIDTH="34" VPOS="2944" HPOS="1687"/><String ID="p291_w1071" CONTENT="are" HPOS="1721" VPOS="2944" WIDTH="52" HEIGHT="75" STYLEREFS="font0"/><SP WIDTH="39" VPOS="2944" HPOS="1773"/><String ID="p291_w1072" CONTENT="fevyal" HPOS="1812" VPOS="2944" WIDTH="117" HEIGHT="75" STYLEREFS="font0"/><SP WIDTH="31" VPOS="2944" HPOS="1929"/><String ID="p291_w1073" CONTENT="fmall" HPOS="1960" VPOS="2944" WIDTH="90" HEIGHT="75" STYLEREFS="font0"/><SP WIDTH="32" VPOS="2944" HPOS="2050"/><String ID="p291_w1074" CONTENT="branches" HPOS="2082" VPOS="2944" WIDTH="153" HEIGHT="75" STYLEREFS="font0"/></TextLine><TextLine WIDTH="102" HEIGHT="75" ID="p291_t129" HPOS="1713" VPOS="3006"><String ID="p291_w1075" CONTENT="5" HPOS="1713" VPOS="3006" WIDTH="15" HEIGHT="75" STYLEREFS="font0"/><SP WIDTH="26" VPOS="3006" HPOS="1728"/><String ID="p291_w1076" CONTENT="CL" HPOS="1754" VPOS="3006" WIDTH="61" HEIGHT="75" STYLEREFS="font0"/></TextLine><TextLine WIDTH="5" HEIGHT="104" ID="p291_t130" HPOS="1962" VPOS="2980"><String ID="p291_w1077" CONTENT="" HPOS="1962" VPOS="2980" WIDTH="5" HEIGHT="104" STYLEREFS="font1"/></TextLine><TextLine WIDTH="69" HEIGHT="75" ID="p291_t131" HPOS="2170" VPOS="3006"><String ID="p291_w1078" CONTENT="lent" HPOS="2170" VPOS="3006" WIDTH="69" HEIGHT="75" STYLEREFS="font0"/></TextLine></PrintSpace></Page></Layout></alto>