<?xml version="1.0" encoding="UTF-8"?>
<alto xmlns="http://www.loc.gov/standards/alto/v3/alto.xsd"><Description><MeasurementUnit>pixel</MeasurementUnit><sourceImageInformation><fileName>./data/pdfs/c_188936619/i_144133901/188082693.23.pdf</fileName></sourceImageInformation><OCRProcessing ID="IdOcr"><ocrProcessingStep><processingDateTime>Fri Jul 12 10:37:05 2019
</processingDateTime><processingSoftware><softwareCreator>CONTRIBUTORS</softwareCreator><softwareName>pdfalto</softwareName><softwareVersion>0.1</softwareVersion></processingSoftware></ocrProcessingStep></OCRProcessing></Description><Styles><TextStyle ID="font0" FONTFAMILY="times" FONTSIZE="10.000" FONTTYPE="serif" FONTWIDTH="proportional" FONTCOLOR="#WWWWWW" FONTSTYLE=""/></Styles><Layout><Page ID="Page255" PHYSICAL_IMG_NR="255" WIDTH="2428" HEIGHT="3377"><PrintSpace><TextLine WIDTH="166" HEIGHT="75" ID="p255_t1" HPOS="179" VPOS="155"><String ID="p255_w1" CONTENT="Part" HPOS="179" VPOS="155" WIDTH="102" HEIGHT="75" STYLEREFS="font0"/><SP WIDTH="17" VPOS="155" HPOS="281"/><String ID="p255_w2" CONTENT="D." HPOS="298" VPOS="155" WIDTH="47" HEIGHT="75" STYLEREFS="font0"/></TextLine><TextLine WIDTH="514" HEIGHT="75" ID="p255_t2" HPOS="733" VPOS="155"><String ID="p255_w3" CONTENT="A" HPOS="733" VPOS="155" WIDTH="43" HEIGHT="75" STYLEREFS="font0"/><SP WIDTH="115" VPOS="155" HPOS="776"/><String ID="p255_w4" CONTENT="N" HPOS="891" VPOS="155" WIDTH="43" HEIGHT="75" STYLEREFS="font0"/><SP WIDTH="115" VPOS="155" HPOS="934"/><String ID="p255_w5" CONTENT="A" HPOS="1049" VPOS="155" WIDTH="43" HEIGHT="75" STYLEREFS="font0"/><SP WIDTH="116" VPOS="155" HPOS="1092"/><String ID="p255_w6" CONTENT="T" HPOS="1208" VPOS="155" WIDTH="39" HEIGHT="75" STYLEREFS="font0"/></TextLine><TextLine WIDTH="1027" HEIGHT="75" ID="p255_t3" HPOS="178" VPOS="229"><String ID="p255_w7" CONTENT="action" HPOS="178" VPOS="229" WIDTH="102" HEIGHT="75" STYLEREFS="font0"/><SP WIDTH="17" VPOS="229" HPOS="280"/><String ID="p255_w8" CONTENT="of" HPOS="297" VPOS="229" WIDTH="40" HEIGHT="75" STYLEREFS="font0"/><SP WIDTH="11" VPOS="229" HPOS="337"/><String ID="p255_w9" CONTENT="the" HPOS="348" VPOS="229" WIDTH="55" HEIGHT="75" STYLEREFS="font0"/><SP WIDTH="15" VPOS="229" HPOS="403"/><String ID="p255_w10" CONTENT="longns," HPOS="418" VPOS="229" WIDTH="127" HEIGHT="75" STYLEREFS="font0"/><SP WIDTH="25" VPOS="229" HPOS="545"/><String ID="p255_w11" CONTENT="which" HPOS="570" VPOS="229" WIDTH="105" HEIGHT="75" STYLEREFS="font0"/><SP WIDTH="12" VPOS="229" HPOS="675"/><String ID="p255_w12" CONTENT="otherwife" HPOS="687" VPOS="229" WIDTH="168" HEIGHT="75" STYLEREFS="font0"/><SP WIDTH="16" VPOS="229" HPOS="855"/><String ID="p255_w13" CONTENT="would" HPOS="871" VPOS="229" WIDTH="109" HEIGHT="75" STYLEREFS="font0"/><SP WIDTH="14" VPOS="229" HPOS="980"/><String ID="p255_w14" CONTENT="have" HPOS="994" VPOS="229" WIDTH="81" HEIGHT="75" STYLEREFS="font0"/><SP WIDTH="15" VPOS="229" HPOS="1075"/><String ID="p255_w15" CONTENT="turned" HPOS="1090" VPOS="229" WIDTH="115" HEIGHT="75" STYLEREFS="font0"/></TextLine><TextLine WIDTH="667" HEIGHT="75" ID="p255_t4" HPOS="179" VPOS="276"><String ID="p255_w16" CONTENT="the" HPOS="179" VPOS="276" WIDTH="54" HEIGHT="75" STYLEREFS="font0"/><SP WIDTH="20" VPOS="276" HPOS="233"/><String ID="p255_w17" CONTENT="toes" HPOS="253" VPOS="276" WIDTH="70" HEIGHT="75" STYLEREFS="font0"/><SP WIDTH="17" VPOS="276" HPOS="323"/><String ID="p255_w18" CONTENT="obliquely" HPOS="340" VPOS="276" WIDTH="164" HEIGHT="75" STYLEREFS="font0"/><SP WIDTH="17" VPOS="276" HPOS="504"/><String ID="p255_w19" CONTENT="the" HPOS="521" VPOS="276" WIDTH="56" HEIGHT="75" STYLEREFS="font0"/><SP WIDTH="18" VPOS="276" HPOS="577"/><String ID="p255_w20" CONTENT="contrary" HPOS="595" VPOS="276" WIDTH="150" HEIGHT="75" STYLEREFS="font0"/><SP WIDTH="15" VPOS="276" HPOS="745"/><String ID="p255_w21" CONTENT="way." HPOS="760" VPOS="276" WIDTH="86" HEIGHT="75" STYLEREFS="font0"/></TextLine><TextLine WIDTH="979" HEIGHT="75" ID="p255_t5" HPOS="225" VPOS="322"><String ID="p255_w22" CONTENT="The" HPOS="225" VPOS="322" WIDTH="76" HEIGHT="75" STYLEREFS="font0"/><SP WIDTH="16" VPOS="322" HPOS="301"/><String ID="p255_w23" CONTENT="perforatus" HPOS="317" VPOS="322" WIDTH="180" HEIGHT="75" STYLEREFS="font0"/><SP WIDTH="25" VPOS="322" HPOS="497"/><String ID="p255_w24" CONTENT="or" HPOS="522" VPOS="322" WIDTH="35" HEIGHT="75" STYLEREFS="font0"/><SP WIDTH="21" VPOS="322" HPOS="557"/><String ID="p255_w25" CONTENT="flexor" HPOS="578" VPOS="322" WIDTH="104" HEIGHT="75" STYLEREFS="font0"/><SP WIDTH="19" VPOS="322" HPOS="682"/><String ID="p255_w26" CONTENT="digitorum" HPOS="701" VPOS="322" WIDTH="173" HEIGHT="75" STYLEREFS="font0"/><SP WIDTH="16" VPOS="322" HPOS="874"/><String ID="p255_w27" CONTENT="brevis^" HPOS="890" VPOS="322" WIDTH="117" HEIGHT="75" STYLEREFS="font0"/><SP WIDTH="25" VPOS="322" HPOS="1007"/><String ID="p255_w28" CONTENT="bends" HPOS="1032" VPOS="322" WIDTH="100" HEIGHT="75" STYLEREFS="font0"/><SP WIDTH="17" VPOS="322" HPOS="1132"/><String ID="p255_w29" CONTENT="the" HPOS="1149" VPOS="322" WIDTH="55" HEIGHT="75" STYLEREFS="font0"/></TextLine><TextLine WIDTH="1026" HEIGHT="75" ID="p255_t6" HPOS="177" VPOS="368"><String ID="p255_w30" CONTENT="fecond" HPOS="177" VPOS="368" WIDTH="116" HEIGHT="75" STYLEREFS="font0"/><SP WIDTH="17" VPOS="368" HPOS="293"/><String ID="p255_w31" CONTENT="phalanges;" HPOS="310" VPOS="368" WIDTH="193" HEIGHT="75" STYLEREFS="font0"/><SP WIDTH="26" VPOS="368" HPOS="503"/><String ID="p255_w32" CONTENT="and" HPOS="529" VPOS="368" WIDTH="62" HEIGHT="75" STYLEREFS="font0"/><SP WIDTH="28" VPOS="368" HPOS="591"/><String ID="p255_w33" CONTENT="the" HPOS="619" VPOS="368" WIDTH="55" HEIGHT="75" STYLEREFS="font0"/><SP WIDTH="28" VPOS="368" HPOS="674"/><String ID="p255_w34" CONTENT="perforans" HPOS="702" VPOS="368" WIDTH="163" HEIGHT="75" STYLEREFS="font0"/><SP WIDTH="29" VPOS="368" HPOS="865"/><String ID="p255_w35" CONTENT="or" HPOS="894" VPOS="368" WIDTH="38" HEIGHT="75" STYLEREFS="font0"/><SP WIDTH="25" VPOS="368" HPOS="932"/><String ID="p255_w36" CONTENT="flexor" HPOS="957" VPOS="368" WIDTH="104" HEIGHT="75" STYLEREFS="font0"/><SP WIDTH="16" VPOS="368" HPOS="1061"/><String ID="p255_w37" CONTENT="longus," HPOS="1077" VPOS="368" WIDTH="126" HEIGHT="75" STYLEREFS="font0"/></TextLine><TextLine WIDTH="1028" HEIGHT="75" ID="p255_t7" HPOS="177" VPOS="414"><String ID="p255_w38" CONTENT="the" HPOS="177" VPOS="414" WIDTH="56" HEIGHT="75" STYLEREFS="font0"/><SP WIDTH="16" VPOS="414" HPOS="233"/><String ID="p255_w39" CONTENT="third;" HPOS="249" VPOS="414" WIDTH="110" HEIGHT="75" STYLEREFS="font0"/><SP WIDTH="20" VPOS="414" HPOS="359"/><String ID="p255_w40" CONTENT="the" HPOS="379" VPOS="414" WIDTH="54" HEIGHT="75" STYLEREFS="font0"/><SP WIDTH="12" VPOS="414" HPOS="433"/><String ID="p255_w41" CONTENT="ufe" HPOS="445" VPOS="414" WIDTH="53" HEIGHT="75" STYLEREFS="font0"/><SP WIDTH="17" VPOS="414" HPOS="498"/><String ID="p255_w42" CONTENT="of" HPOS="515" VPOS="414" WIDTH="40" HEIGHT="75" STYLEREFS="font0"/><SP WIDTH="10" VPOS="414" HPOS="555"/><String ID="p255_w43" CONTENT="thefe" HPOS="565" VPOS="414" WIDTH="88" HEIGHT="75" STYLEREFS="font0"/><SP WIDTH="15" VPOS="414" HPOS="653"/><String ID="p255_w44" CONTENT="mufcles" HPOS="668" VPOS="414" WIDTH="133" HEIGHT="75" STYLEREFS="font0"/><SP WIDTH="16" VPOS="414" HPOS="801"/><String ID="p255_w45" CONTENT="being" HPOS="817" VPOS="414" WIDTH="95" HEIGHT="75" STYLEREFS="font0"/><SP WIDTH="16" VPOS="414" HPOS="912"/><String ID="p255_w46" CONTENT="nearly" HPOS="928" VPOS="414" WIDTH="110" HEIGHT="75" STYLEREFS="font0"/><SP WIDTH="11" VPOS="414" HPOS="1038"/><String ID="p255_w47" CONTENT="the" HPOS="1049" VPOS="414" WIDTH="56" HEIGHT="75" STYLEREFS="font0"/><SP WIDTH="15" VPOS="414" HPOS="1105"/><String ID="p255_w48" CONTENT="fame" HPOS="1120" VPOS="414" WIDTH="85" HEIGHT="75" STYLEREFS="font0"/></TextLine><TextLine WIDTH="1026" HEIGHT="75" ID="p255_t8" HPOS="177" VPOS="459"><String ID="p255_w49" CONTENT="with" HPOS="177" VPOS="459" WIDTH="79" HEIGHT="75" STYLEREFS="font0"/><SP WIDTH="17" VPOS="459" HPOS="256"/><String ID="p255_w50" CONTENT="thofe" HPOS="273" VPOS="459" WIDTH="89" HEIGHT="75" STYLEREFS="font0"/><SP WIDTH="20" VPOS="459" HPOS="362"/><String ID="p255_w51" CONTENT="of" HPOS="382" VPOS="459" WIDTH="40" HEIGHT="75" STYLEREFS="font0"/><SP WIDTH="19" VPOS="459" HPOS="422"/><String ID="p255_w52" CONTENT="the" HPOS="441" VPOS="459" WIDTH="56" HEIGHT="75" STYLEREFS="font0"/><SP WIDTH="24" VPOS="459" HPOS="497"/><String ID="p255_w53" CONTENT="perforatus" HPOS="521" VPOS="459" WIDTH="180" HEIGHT="75" STYLEREFS="font0"/><SP WIDTH="18" VPOS="459" HPOS="701"/><String ID="p255_w54" CONTENT="and" HPOS="719" VPOS="459" WIDTH="62" HEIGHT="75" STYLEREFS="font0"/><SP WIDTH="16" VPOS="459" HPOS="781"/><String ID="p255_w55" CONTENT="perforans" HPOS="797" VPOS="459" WIDTH="164" HEIGHT="75" STYLEREFS="font0"/><SP WIDTH="17" VPOS="459" HPOS="961"/><String ID="p255_w56" CONTENT="of" HPOS="978" VPOS="459" WIDTH="40" HEIGHT="75" STYLEREFS="font0"/><SP WIDTH="15" VPOS="459" HPOS="1018"/><String ID="p255_w57" CONTENT="the" HPOS="1033" VPOS="459" WIDTH="56" HEIGHT="75" STYLEREFS="font0"/><SP WIDTH="16" VPOS="459" HPOS="1089"/><String ID="p255_w58" CONTENT="hand." HPOS="1105" VPOS="459" WIDTH="98" HEIGHT="75" STYLEREFS="font0"/></TextLine><TextLine WIDTH="1010" HEIGHT="75" ID="p255_t9" HPOS="193" VPOS="506"><String ID="p255_w59" CONTENT="-" HPOS="193" VPOS="506" WIDTH="7" HEIGHT="75" STYLEREFS="font0"/><SP WIDTH="21" VPOS="506" HPOS="200"/><String ID="p255_w60" CONTENT="The" HPOS="221" VPOS="506" WIDTH="78" HEIGHT="75" STYLEREFS="font0"/><SP WIDTH="14" VPOS="506" HPOS="299"/><String ID="p255_w61" CONTENT="flexor" HPOS="313" VPOS="506" WIDTH="104" HEIGHT="75" STYLEREFS="font0"/><SP WIDTH="14" VPOS="506" HPOS="417"/><String ID="p255_w62" CONTENT="accefforius" HPOS="431" VPOS="506" WIDTH="184" HEIGHT="75" STYLEREFS="font0"/><SP WIDTH="16" VPOS="506" HPOS="615"/><String ID="p255_w63" CONTENT="is" HPOS="631" VPOS="506" WIDTH="26" HEIGHT="75" STYLEREFS="font0"/><SP WIDTH="18" VPOS="506" HPOS="657"/><String ID="p255_w64" CONTENT="an" HPOS="675" VPOS="506" WIDTH="39" HEIGHT="75" STYLEREFS="font0"/><SP WIDTH="17" VPOS="506" HPOS="714"/><String ID="p255_w65" CONTENT="afliftant" HPOS="731" VPOS="506" WIDTH="130" HEIGHT="75" STYLEREFS="font0"/><SP WIDTH="24" VPOS="506" HPOS="861"/><String ID="p255_w66" CONTENT="to" HPOS="885" VPOS="506" WIDTH="36" HEIGHT="75" STYLEREFS="font0"/><SP WIDTH="25" VPOS="506" HPOS="921"/><String ID="p255_w67" CONTENT="the" HPOS="946" VPOS="506" WIDTH="56" HEIGHT="75" STYLEREFS="font0"/><SP WIDTH="23" VPOS="506" HPOS="1002"/><String ID="p255_w68" CONTENT="perforans," HPOS="1025" VPOS="506" WIDTH="178" HEIGHT="75" STYLEREFS="font0"/></TextLine><TextLine WIDTH="1028" HEIGHT="75" ID="p255_t10" HPOS="176" VPOS="552"><String ID="p255_w69" CONTENT="increafing" HPOS="176" VPOS="552" WIDTH="173" HEIGHT="75" STYLEREFS="font0"/><SP WIDTH="20" VPOS="552" HPOS="349"/><String ID="p255_w70" CONTENT="its" HPOS="369" VPOS="552" WIDTH="43" HEIGHT="75" STYLEREFS="font0"/><SP WIDTH="22" VPOS="552" HPOS="412"/><String ID="p255_w71" CONTENT="force" HPOS="434" VPOS="552" WIDTH="89" HEIGHT="75" STYLEREFS="font0"/><SP WIDTH="25" VPOS="552" HPOS="523"/><String ID="p255_w72" CONTENT="on" HPOS="548" VPOS="552" WIDTH="41" HEIGHT="75" STYLEREFS="font0"/><SP WIDTH="28" VPOS="552" HPOS="589"/><String ID="p255_w73" CONTENT="fome" HPOS="617" VPOS="552" WIDTH="85" HEIGHT="75" STYLEREFS="font0"/><SP WIDTH="29" VPOS="552" HPOS="702"/><String ID="p255_w74" CONTENT="occafions." HPOS="731" VPOS="552" WIDTH="172" HEIGHT="75" STYLEREFS="font0"/><SP WIDTH="49" VPOS="552" HPOS="903"/><String ID="p255_w75" CONTENT="It" HPOS="952" VPOS="552" WIDTH="32" HEIGHT="75" STYLEREFS="font0"/><SP WIDTH="17" VPOS="552" HPOS="984"/><String ID="p255_w76" CONTENT="likewife" HPOS="1001" VPOS="552" WIDTH="138" HEIGHT="75" STYLEREFS="font0"/><SP WIDTH="16" VPOS="552" HPOS="1139"/><String ID="p255_w77" CONTENT="di-" HPOS="1155" VPOS="552" WIDTH="49" HEIGHT="75" STYLEREFS="font0"/></TextLine><TextLine WIDTH="1029" HEIGHT="75" ID="p255_t11" HPOS="176" VPOS="597"><String ID="p255_w78" CONTENT="rects" HPOS="176" VPOS="597" WIDTH="80" HEIGHT="75" STYLEREFS="font0"/><SP WIDTH="18" VPOS="597" HPOS="256"/><String ID="p255_w79" CONTENT="the" HPOS="274" VPOS="597" WIDTH="54" HEIGHT="75" STYLEREFS="font0"/><SP WIDTH="16" VPOS="597" HPOS="328"/><String ID="p255_w80" CONTENT="tendon" HPOS="344" VPOS="597" WIDTH="120" HEIGHT="75" STYLEREFS="font0"/><SP WIDTH="16" VPOS="597" HPOS="464"/><String ID="p255_w81" CONTENT="of" HPOS="480" VPOS="597" WIDTH="41" HEIGHT="75" STYLEREFS="font0"/><SP WIDTH="10" VPOS="597" HPOS="521"/><String ID="p255_w82" CONTENT="that" HPOS="531" VPOS="597" WIDTH="71" HEIGHT="75" STYLEREFS="font0"/><SP WIDTH="17" VPOS="597" HPOS="602"/><String ID="p255_w83" CONTENT="mufcle" HPOS="619" VPOS="597" WIDTH="117" HEIGHT="75" STYLEREFS="font0"/><SP WIDTH="14" VPOS="597" HPOS="736"/><String ID="p255_w84" CONTENT=";" HPOS="750" VPOS="597" WIDTH="10" HEIGHT="75" STYLEREFS="font0"/><SP WIDTH="27" VPOS="597" HPOS="760"/><String ID="p255_w85" CONTENT="for" HPOS="787" VPOS="597" WIDTH="51" HEIGHT="75" STYLEREFS="font0"/><SP WIDTH="29" VPOS="597" HPOS="838"/><String ID="p255_w86" CONTENT="by" HPOS="867" VPOS="597" WIDTH="42" HEIGHT="75" STYLEREFS="font0"/><SP WIDTH="28" VPOS="597" HPOS="909"/><String ID="p255_w87" CONTENT="contracting," HPOS="937" VPOS="597" WIDTH="209" HEIGHT="75" STYLEREFS="font0"/><SP WIDTH="25" VPOS="597" HPOS="1146"/><String ID="p255_w88" CONTENT="at" HPOS="1171" VPOS="597" WIDTH="34" HEIGHT="75" STYLEREFS="font0"/></TextLine><TextLine WIDTH="1027" HEIGHT="75" ID="p255_t12" HPOS="177" VPOS="644"><String ID="p255_w89" CONTENT="the" HPOS="177" VPOS="644" WIDTH="55" HEIGHT="75" STYLEREFS="font0"/><SP WIDTH="16" VPOS="644" HPOS="232"/><String ID="p255_w90" CONTENT="fame" HPOS="248" VPOS="644" WIDTH="83" HEIGHT="75" STYLEREFS="font0"/><SP WIDTH="16" VPOS="644" HPOS="331"/><String ID="p255_w91" CONTENT="time" HPOS="347" VPOS="644" WIDTH="76" HEIGHT="75" STYLEREFS="font0"/><SP WIDTH="17" VPOS="644" HPOS="423"/><String ID="p255_w92" CONTENT="that" HPOS="440" VPOS="644" WIDTH="69" HEIGHT="75" STYLEREFS="font0"/><SP WIDTH="12" VPOS="644" HPOS="509"/><String ID="p255_w93" CONTENT="the" HPOS="521" VPOS="644" WIDTH="56" HEIGHT="75" STYLEREFS="font0"/><SP WIDTH="16" VPOS="644" HPOS="577"/><String ID="p255_w94" CONTENT="flefliy" HPOS="593" VPOS="644" WIDTH="97" HEIGHT="75" STYLEREFS="font0"/><SP WIDTH="16" VPOS="644" HPOS="690"/><String ID="p255_w95" CONTENT="belly" HPOS="706" VPOS="644" WIDTH="87" HEIGHT="75" STYLEREFS="font0"/><SP WIDTH="16" VPOS="644" HPOS="793"/><String ID="p255_w96" CONTENT="of" HPOS="809" VPOS="644" WIDTH="41" HEIGHT="75" STYLEREFS="font0"/><SP WIDTH="19" VPOS="644" HPOS="850"/><String ID="p255_w97" CONTENT="the" HPOS="869" VPOS="644" WIDTH="54" HEIGHT="75" STYLEREFS="font0"/><SP WIDTH="17" VPOS="644" HPOS="923"/><String ID="p255_w98" CONTENT="perforans" HPOS="940" VPOS="644" WIDTH="164" HEIGHT="75" STYLEREFS="font0"/><SP WIDTH="24" VPOS="644" HPOS="1104"/><String ID="p255_w99" CONTENT="is" HPOS="1128" VPOS="644" WIDTH="27" HEIGHT="75" STYLEREFS="font0"/><SP WIDTH="17" VPOS="644" HPOS="1155"/><String ID="p255_w100" CONTENT="in" HPOS="1172" VPOS="644" WIDTH="32" HEIGHT="75" STYLEREFS="font0"/></TextLine><TextLine WIDTH="1027" HEIGHT="75" ID="p255_t13" HPOS="176" VPOS="690"><String ID="p255_w101" CONTENT="adlion," HPOS="176" VPOS="690" WIDTH="115" HEIGHT="75" STYLEREFS="font0"/><SP WIDTH="25" VPOS="690" HPOS="291"/><String ID="p255_w102" CONTENT="it" HPOS="316" VPOS="690" WIDTH="26" HEIGHT="75" STYLEREFS="font0"/><SP WIDTH="15" VPOS="690" HPOS="342"/><String ID="p255_w103" CONTENT="makes" HPOS="357" VPOS="690" WIDTH="111" HEIGHT="75" STYLEREFS="font0"/><SP WIDTH="15" VPOS="690" HPOS="468"/><String ID="p255_w104" CONTENT="the" HPOS="483" VPOS="690" WIDTH="56" HEIGHT="75" STYLEREFS="font0"/><SP WIDTH="12" VPOS="690" HPOS="539"/><String ID="p255_w105" CONTENT="tendons" HPOS="551" VPOS="690" WIDTH="135" HEIGHT="75" STYLEREFS="font0"/><SP WIDTH="13" VPOS="690" HPOS="686"/><String ID="p255_w106" CONTENT="go" HPOS="699" VPOS="690" WIDTH="42" HEIGHT="75" STYLEREFS="font0"/><SP WIDTH="12" VPOS="690" HPOS="741"/><String ID="p255_w107" CONTENT="in" HPOS="753" VPOS="690" WIDTH="31" HEIGHT="75" STYLEREFS="font0"/><SP WIDTH="13" VPOS="690" HPOS="784"/><String ID="p255_w108" CONTENT="a" HPOS="797" VPOS="690" WIDTH="19" HEIGHT="75" STYLEREFS="font0"/><SP WIDTH="16" VPOS="690" HPOS="816"/><String ID="p255_w109" CONTENT="ftraighter" HPOS="832" VPOS="690" WIDTH="167" HEIGHT="75" STYLEREFS="font0"/><SP WIDTH="15" VPOS="690" HPOS="999"/><String ID="p255_w110" CONTENT="line" HPOS="1014" VPOS="690" WIDTH="64" HEIGHT="75" STYLEREFS="font0"/><SP WIDTH="17" VPOS="690" HPOS="1078"/><String ID="p255_w111" CONTENT="to" HPOS="1095" VPOS="690" WIDTH="36" HEIGHT="75" STYLEREFS="font0"/><SP WIDTH="17" VPOS="690" HPOS="1131"/><String ID="p255_w112" CONTENT="the" HPOS="1148" VPOS="690" WIDTH="55" HEIGHT="75" STYLEREFS="font0"/></TextLine><TextLine WIDTH="1026" HEIGHT="75" ID="p255_t14" HPOS="176" VPOS="736"><String ID="p255_w113" CONTENT="toes" HPOS="176" VPOS="736" WIDTH="69" HEIGHT="75" STYLEREFS="font0"/><SP WIDTH="17" VPOS="736" HPOS="245"/><String ID="p255_w114" CONTENT="than" HPOS="262" VPOS="736" WIDTH="77" HEIGHT="75" STYLEREFS="font0"/><SP WIDTH="17" VPOS="736" HPOS="339"/><String ID="p255_w115" CONTENT="they" HPOS="356" VPOS="736" WIDTH="78" HEIGHT="75" STYLEREFS="font0"/><SP WIDTH="11" VPOS="736" HPOS="434"/><String ID="p255_w116" CONTENT="would" HPOS="445" VPOS="736" WIDTH="109" HEIGHT="75" STYLEREFS="font0"/><SP WIDTH="11" VPOS="736" HPOS="554"/><String ID="p255_w117" CONTENT="otherwife" HPOS="565" VPOS="736" WIDTH="168" HEIGHT="75" STYLEREFS="font0"/><SP WIDTH="17" VPOS="736" HPOS="733"/><String ID="p255_w118" CONTENT="do," HPOS="750" VPOS="736" WIDTH="54" HEIGHT="75" STYLEREFS="font0"/><SP WIDTH="19" VPOS="736" HPOS="804"/><String ID="p255_w119" CONTENT="becaufe" HPOS="823" VPOS="736" WIDTH="131" HEIGHT="75" STYLEREFS="font0"/><SP WIDTH="13" VPOS="736" HPOS="954"/><String ID="p255_w120" CONTENT="of" HPOS="967" VPOS="736" WIDTH="40" HEIGHT="75" STYLEREFS="font0"/><SP WIDTH="14" VPOS="736" HPOS="1007"/><String ID="p255_w121" CONTENT="their" HPOS="1021" VPOS="736" WIDTH="83" HEIGHT="75" STYLEREFS="font0"/><SP WIDTH="16" VPOS="736" HPOS="1104"/><String ID="p255_w122" CONTENT="obli-" HPOS="1120" VPOS="736" WIDTH="82" HEIGHT="75" STYLEREFS="font0"/></TextLine><TextLine WIDTH="143" HEIGHT="75" ID="p255_t15" HPOS="176" VPOS="781"><String ID="p255_w123" CONTENT="quity." HPOS="176" VPOS="781" WIDTH="106" HEIGHT="75" STYLEREFS="font0"/><SP WIDTH="33" VPOS="781" HPOS="282"/><String ID="p255_w124" CONTENT="." HPOS="315" VPOS="781" WIDTH="4" HEIGHT="75" STYLEREFS="font0"/></TextLine><TextLine WIDTH="982" HEIGHT="75" ID="p255_t16" HPOS="221" VPOS="829"><String ID="p255_w125" CONTENT="The" HPOS="221" VPOS="829" WIDTH="77" HEIGHT="75" STYLEREFS="font0"/><SP WIDTH="16" VPOS="829" HPOS="298"/><String ID="p255_w126" CONTENT="lumbricales" HPOS="314" VPOS="829" WIDTH="200" HEIGHT="75" STYLEREFS="font0"/><SP WIDTH="15" VPOS="829" HPOS="514"/><String ID="p255_w127" CONTENT="have" HPOS="529" VPOS="829" WIDTH="80" HEIGHT="75" STYLEREFS="font0"/><SP WIDTH="17" VPOS="829" HPOS="609"/><String ID="p255_w128" CONTENT="nearly^the" HPOS="626" VPOS="829" WIDTH="181" HEIGHT="75" STYLEREFS="font0"/><SP WIDTH="17" VPOS="829" HPOS="807"/><String ID="p255_w129" CONTENT="fame" HPOS="824" VPOS="829" WIDTH="83" HEIGHT="75" STYLEREFS="font0"/><SP WIDTH="21" VPOS="829" HPOS="907"/><String ID="p255_w130" CONTENT="functions" HPOS="928" VPOS="829" WIDTH="157" HEIGHT="75" STYLEREFS="font0"/><SP WIDTH="12" VPOS="829" HPOS="1085"/><String ID="p255_w131" CONTENT="in" HPOS="1097" VPOS="829" WIDTH="33" HEIGHT="75" STYLEREFS="font0"/><SP WIDTH="18" VPOS="829" HPOS="1130"/><String ID="p255_w132" CONTENT="the" HPOS="1148" VPOS="829" WIDTH="55" HEIGHT="75" STYLEREFS="font0"/></TextLine><TextLine WIDTH="1029" HEIGHT="75" ID="p255_t17" HPOS="175" VPOS="874"><String ID="p255_w133" CONTENT="foot" HPOS="175" VPOS="874" WIDTH="70" HEIGHT="75" STYLEREFS="font0"/><SP WIDTH="17" VPOS="874" HPOS="245"/><String ID="p255_w134" CONTENT="as" HPOS="262" VPOS="874" WIDTH="33" HEIGHT="75" STYLEREFS="font0"/><SP WIDTH="16" VPOS="874" HPOS="295"/><String ID="p255_w135" CONTENT="in" HPOS="311" VPOS="874" WIDTH="32" HEIGHT="75" STYLEREFS="font0"/><SP WIDTH="19" VPOS="874" HPOS="343"/><String ID="p255_w136" CONTENT="the" HPOS="362" VPOS="874" WIDTH="54" HEIGHT="75" STYLEREFS="font0"/><SP WIDTH="16" VPOS="874" HPOS="416"/><String ID="p255_w137" CONTENT="hand;" HPOS="432" VPOS="874" WIDTH="111" HEIGHT="75" STYLEREFS="font0"/><SP WIDTH="39" VPOS="874" HPOS="543"/><String ID="p255_w138" CONTENT="and" HPOS="582" VPOS="874" WIDTH="63" HEIGHT="75" STYLEREFS="font0"/><SP WIDTH="26" VPOS="874" HPOS="645"/><String ID="p255_w139" CONTENT="they" HPOS="671" VPOS="874" WIDTH="79" HEIGHT="75" STYLEREFS="font0"/><SP WIDTH="27" VPOS="874" HPOS="750"/><String ID="p255_w140" CONTENT="are" HPOS="777" VPOS="874" WIDTH="52" HEIGHT="75" STYLEREFS="font0"/><SP WIDTH="28" VPOS="874" HPOS="829"/><String ID="p255_w141" CONTENT="partly" HPOS="857" VPOS="874" WIDTH="107" HEIGHT="75" STYLEREFS="font0"/><SP WIDTH="21" VPOS="874" HPOS="964"/><String ID="p255_w142" CONTENT="aflifted," HPOS="985" VPOS="874" WIDTH="130" HEIGHT="75" STYLEREFS="font0"/><SP WIDTH="25" VPOS="874" HPOS="1115"/><String ID="p255_w143" CONTENT="and" HPOS="1140" VPOS="874" WIDTH="64" HEIGHT="75" STYLEREFS="font0"/></TextLine><TextLine WIDTH="746" HEIGHT="75" ID="p255_t18" HPOS="174" VPOS="920"><String ID="p255_w144" CONTENT="partly" HPOS="174" VPOS="920" WIDTH="108" HEIGHT="75" STYLEREFS="font0"/><SP WIDTH="15" VPOS="920" HPOS="282"/><String ID="p255_w145" CONTENT="directed," HPOS="297" VPOS="920" WIDTH="155" HEIGHT="75" STYLEREFS="font0"/><SP WIDTH="18" VPOS="920" HPOS="452"/><String ID="p255_w146" CONTENT="by" HPOS="470" VPOS="920" WIDTH="43" HEIGHT="75" STYLEREFS="font0"/><SP WIDTH="16" VPOS="920" HPOS="513"/><String ID="p255_w147" CONTENT="the" HPOS="529" VPOS="920" WIDTH="56" HEIGHT="75" STYLEREFS="font0"/><SP WIDTH="16" VPOS="920" HPOS="585"/><String ID="p255_w148" CONTENT="flexor" HPOS="601" VPOS="920" WIDTH="102" HEIGHT="75" STYLEREFS="font0"/><SP WIDTH="18" VPOS="920" HPOS="703"/><String ID="p255_w149" CONTENT="acceflbrius." HPOS="721" VPOS="920" WIDTH="199" HEIGHT="75" STYLEREFS="font0"/></TextLine><TextLine WIDTH="980" HEIGHT="75" ID="p255_t19" HPOS="222" VPOS="967"><String ID="p255_w150" CONTENT="The" HPOS="222" VPOS="967" WIDTH="75" HEIGHT="75" STYLEREFS="font0"/><SP WIDTH="15" VPOS="967" HPOS="297"/><String ID="p255_w151" CONTENT="interoffei" HPOS="312" VPOS="967" WIDTH="159" HEIGHT="75" STYLEREFS="font0"/><SP WIDTH="16" VPOS="967" HPOS="471"/><String ID="p255_w152" CONTENT="of" HPOS="487" VPOS="967" WIDTH="41" HEIGHT="75" STYLEREFS="font0"/><SP WIDTH="11" VPOS="967" HPOS="528"/><String ID="p255_w153" CONTENT="the" HPOS="539" VPOS="967" WIDTH="57" HEIGHT="75" STYLEREFS="font0"/><SP WIDTH="13" VPOS="967" HPOS="596"/><String ID="p255_w154" CONTENT="foot" HPOS="609" VPOS="967" WIDTH="70" HEIGHT="75" STYLEREFS="font0"/><SP WIDTH="16" VPOS="967" HPOS="679"/><String ID="p255_w155" CONTENT="have" HPOS="695" VPOS="967" WIDTH="81" HEIGHT="75" STYLEREFS="font0"/><SP WIDTH="17" VPOS="967" HPOS="776"/><String ID="p255_w156" CONTENT="the" HPOS="793" VPOS="967" WIDTH="56" HEIGHT="75" STYLEREFS="font0"/><SP WIDTH="17" VPOS="967" HPOS="849"/><String ID="p255_w157" CONTENT="fame" HPOS="866" VPOS="967" WIDTH="83" HEIGHT="75" STYLEREFS="font0"/><SP WIDTH="16" VPOS="967" HPOS="949"/><String ID="p255_w158" CONTENT="ufes" HPOS="965" VPOS="967" WIDTH="70" HEIGHT="75" STYLEREFS="font0"/><SP WIDTH="17" VPOS="967" HPOS="1035"/><String ID="p255_w159" CONTENT="as" HPOS="1052" VPOS="967" WIDTH="33" HEIGHT="75" STYLEREFS="font0"/><SP WIDTH="17" VPOS="967" HPOS="1085"/><String ID="p255_w160" CONTENT="in" HPOS="1102" VPOS="967" WIDTH="31" HEIGHT="75" STYLEREFS="font0"/><SP WIDTH="14" VPOS="967" HPOS="1133"/><String ID="p255_w161" CONTENT="the" HPOS="1147" VPOS="967" WIDTH="55" HEIGHT="75" STYLEREFS="font0"/></TextLine><TextLine WIDTH="1028" HEIGHT="75" ID="p255_t20" HPOS="174" VPOS="1012"><String ID="p255_w162" CONTENT="hand." HPOS="174" VPOS="1012" WIDTH="98" HEIGHT="75" STYLEREFS="font0"/><SP WIDTH="47" VPOS="1012" HPOS="272"/><String ID="p255_w163" CONTENT="The" HPOS="319" VPOS="1012" WIDTH="77" HEIGHT="75" STYLEREFS="font0"/><SP WIDTH="26" VPOS="1012" HPOS="396"/><String ID="p255_w164" CONTENT="firft" HPOS="422" VPOS="1012" WIDTH="64" HEIGHT="75" STYLEREFS="font0"/><SP WIDTH="27" VPOS="1012" HPOS="486"/><String ID="p255_w165" CONTENT="fuperior" HPOS="513" VPOS="1012" WIDTH="139" HEIGHT="75" STYLEREFS="font0"/><SP WIDTH="27" VPOS="1012" HPOS="652"/><String ID="p255_w166" CONTENT="mufcle" HPOS="679" VPOS="1012" WIDTH="118" HEIGHT="75" STYLEREFS="font0"/><SP WIDTH="22" VPOS="1012" HPOS="797"/><String ID="p255_w167" CONTENT="brings.the" HPOS="819" VPOS="1012" WIDTH="182" HEIGHT="75" STYLEREFS="font0"/><SP WIDTH="16" VPOS="1012" HPOS="1001"/><String ID="p255_w168" CONTENT="fecond" HPOS="1017" VPOS="1012" WIDTH="115" HEIGHT="75" STYLEREFS="font0"/><SP WIDTH="17" VPOS="1012" HPOS="1132"/><String ID="p255_w169" CONTENT="toe" HPOS="1149" VPOS="1012" WIDTH="53" HEIGHT="75" STYLEREFS="font0"/></TextLine><TextLine WIDTH="1024" HEIGHT="75" ID="p255_t21" HPOS="176" VPOS="1058"><String ID="p255_w170" CONTENT="neat'" HPOS="176" VPOS="1058" WIDTH="81" HEIGHT="75" STYLEREFS="font0"/><SP WIDTH="10" VPOS="1058" HPOS="257"/><String ID="p255_w171" CONTENT="the" HPOS="267" VPOS="1058" WIDTH="55" HEIGHT="75" STYLEREFS="font0"/><SP WIDTH="16" VPOS="1058" HPOS="322"/><String ID="p255_w172" CONTENT="great" HPOS="338" VPOS="1058" WIDTH="90" HEIGHT="75" STYLEREFS="font0"/><SP WIDTH="16" VPOS="1058" HPOS="428"/><String ID="p255_w173" CONTENT="toe;" HPOS="444" VPOS="1058" WIDTH="75" HEIGHT="75" STYLEREFS="font0"/><SP WIDTH="38" VPOS="1058" HPOS="519"/><String ID="p255_w174" CONTENT="the" HPOS="557" VPOS="1058" WIDTH="57" HEIGHT="75" STYLEREFS="font0"/><SP WIDTH="20" VPOS="1058" HPOS="614"/><String ID="p255_w175" CONTENT="other" HPOS="634" VPOS="1058" WIDTH="93" HEIGHT="75" STYLEREFS="font0"/><SP WIDTH="21" VPOS="1058" HPOS="727"/><String ID="p255_w176" CONTENT="three" HPOS="748" VPOS="1058" WIDTH="93" HEIGHT="75" STYLEREFS="font0"/><SP WIDTH="27" VPOS="1058" HPOS="841"/><String ID="p255_w177" CONTENT="bring" HPOS="868" VPOS="1058" WIDTH="93" HEIGHT="75" STYLEREFS="font0"/><SP WIDTH="27" VPOS="1058" HPOS="961"/><String ID="p255_w178" CONTENT="the" HPOS="988" VPOS="1058" WIDTH="56" HEIGHT="75" STYLEREFS="font0"/><SP WIDTH="27" VPOS="1058" HPOS="1044"/><String ID="p255_w179" CONTENT="fecond," HPOS="1071" VPOS="1058" WIDTH="129" HEIGHT="75" STYLEREFS="font0"/></TextLine><TextLine WIDTH="1026" HEIGHT="75" ID="p255_t22" HPOS="177" VPOS="1104"><String ID="p255_w180" CONTENT="third," HPOS="177" VPOS="1104" WIDTH="99" HEIGHT="75" STYLEREFS="font0"/><SP WIDTH="26" VPOS="1104" HPOS="276"/><String ID="p255_w181" CONTENT="and" HPOS="302" VPOS="1104" WIDTH="62" HEIGHT="75" STYLEREFS="font0"/><SP WIDTH="19" VPOS="1104" HPOS="364"/><String ID="p255_w182" CONTENT="fourth" HPOS="383" VPOS="1104" WIDTH="112" HEIGHT="75" STYLEREFS="font0"/><SP WIDTH="19" VPOS="1104" HPOS="495"/><String ID="p255_w183" CONTENT="toes" HPOS="514" VPOS="1104" WIDTH="69" HEIGHT="75" STYLEREFS="font0"/><SP WIDTH="29" VPOS="1104" HPOS="583"/><String ID="p255_w184" CONTENT="near" HPOS="612" VPOS="1104" WIDTH="76" HEIGHT="75" STYLEREFS="font0"/><SP WIDTH="22" VPOS="1104" HPOS="688"/><String ID="p255_w185" CONTENT="the" HPOS="710" VPOS="1104" WIDTH="56" HEIGHT="75" STYLEREFS="font0"/><SP WIDTH="26" VPOS="1104" HPOS="766"/><String ID="p255_w186" CONTENT="little" HPOS="792" VPOS="1104" WIDTH="84" HEIGHT="75" STYLEREFS="font0"/><SP WIDTH="28" VPOS="1104" HPOS="876"/><String ID="p255_w187" CONTENT="toe." HPOS="904" VPOS="1104" WIDTH="66" HEIGHT="75" STYLEREFS="font0"/><SP WIDTH="48" VPOS="1104" HPOS="970"/><String ID="p255_w188" CONTENT="The" HPOS="1018" VPOS="1104" WIDTH="77" HEIGHT="75" STYLEREFS="font0"/><SP WIDTH="15" VPOS="1104" HPOS="1095"/><String ID="p255_w189" CONTENT="three" HPOS="1110" VPOS="1104" WIDTH="93" HEIGHT="75" STYLEREFS="font0"/></TextLine><TextLine WIDTH="1031" HEIGHT="75" ID="p255_t23" HPOS="172" VPOS="1151"><String ID="p255_w190" CONTENT="inferior" HPOS="172" VPOS="1151" WIDTH="135" HEIGHT="75" STYLEREFS="font0"/><SP WIDTH="14" VPOS="1151" HPOS="307"/><String ID="p255_w191" CONTENT="mufcles" HPOS="321" VPOS="1151" WIDTH="132" HEIGHT="75" STYLEREFS="font0"/><SP WIDTH="16" VPOS="1151" HPOS="453"/><String ID="p255_w192" CONTENT="move" HPOS="469" VPOS="1151" WIDTH="94" HEIGHT="75" STYLEREFS="font0"/><SP WIDTH="15" VPOS="1151" HPOS="563"/><String ID="p255_w193" CONTENT="the" HPOS="578" VPOS="1151" WIDTH="56" HEIGHT="75" STYLEREFS="font0"/><SP WIDTH="15" VPOS="1151" HPOS="634"/><String ID="p255_w194" CONTENT="laft" HPOS="649" VPOS="1151" WIDTH="57" HEIGHT="75" STYLEREFS="font0"/><SP WIDTH="12" VPOS="1151" HPOS="706"/><String ID="p255_w195" CONTENT="three" HPOS="718" VPOS="1151" WIDTH="90" HEIGHT="75" STYLEREFS="font0"/><SP WIDTH="15" VPOS="1151" HPOS="808"/><String ID="p255_w196" CONTENT="toes" HPOS="823" VPOS="1151" WIDTH="71" HEIGHT="75" STYLEREFS="font0"/><SP WIDTH="12" VPOS="1151" HPOS="894"/><String ID="p255_w197" CONTENT="toward" HPOS="906" VPOS="1151" WIDTH="124" HEIGHT="75" STYLEREFS="font0"/><SP WIDTH="13" VPOS="1151" HPOS="1030"/><String ID="p255_w198" CONTENT="the" HPOS="1043" VPOS="1151" WIDTH="55" HEIGHT="75" STYLEREFS="font0"/><SP WIDTH="11" VPOS="1151" HPOS="1098"/><String ID="p255_w199" CONTENT="other" HPOS="1109" VPOS="1151" WIDTH="94" HEIGHT="75" STYLEREFS="font0"/></TextLine><TextLine WIDTH="78" HEIGHT="75" ID="p255_t24" HPOS="173" VPOS="1196"><String ID="p255_w200" CONTENT="two." HPOS="173" VPOS="1196" WIDTH="78" HEIGHT="75" STYLEREFS="font0"/></TextLine><TextLine WIDTH="981" HEIGHT="75" ID="p255_t25" HPOS="220" VPOS="1243"><String ID="p255_w201" CONTENT="The" HPOS="220" VPOS="1243" WIDTH="76" HEIGHT="75" STYLEREFS="font0"/><SP WIDTH="12" VPOS="1243" HPOS="296"/><String ID="p255_w202" CONTENT="metatarfius" HPOS="308" VPOS="1243" WIDTH="195" HEIGHT="75" STYLEREFS="font0"/><SP WIDTH="12" VPOS="1243" HPOS="503"/><String ID="p255_w203" CONTENT="moves" HPOS="515" VPOS="1243" WIDTH="108" HEIGHT="75" STYLEREFS="font0"/><SP WIDTH="18" VPOS="1243" HPOS="623"/><String ID="p255_w204" CONTENT="the" HPOS="641" VPOS="1243" WIDTH="55" HEIGHT="75" STYLEREFS="font0"/><SP WIDTH="15" VPOS="1243" HPOS="696"/><String ID="p255_w205" CONTENT="lall" HPOS="711" VPOS="1243" WIDTH="57" HEIGHT="75" STYLEREFS="font0"/><SP WIDTH="12" VPOS="1243" HPOS="768"/><String ID="p255_w206" CONTENT="bone" HPOS="780" VPOS="1243" WIDTH="83" HEIGHT="75" STYLEREFS="font0"/><SP WIDTH="16" VPOS="1243" HPOS="863"/><String ID="p255_w207" CONTENT="of" HPOS="879" VPOS="1243" WIDTH="41" HEIGHT="75" STYLEREFS="font0"/><SP WIDTH="10" VPOS="1243" HPOS="920"/><String ID="p255_w208" CONTENT="the" HPOS="930" VPOS="1243" WIDTH="55" HEIGHT="75" STYLEREFS="font0"/><SP WIDTH="18" VPOS="1243" HPOS="985"/><String ID="p255_w209" CONTENT="metatarfus," HPOS="1003" VPOS="1243" WIDTH="198" HEIGHT="75" STYLEREFS="font0"/></TextLine><TextLine WIDTH="1027" HEIGHT="75" ID="p255_t26" HPOS="174" VPOS="1290"><String ID="p255_w210" CONTENT="much" HPOS="174" VPOS="1290" WIDTH="98" HEIGHT="75" STYLEREFS="font0"/><SP WIDTH="23" VPOS="1290" HPOS="272"/><String ID="p255_w211" CONTENT="in" HPOS="295" VPOS="1290" WIDTH="32" HEIGHT="75" STYLEREFS="font0"/><SP WIDTH="24" VPOS="1290" HPOS="327"/><String ID="p255_w212" CONTENT="the" HPOS="351" VPOS="1290" WIDTH="56" HEIGHT="75" STYLEREFS="font0"/><SP WIDTH="15" VPOS="1290" HPOS="407"/><String ID="p255_w213" CONTENT="fame" HPOS="422" VPOS="1290" WIDTH="84" HEIGHT="75" STYLEREFS="font0"/><SP WIDTH="16" VPOS="1290" HPOS="506"/><String ID="p255_w214" CONTENT="manner" HPOS="522" VPOS="1290" WIDTH="131" HEIGHT="75" STYLEREFS="font0"/><SP WIDTH="16" VPOS="1290" HPOS="653"/><String ID="p255_w215" CONTENT="as" HPOS="669" VPOS="1290" WIDTH="34" HEIGHT="75" STYLEREFS="font0"/><SP WIDTH="25" VPOS="1290" HPOS="703"/><String ID="p255_w216" CONTENT="the" HPOS="728" VPOS="1290" WIDTH="56" HEIGHT="75" STYLEREFS="font0"/><SP WIDTH="24" VPOS="1290" HPOS="784"/><String ID="p255_w217" CONTENT="metacarpius" HPOS="808" VPOS="1290" WIDTH="209" HEIGHT="75" STYLEREFS="font0"/><SP WIDTH="17" VPOS="1290" HPOS="1017"/><String ID="p255_w218" CONTENT="does" HPOS="1034" VPOS="1290" WIDTH="78" HEIGHT="75" STYLEREFS="font0"/><SP WIDTH="17" VPOS="1290" HPOS="1112"/><String ID="p255_w219" CONTENT="that" HPOS="1129" VPOS="1290" WIDTH="72" HEIGHT="75" STYLEREFS="font0"/></TextLine><TextLine WIDTH="333" HEIGHT="75" ID="p255_t27" HPOS="175" VPOS="1334"><String ID="p255_w220" CONTENT="of" HPOS="175" VPOS="1334" WIDTH="39" HEIGHT="75" STYLEREFS="font0"/><SP WIDTH="12" VPOS="1334" HPOS="214"/><String ID="p255_w221" CONTENT="the" HPOS="226" VPOS="1334" WIDTH="55" HEIGHT="75" STYLEREFS="font0"/><SP WIDTH="16" VPOS="1334" HPOS="281"/><String ID="p255_w222" CONTENT="metacarpus." HPOS="297" VPOS="1334" WIDTH="211" HEIGHT="75" STYLEREFS="font0"/></TextLine><TextLine WIDTH="978" HEIGHT="75" ID="p255_t28" HPOS="221" VPOS="1382"><String ID="p255_w223" CONTENT="The" HPOS="221" VPOS="1382" WIDTH="77" HEIGHT="75" STYLEREFS="font0"/><SP WIDTH="26" VPOS="1382" HPOS="298"/><String ID="p255_w224" CONTENT="tranfverfalis" HPOS="324" VPOS="1382" WIDTH="211" HEIGHT="75" STYLEREFS="font0"/><SP WIDTH="24" VPOS="1382" HPOS="535"/><String ID="p255_w225" CONTENT="may" HPOS="559" VPOS="1382" WIDTH="73" HEIGHT="75" STYLEREFS="font0"/><SP WIDTH="23" VPOS="1382" HPOS="632"/><String ID="p255_w226" CONTENT="aflift" HPOS="655" VPOS="1382" WIDTH="76" HEIGHT="75" STYLEREFS="font0"/><SP WIDTH="31" VPOS="1382" HPOS="731"/><String ID="p255_w227" CONTENT="the" HPOS="762" VPOS="1382" WIDTH="56" HEIGHT="75" STYLEREFS="font0"/><SP WIDTH="29" VPOS="1382" HPOS="818"/><String ID="p255_w228" CONTENT="metatarfius" HPOS="847" VPOS="1382" WIDTH="195" HEIGHT="75" STYLEREFS="font0"/><SP WIDTH="28" VPOS="1382" HPOS="1042"/><String ID="p255_w229" CONTENT="in" HPOS="1070" VPOS="1382" WIDTH="32" HEIGHT="75" STYLEREFS="font0"/><SP WIDTH="34" VPOS="1382" HPOS="1102"/><String ID="p255_w230" CONTENT="this" HPOS="1136" VPOS="1382" WIDTH="63" HEIGHT="75" STYLEREFS="font0"/></TextLine><TextLine WIDTH="1023" HEIGHT="75" ID="p255_t29" HPOS="176" VPOS="1427"><String ID="p255_w231" CONTENT="aftion," HPOS="176" VPOS="1427" WIDTH="114" HEIGHT="75" STYLEREFS="font0"/><SP WIDTH="25" VPOS="1427" HPOS="290"/><String ID="p255_w232" CONTENT="which" HPOS="315" VPOS="1427" WIDTH="106" HEIGHT="75" STYLEREFS="font0"/><SP WIDTH="19" VPOS="1427" HPOS="421"/><String ID="p255_w233" CONTENT="is" HPOS="440" VPOS="1427" WIDTH="27" HEIGHT="75" STYLEREFS="font0"/><SP WIDTH="20" VPOS="1427" HPOS="467"/><String ID="p255_w234" CONTENT="fuppofed" HPOS="487" VPOS="1427" WIDTH="153" HEIGHT="75" STYLEREFS="font0"/><SP WIDTH="15" VPOS="1427" HPOS="640"/><String ID="p255_w235" CONTENT="to" HPOS="655" VPOS="1427" WIDTH="35" HEIGHT="75" STYLEREFS="font0"/><SP WIDTH="17" VPOS="1427" HPOS="690"/><String ID="p255_w236" CONTENT="be" HPOS="707" VPOS="1427" WIDTH="39" HEIGHT="75" STYLEREFS="font0"/><SP WIDTH="16" VPOS="1427" HPOS="746"/><String ID="p255_w237" CONTENT="of" HPOS="762" VPOS="1427" WIDTH="40" HEIGHT="75" STYLEREFS="font0"/><SP WIDTH="17" VPOS="1427" HPOS="802"/><String ID="p255_w238" CONTENT="ufe" HPOS="819" VPOS="1427" WIDTH="52" HEIGHT="75" STYLEREFS="font0"/><SP WIDTH="18" VPOS="1427" HPOS="871"/><String ID="p255_w239" CONTENT="to'tilers" HPOS="889" VPOS="1427" WIDTH="138" HEIGHT="75" STYLEREFS="font0"/><SP WIDTH="17" VPOS="1427" HPOS="1027"/><String ID="p255_w240" CONTENT="ih" HPOS="1044" VPOS="1427" WIDTH="32" HEIGHT="75" STYLEREFS="font0"/><SP WIDTH="12" VPOS="1427" HPOS="1076"/><String ID="p255_w241" CONTENT="climb-" HPOS="1088" VPOS="1427" WIDTH="111" HEIGHT="75" STYLEREFS="font0"/></TextLine><TextLine WIDTH="1024" HEIGHT="75" ID="p255_t30" HPOS="174" VPOS="1476"><String ID="p255_w242" CONTENT="ing." HPOS="174" VPOS="1476" WIDTH="67" HEIGHT="75" STYLEREFS="font0"/><SP WIDTH="47" VPOS="1476" HPOS="241"/><String ID="p255_w243" CONTENT="The" HPOS="288" VPOS="1476" WIDTH="77" HEIGHT="75" STYLEREFS="font0"/><SP WIDTH="16" VPOS="1476" HPOS="365"/><String ID="p255_w244" CONTENT="antithenar" HPOS="381" VPOS="1476" WIDTH="180" HEIGHT="75" STYLEREFS="font0"/><SP WIDTH="16" VPOS="1476" HPOS="561"/><String ID="p255_w245" CONTENT="may" HPOS="577" VPOS="1476" WIDTH="73" HEIGHT="75" STYLEREFS="font0"/><SP WIDTH="22" VPOS="1476" HPOS="650"/><String ID="p255_w246" CONTENT="likewife" HPOS="672" VPOS="1476" WIDTH="139" HEIGHT="75" STYLEREFS="font0"/><SP WIDTH="21" VPOS="1476" HPOS="811"/><String ID="p255_w247" CONTENT="concur," HPOS="832" VPOS="1476" WIDTH="130" HEIGHT="75" STYLEREFS="font0"/><SP WIDTH="27" VPOS="1476" HPOS="962"/><String ID="p255_w248" CONTENT="and" HPOS="989" VPOS="1476" WIDTH="61" HEIGHT="75" STYLEREFS="font0"/><SP WIDTH="23" VPOS="1476" HPOS="1050"/><String ID="p255_w249" CONTENT="the" HPOS="1073" VPOS="1476" WIDTH="56" HEIGHT="75" STYLEREFS="font0"/><SP WIDTH="15" VPOS="1476" HPOS="1129"/><String ID="p255_w250" CONTENT="pe-" HPOS="1144" VPOS="1476" WIDTH="54" HEIGHT="75" STYLEREFS="font0"/></TextLine><TextLine WIDTH="1023" HEIGHT="75" ID="p255_t31" HPOS="173" VPOS="1520"><String ID="p255_w251" CONTENT="ronaeus" HPOS="173" VPOS="1520" WIDTH="124" HEIGHT="75" STYLEREFS="font0"/><SP WIDTH="16" VPOS="1520" HPOS="297"/><String ID="p255_w252" CONTENT="minimus" HPOS="313" VPOS="1520" WIDTH="148" HEIGHT="75" STYLEREFS="font0"/><SP WIDTH="16" VPOS="1520" HPOS="461"/><String ID="p255_w253" CONTENT="may" HPOS="477" VPOS="1520" WIDTH="74" HEIGHT="75" STYLEREFS="font0"/><SP WIDTH="16" VPOS="1520" HPOS="551"/><String ID="p255_w254" CONTENT="ferve" HPOS="567" VPOS="1520" WIDTH="87" HEIGHT="75" STYLEREFS="font0"/><SP WIDTH="20" VPOS="1520" HPOS="654"/><String ID="p255_w255" CONTENT="to" HPOS="674" VPOS="1520" WIDTH="35" HEIGHT="75" STYLEREFS="font0"/><SP WIDTH="23" VPOS="1520" HPOS="709"/><String ID="p255_w256" CONTENT="counterbalance" HPOS="732" VPOS="1520" WIDTH="263" HEIGHT="75" STYLEREFS="font0"/><SP WIDTH="17" VPOS="1520" HPOS="995"/><String ID="p255_w257" CONTENT="thefe" HPOS="1012" VPOS="1520" WIDTH="87" HEIGHT="75" STYLEREFS="font0"/><SP WIDTH="16" VPOS="1520" HPOS="1099"/><String ID="p255_w258" CONTENT="muf-" HPOS="1115" VPOS="1520" WIDTH="81" HEIGHT="75" STYLEREFS="font0"/></TextLine><TextLine WIDTH="1023" HEIGHT="75" ID="p255_t32" HPOS="175" VPOS="1566"><String ID="p255_w259" CONTENT="cles," HPOS="175" VPOS="1566" WIDTH="78" HEIGHT="75" STYLEREFS="font0"/><SP WIDTH="26" VPOS="1566" HPOS="253"/><String ID="p255_w260" CONTENT="and" HPOS="279" VPOS="1566" WIDTH="62" HEIGHT="75" STYLEREFS="font0"/><SP WIDTH="21" VPOS="1566" HPOS="341"/><String ID="p255_w261" CONTENT="to" HPOS="362" VPOS="1566" WIDTH="35" HEIGHT="75" STYLEREFS="font0"/><SP WIDTH="16" VPOS="1566" HPOS="397"/><String ID="p255_w262" CONTENT="bring" HPOS="413" VPOS="1566" WIDTH="92" HEIGHT="75" STYLEREFS="font0"/><SP WIDTH="24" VPOS="1566" HPOS="505"/><String ID="p255_w263" CONTENT="the" HPOS="529" VPOS="1566" WIDTH="55" HEIGHT="75" STYLEREFS="font0"/><SP WIDTH="27" VPOS="1566" HPOS="584"/><String ID="p255_w264" CONTENT="metatarfus" HPOS="611" VPOS="1566" WIDTH="185" HEIGHT="75" STYLEREFS="font0"/><SP WIDTH="16" VPOS="1566" HPOS="796"/><String ID="p255_w265" CONTENT="back" HPOS="812" VPOS="1566" WIDTH="83" HEIGHT="75" STYLEREFS="font0"/><SP WIDTH="16" VPOS="1566" HPOS="895"/><String ID="p255_w266" CONTENT="to" HPOS="911" VPOS="1566" WIDTH="34" HEIGHT="75" STYLEREFS="font0"/><SP WIDTH="16" VPOS="1566" HPOS="945"/><String ID="p255_w267" CONTENT="its" HPOS="961" VPOS="1566" WIDTH="42" HEIGHT="75" STYLEREFS="font0"/><SP WIDTH="17" VPOS="1566" HPOS="1003"/><String ID="p255_w268" CONTENT="natural" HPOS="1020" VPOS="1566" WIDTH="124" HEIGHT="75" STYLEREFS="font0"/><SP WIDTH="15" VPOS="1566" HPOS="1144"/><String ID="p255_w269" CONTENT="fi-" HPOS="1159" VPOS="1566" WIDTH="39" HEIGHT="75" STYLEREFS="font0"/></TextLine><TextLine WIDTH="138" HEIGHT="75" ID="p255_t33" HPOS="174" VPOS="1612"><String ID="p255_w270" CONTENT="tuation." HPOS="174" VPOS="1612" WIDTH="138" HEIGHT="75" STYLEREFS="font0"/></TextLine><TextLine WIDTH="978" HEIGHT="75" ID="p255_t34" HPOS="220" VPOS="1659"><String ID="p255_w271" CONTENT="The" HPOS="220" VPOS="1659" WIDTH="85" HEIGHT="75" STYLEREFS="font0"/><SP WIDTH="18" VPOS="1659" HPOS="305"/><String ID="p255_w272" CONTENT="parathenar" HPOS="323" VPOS="1659" WIDTH="190" HEIGHT="75" STYLEREFS="font0"/><SP WIDTH="15" VPOS="1659" HPOS="513"/><String ID="p255_w273" CONTENT="major" HPOS="528" VPOS="1659" WIDTH="103" HEIGHT="75" STYLEREFS="font0"/><SP WIDTH="15" VPOS="1659" HPOS="631"/><String ID="p255_w274" CONTENT="ferves" HPOS="646" VPOS="1659" WIDTH="105" HEIGHT="75" STYLEREFS="font0"/><SP WIDTH="23" VPOS="1659" HPOS="751"/><String ID="p255_w275" CONTENT="particularly" HPOS="774" VPOS="1659" WIDTH="210" HEIGHT="75" STYLEREFS="font0"/><SP WIDTH="14" VPOS="1659" HPOS="984"/><String ID="p255_w276" CONTENT="to" HPOS="998" VPOS="1659" WIDTH="35" HEIGHT="75" STYLEREFS="font0"/><SP WIDTH="23" VPOS="1659" HPOS="1033"/><String ID="p255_w277" CONTENT="feparate" HPOS="1056" VPOS="1659" WIDTH="142" HEIGHT="75" STYLEREFS="font0"/></TextLine><TextLine WIDTH="1024" HEIGHT="75" ID="p255_t35" HPOS="174" VPOS="1704"><String ID="p255_w278" CONTENT="the" HPOS="174" VPOS="1704" WIDTH="56" HEIGHT="75" STYLEREFS="font0"/><SP WIDTH="23" VPOS="1704" HPOS="230"/><String ID="p255_w279" CONTENT="little" HPOS="253" VPOS="1704" WIDTH="85" HEIGHT="75" STYLEREFS="font0"/><SP WIDTH="20" VPOS="1704" HPOS="338"/><String ID="p255_w280" CONTENT="toe" HPOS="358" VPOS="1704" WIDTH="53" HEIGHT="75" STYLEREFS="font0"/><SP WIDTH="17" VPOS="1704" HPOS="411"/><String ID="p255_w281" CONTENT="from" HPOS="428" VPOS="1704" WIDTH="84" HEIGHT="75" STYLEREFS="font0"/><SP WIDTH="21" VPOS="1704" HPOS="512"/><String ID="p255_w282" CONTENT="the" HPOS="533" VPOS="1704" WIDTH="55" HEIGHT="75" STYLEREFS="font0"/><SP WIDTH="17" VPOS="1704" HPOS="588"/><String ID="p255_w283" CONTENT="reft;" HPOS="605" VPOS="1704" WIDTH="80" HEIGHT="75" STYLEREFS="font0"/><SP WIDTH="39" VPOS="1704" HPOS="685"/><String ID="p255_w284" CONTENT="and" HPOS="724" VPOS="1704" WIDTH="62" HEIGHT="75" STYLEREFS="font0"/><SP WIDTH="24" VPOS="1704" HPOS="786"/><String ID="p255_w285" CONTENT="the" HPOS="810" VPOS="1704" WIDTH="54" HEIGHT="75" STYLEREFS="font0"/><SP WIDTH="18" VPOS="1704" HPOS="864"/><String ID="p255_w286" CONTENT="parathenar" HPOS="882" VPOS="1704" WIDTH="189" HEIGHT="75" STYLEREFS="font0"/><SP WIDTH="24" VPOS="1704" HPOS="1071"/><String ID="p255_w287" CONTENT="minor" HPOS="1095" VPOS="1704" WIDTH="103" HEIGHT="75" STYLEREFS="font0"/></TextLine><TextLine WIDTH="631" HEIGHT="75" ID="p255_t36" HPOS="174" VPOS="1751"><String ID="p255_w288" CONTENT="bends" HPOS="174" VPOS="1751" WIDTH="99" HEIGHT="75" STYLEREFS="font0"/><SP WIDTH="16" VPOS="1751" HPOS="273"/><String ID="p255_w289" CONTENT="the" HPOS="289" VPOS="1751" WIDTH="57" HEIGHT="75" STYLEREFS="font0"/><SP WIDTH="16" VPOS="1751" HPOS="346"/><String ID="p255_w290" CONTENT="firft" HPOS="362" VPOS="1751" WIDTH="65" HEIGHT="75" STYLEREFS="font0"/><SP WIDTH="15" VPOS="1751" HPOS="427"/><String ID="p255_w291" CONTENT="phalanx" HPOS="442" VPOS="1751" WIDTH="141" HEIGHT="75" STYLEREFS="font0"/><SP WIDTH="19" VPOS="1751" HPOS="583"/><String ID="p255_w292" CONTENT="of" HPOS="602" VPOS="1751" WIDTH="41" HEIGHT="75" STYLEREFS="font0"/><SP WIDTH="11" VPOS="1751" HPOS="643"/><String ID="p255_w293" CONTENT="that" HPOS="654" VPOS="1751" WIDTH="69" HEIGHT="75" STYLEREFS="font0"/><SP WIDTH="16" VPOS="1751" HPOS="723"/><String ID="p255_w294" CONTENT="toe." HPOS="739" VPOS="1751" WIDTH="66" HEIGHT="75" STYLEREFS="font0"/></TextLine><TextLine WIDTH="1024" HEIGHT="75" ID="p255_t37" HPOS="174" VPOS="1896"><String ID="p255_w295" CONTENT="Sect." HPOS="174" VPOS="1896" WIDTH="174" HEIGHT="75" STYLEREFS="font0"/><SP WIDTH="31" VPOS="1896" HPOS="348"/><String ID="p255_w296" CONTENT="XIII." HPOS="379" VPOS="1896" WIDTH="107" HEIGHT="75" STYLEREFS="font0"/><SP WIDTH="59" VPOS="1896" HPOS="486"/><String ID="p255_w297" CONTENT="T^he" HPOS="545" VPOS="1896" WIDTH="79" HEIGHT="75" STYLEREFS="font0"/><SP WIDTH="29" VPOS="1896" HPOS="624"/><String ID="p255_w298" CONTENT="Muscles" HPOS="653" VPOS="1896" WIDTH="267" HEIGHT="75" STYLEREFS="font0"/><SP WIDTH="29" VPOS="1896" HPOS="920"/><String ID="p255_w299" CONTENT="employed" HPOS="949" VPOS="1896" WIDTH="187" HEIGHT="75" STYLEREFS="font0"/><SP WIDTH="21" VPOS="1896" HPOS="1136"/><String ID="p255_w300" CONTENT="in" HPOS="1157" VPOS="1896" WIDTH="41" HEIGHT="75" STYLEREFS="font0"/></TextLine><TextLine WIDTH="254" HEIGHT="75" ID="p255_t38" HPOS="543" VPOS="1955"><String ID="p255_w301" CONTENT="Refpiration." HPOS="543" VPOS="1955" WIDTH="254" HEIGHT="75" STYLEREFS="font0"/></TextLine><TextLine WIDTH="486" HEIGHT="75" ID="p255_t39" HPOS="440" VPOS="2052"><String ID="p255_w302" CONTENT="DIAPHRAGM" HPOS="440" VPOS="2052" WIDTH="423" HEIGHT="75" STYLEREFS="font0"/><SP WIDTH="16" VPOS="2052" HPOS="863"/><String ID="p255_w303" CONTENT="A." HPOS="879" VPOS="2052" WIDTH="47" HEIGHT="75" STYLEREFS="font0"/></TextLine><TextLine WIDTH="980" HEIGHT="75" ID="p255_t40" HPOS="216" VPOS="2123"><String ID="p255_w304" CONTENT="This" HPOS="216" VPOS="2123" WIDTH="101" HEIGHT="75" STYLEREFS="font0"/><SP WIDTH="26" VPOS="2123" HPOS="317"/><String ID="p255_w305" CONTENT="is" HPOS="343" VPOS="2123" WIDTH="26" HEIGHT="75" STYLEREFS="font0"/><SP WIDTH="26" VPOS="2123" HPOS="369"/><String ID="p255_w306" CONTENT="a" HPOS="395" VPOS="2123" WIDTH="19" HEIGHT="75" STYLEREFS="font0"/><SP WIDTH="21" VPOS="2123" HPOS="414"/><String ID="p255_w307" CONTENT="very" HPOS="435" VPOS="2123" WIDTH="79" HEIGHT="75" STYLEREFS="font0"/><SP WIDTH="26" VPOS="2123" HPOS="514"/><String ID="p255_w308" CONTENT="broad" HPOS="540" VPOS="2123" WIDTH="102" HEIGHT="75" STYLEREFS="font0"/><SP WIDTH="23" VPOS="2123" HPOS="642"/><String ID="p255_w309" CONTENT="and" HPOS="665" VPOS="2123" WIDTH="62" HEIGHT="75" STYLEREFS="font0"/><SP WIDTH="27" VPOS="2123" HPOS="727"/><String ID="p255_w310" CONTENT="thin" HPOS="754" VPOS="2123" WIDTH="69" HEIGHT="75" STYLEREFS="font0"/><SP WIDTH="29" VPOS="2123" HPOS="823"/><String ID="p255_w311" CONTENT="mufcle," HPOS="852" VPOS="2123" WIDTH="129" HEIGHT="75" STYLEREFS="font0"/><SP WIDTH="25" VPOS="2123" HPOS="981"/><String ID="p255_w312" CONTENT="fituated" HPOS="1006" VPOS="2123" WIDTH="134" HEIGHT="75" STYLEREFS="font0"/><SP WIDTH="24" VPOS="2123" HPOS="1140"/><String ID="p255_w313" CONTENT="at" HPOS="1164" VPOS="2123" WIDTH="32" HEIGHT="75" STYLEREFS="font0"/></TextLine><TextLine WIDTH="1025" HEIGHT="75" ID="p255_t41" HPOS="171" VPOS="2168"><String ID="p255_w314" CONTENT="the" HPOS="171" VPOS="2168" WIDTH="56" HEIGHT="75" STYLEREFS="font0"/><SP WIDTH="27" VPOS="2168" HPOS="227"/><String ID="p255_w315" CONTENT="bafis" HPOS="254" VPOS="2168" WIDTH="77" HEIGHT="75" STYLEREFS="font0"/><SP WIDTH="28" VPOS="2168" HPOS="331"/><String ID="p255_w316" CONTENT="of" HPOS="359" VPOS="2168" WIDTH="40" HEIGHT="75" STYLEREFS="font0"/><SP WIDTH="27" VPOS="2168" HPOS="399"/><String ID="p255_w317" CONTENT="the" HPOS="426" VPOS="2168" WIDTH="55" HEIGHT="75" STYLEREFS="font0"/><SP WIDTH="28" VPOS="2168" HPOS="481"/><String ID="p255_w318" CONTENT="thorax," HPOS="509" VPOS="2168" WIDTH="131" HEIGHT="75" STYLEREFS="font0"/><SP WIDTH="32" VPOS="2168" HPOS="640"/><String ID="p255_w319" CONTENT="and" HPOS="672" VPOS="2168" WIDTH="62" HEIGHT="75" STYLEREFS="font0"/><SP WIDTH="26" VPOS="2168" HPOS="734"/><String ID="p255_w320" CONTENT="ferving" HPOS="760" VPOS="2168" WIDTH="125" HEIGHT="75" STYLEREFS="font0"/><SP WIDTH="31" VPOS="2168" HPOS="885"/><String ID="p255_w321" CONTENT="as" HPOS="916" VPOS="2168" WIDTH="34" HEIGHT="75" STYLEREFS="font0"/><SP WIDTH="27" VPOS="2168" HPOS="950"/><String ID="p255_w322" CONTENT="a" HPOS="977" VPOS="2168" WIDTH="19" HEIGHT="75" STYLEREFS="font0"/><SP WIDTH="26" VPOS="2168" HPOS="996"/><String ID="p255_w323" CONTENT="tranfverfe" HPOS="1022" VPOS="2168" WIDTH="174" HEIGHT="75" STYLEREFS="font0"/></TextLine><TextLine WIDTH="1026" HEIGHT="75" ID="p255_t42" HPOS="170" VPOS="2214"><String ID="p255_w324" CONTENT="partition" HPOS="170" VPOS="2214" WIDTH="151" HEIGHT="75" STYLEREFS="font0"/><SP WIDTH="32" VPOS="2214" HPOS="321"/><String ID="p255_w325" CONTENT="to" HPOS="353" VPOS="2214" WIDTH="34" HEIGHT="75" STYLEREFS="font0"/><SP WIDTH="33" VPOS="2214" HPOS="387"/><String ID="p255_w326" CONTENT="feparate" HPOS="420" VPOS="2214" WIDTH="141" HEIGHT="75" STYLEREFS="font0"/><SP WIDTH="36" VPOS="2214" HPOS="561"/><String ID="p255_w327" CONTENT="that" HPOS="597" VPOS="2214" WIDTH="70" HEIGHT="75" STYLEREFS="font0"/><SP WIDTH="28" VPOS="2214" HPOS="667"/><String ID="p255_w328" CONTENT="cavity" HPOS="695" VPOS="2214" WIDTH="108" HEIGHT="75" STYLEREFS="font0"/><SP WIDTH="28" VPOS="2214" HPOS="803"/><String ID="p255_w329" CONTENT="from" HPOS="831" VPOS="2214" WIDTH="86" HEIGHT="75" STYLEREFS="font0"/><SP WIDTH="27" VPOS="2214" HPOS="917"/><String ID="p255_w330" CONTENT="the" HPOS="944" VPOS="2214" WIDTH="55" HEIGHT="75" STYLEREFS="font0"/><SP WIDTH="28" VPOS="2214" HPOS="999"/><String ID="p255_w331" CONTENT="abdomen'" HPOS="1027" VPOS="2214" WIDTH="159" HEIGHT="75" STYLEREFS="font0"/><String ID="p255_w332" CONTENT="." HPOS="1186" VPOS="2214" WIDTH="10" HEIGHT="75" STYLEREFS="font0"/></TextLine><TextLine WIDTH="1026" HEIGHT="75" ID="p255_t43" HPOS="170" VPOS="2259"><String ID="p255_w333" CONTENT="For" HPOS="170" VPOS="2259" WIDTH="66" HEIGHT="75" STYLEREFS="font0"/><SP WIDTH="15" VPOS="2259" HPOS="236"/><String ID="p255_w334" CONTENT="this" HPOS="251" VPOS="2259" WIDTH="62" HEIGHT="75" STYLEREFS="font0"/><SP WIDTH="28" VPOS="2259" HPOS="313"/><String ID="p255_w335" CONTENT="reafon" HPOS="341" VPOS="2259" WIDTH="109" HEIGHT="75" STYLEREFS="font0"/><SP WIDTH="23" VPOS="2259" HPOS="450"/><String ID="p255_w336" CONTENT="the" HPOS="473" VPOS="2259" WIDTH="55" HEIGHT="75" STYLEREFS="font0"/><SP WIDTH="16" VPOS="2259" HPOS="528"/><String ID="p255_w337" CONTENT="Greeks" HPOS="544" VPOS="2259" WIDTH="128" HEIGHT="75" STYLEREFS="font0"/><SP WIDTH="17" VPOS="2259" HPOS="672"/><String ID="p255_w338" CONTENT="termed" HPOS="689" VPOS="2259" WIDTH="125" HEIGHT="75" STYLEREFS="font0"/><SP WIDTH="15" VPOS="2259" HPOS="814"/><String ID="p255_w339" CONTENT="it" HPOS="829" VPOS="2259" WIDTH="27" HEIGHT="75" STYLEREFS="font0"/><SP WIDTH="15" VPOS="2259" HPOS="856"/><String ID="p255_w340" CONTENT="diaphragma" HPOS="871" VPOS="2259" WIDTH="213" HEIGHT="75" STYLEREFS="font0"/><SP WIDTH="12" VPOS="2259" HPOS="1084"/><String ID="p255_w341" CONTENT=";" HPOS="1096" VPOS="2259" WIDTH="10" HEIGHT="75" STYLEREFS="font0"/><SP WIDTH="27" VPOS="2259" HPOS="1106"/><String ID="p255_w342" CONTENT="and" HPOS="1133" VPOS="2259" WIDTH="63" HEIGHT="75" STYLEREFS="font0"/></TextLine><TextLine WIDTH="1028" HEIGHT="75" ID="p255_t44" HPOS="169" VPOS="2306"><String ID="p255_w343" CONTENT="and" HPOS="169" VPOS="2306" WIDTH="61" HEIGHT="75" STYLEREFS="font0"/><SP WIDTH="12" VPOS="2306" HPOS="230"/><String ID="p255_w344" CONTENT="the" HPOS="242" VPOS="2306" WIDTH="55" HEIGHT="75" STYLEREFS="font0"/><SP WIDTH="13" VPOS="2306" HPOS="297"/><String ID="p255_w345" CONTENT="Tuntms," HPOS="310" VPOS="2306" WIDTH="127" HEIGHT="75" STYLEREFS="font0"/><SP WIDTH="7" VPOS="2306" HPOS="437"/><String ID="p255_w346" CONTENT="feptum" HPOS="444" VPOS="2306" WIDTH="130" HEIGHT="75" STYLEREFS="font0"/><SP WIDTH="16" VPOS="2306" HPOS="574"/><String ID="p255_w347" CONTENT="tranfverfum." HPOS="590" VPOS="2306" WIDTH="228" HEIGHT="75" STYLEREFS="font0"/><SP WIDTH="29" VPOS="2306" HPOS="818"/><String ID="p255_w348" CONTENT="It" HPOS="847" VPOS="2306" WIDTH="32" HEIGHT="75" STYLEREFS="font0"/><SP WIDTH="16" VPOS="2306" HPOS="879"/><String ID="p255_w349" CONTENT="forms" HPOS="895" VPOS="2306" WIDTH="100" HEIGHT="75" STYLEREFS="font0"/><SP WIDTH="17" VPOS="2306" HPOS="995"/><String ID="p255_w350" CONTENT="an" HPOS="1012" VPOS="2306" WIDTH="38" HEIGHT="75" STYLEREFS="font0"/><SP WIDTH="17" VPOS="2306" HPOS="1050"/><String ID="p255_w351" CONTENT="oblique" HPOS="1067" VPOS="2306" WIDTH="130" HEIGHT="75" STYLEREFS="font0"/></TextLine><TextLine WIDTH="1028" HEIGHT="75" ID="p255_t45" HPOS="167" VPOS="2352"><String ID="p255_w352" CONTENT="inclined" HPOS="167" VPOS="2352" WIDTH="139" HEIGHT="75" STYLEREFS="font0"/><SP WIDTH="11" VPOS="2352" HPOS="306"/><String ID="p255_w353" CONTENT="arch," HPOS="317" VPOS="2352" WIDTH="89" HEIGHT="75" STYLEREFS="font0"/><SP WIDTH="25" VPOS="2352" HPOS="406"/><String ID="p255_w354" CONTENT="the" HPOS="431" VPOS="2352" WIDTH="57" HEIGHT="75" STYLEREFS="font0"/><SP WIDTH="16" VPOS="2352" HPOS="488"/><String ID="p255_w355" CONTENT="fore-part" HPOS="504" VPOS="2352" WIDTH="159" HEIGHT="75" STYLEREFS="font0"/><SP WIDTH="16" VPOS="2352" HPOS="663"/><String ID="p255_w356" CONTENT="of" HPOS="679" VPOS="2352" WIDTH="39" HEIGHT="75" STYLEREFS="font0"/><SP WIDTH="14" VPOS="2352" HPOS="718"/><String ID="p255_w357" CONTENT="which" HPOS="732" VPOS="2352" WIDTH="102" HEIGHT="75" STYLEREFS="font0"/><SP WIDTH="20" VPOS="2352" HPOS="834"/><String ID="p255_w358" CONTENT="is" HPOS="854" VPOS="2352" WIDTH="27" HEIGHT="75" STYLEREFS="font0"/><SP WIDTH="18" VPOS="2352" HPOS="881"/><String ID="p255_w359" CONTENT="higheft," HPOS="899" VPOS="2352" WIDTH="136" HEIGHT="75" STYLEREFS="font0"/><SP WIDTH="26" VPOS="2352" HPOS="1035"/><String ID="p255_w360" CONTENT="and" HPOS="1061" VPOS="2352" WIDTH="63" HEIGHT="75" STYLEREFS="font0"/><SP WIDTH="16" VPOS="2352" HPOS="1124"/><String ID="p255_w361" CONTENT="the" HPOS="1140" VPOS="2352" WIDTH="55" HEIGHT="75" STYLEREFS="font0"/></TextLine><TextLine WIDTH="1029" HEIGHT="75" ID="p255_t46" HPOS="166" VPOS="2398"><String ID="p255_w362" CONTENT="pofterior" HPOS="166" VPOS="2398" WIDTH="154" HEIGHT="75" STYLEREFS="font0"/><SP WIDTH="22" VPOS="2398" HPOS="320"/><String ID="p255_w363" CONTENT="part" HPOS="342" VPOS="2398" WIDTH="71" HEIGHT="75" STYLEREFS="font0"/><SP WIDTH="20" VPOS="2398" HPOS="413"/><String ID="p255_w364" CONTENT="loweft," HPOS="433" VPOS="2398" WIDTH="121" HEIGHT="75" STYLEREFS="font0"/><SP WIDTH="24" VPOS="2398" HPOS="554"/><String ID="p255_w365" CONTENT="making" HPOS="578" VPOS="2398" WIDTH="129" HEIGHT="75" STYLEREFS="font0"/><SP WIDTH="27" VPOS="2398" HPOS="707"/><String ID="p255_w366" CONTENT="a" HPOS="734" VPOS="2398" WIDTH="19" HEIGHT="75" STYLEREFS="font0"/><SP WIDTH="21" VPOS="2398" HPOS="753"/><String ID="p255_w367" CONTENT="very" HPOS="774" VPOS="2398" WIDTH="78" HEIGHT="75" STYLEREFS="font0"/><SP WIDTH="23" VPOS="2398" HPOS="852"/><String ID="p255_w368" CONTENT="acute" HPOS="875" VPOS="2398" WIDTH="93" HEIGHT="75" STYLEREFS="font0"/><SP WIDTH="27" VPOS="2398" HPOS="968"/><String ID="p255_w369" CONTENT="angle" HPOS="995" VPOS="2398" WIDTH="93" HEIGHT="75" STYLEREFS="font0"/><SP WIDTH="28" VPOS="2398" HPOS="1088"/><String ID="p255_w370" CONTENT="with" HPOS="1116" VPOS="2398" WIDTH="79" HEIGHT="75" STYLEREFS="font0"/></TextLine><TextLine WIDTH="165" HEIGHT="75" ID="p255_t47" HPOS="167" VPOS="2444"><String ID="p255_w371" CONTENT="the" HPOS="167" VPOS="2444" WIDTH="54" HEIGHT="75" STYLEREFS="font0"/><SP WIDTH="17" VPOS="2444" HPOS="221"/><String ID="p255_w372" CONTENT="back." HPOS="238" VPOS="2444" WIDTH="94" HEIGHT="75" STYLEREFS="font0"/></TextLine><TextLine WIDTH="977" HEIGHT="75" ID="p255_t48" HPOS="214" VPOS="2490"><String ID="p255_w373" CONTENT="It" HPOS="214" VPOS="2490" WIDTH="31" HEIGHT="75" STYLEREFS="font0"/><SP WIDTH="16" VPOS="2490" HPOS="245"/><String ID="p255_w374" CONTENT="is" HPOS="261" VPOS="2490" WIDTH="27" HEIGHT="75" STYLEREFS="font0"/><SP WIDTH="16" VPOS="2490" HPOS="288"/><String ID="p255_w375" CONTENT="looked" HPOS="304" VPOS="2490" WIDTH="119" HEIGHT="75" STYLEREFS="font0"/><SP WIDTH="15" VPOS="2490" HPOS="423"/><String ID="p255_w376" CONTENT="upon" HPOS="438" VPOS="2490" WIDTH="87" HEIGHT="75" STYLEREFS="font0"/><SP WIDTH="29" VPOS="2490" HPOS="525"/><String ID="p255_w377" CONTENT="as" HPOS="554" VPOS="2490" WIDTH="33" HEIGHT="75" STYLEREFS="font0"/><SP WIDTH="21" VPOS="2490" HPOS="587"/><String ID="p255_w378" CONTENT="a" HPOS="608" VPOS="2490" WIDTH="18" HEIGHT="75" STYLEREFS="font0"/><SP WIDTH="27" VPOS="2490" HPOS="626"/><String ID="p255_w379" CONTENT="double" HPOS="653" VPOS="2490" WIDTH="116" HEIGHT="75" STYLEREFS="font0"/><SP WIDTH="28" VPOS="2490" HPOS="769"/><String ID="p255_w380" CONTENT="and" HPOS="797" VPOS="2490" WIDTH="62" HEIGHT="75" STYLEREFS="font0"/><SP WIDTH="28" VPOS="2490" HPOS="859"/><String ID="p255_w381" CONTENT="digaftric" HPOS="887" VPOS="2490" WIDTH="147" HEIGHT="75" STYLEREFS="font0"/><SP WIDTH="28" VPOS="2490" HPOS="1034"/><String ID="p255_w382" CONTENT="mufcle," HPOS="1062" VPOS="2490" WIDTH="129" HEIGHT="75" STYLEREFS="font0"/></TextLine><TextLine WIDTH="1027" HEIGHT="75" ID="p255_t49" HPOS="166" VPOS="2537"><String ID="p255_w383" CONTENT="made" HPOS="166" VPOS="2537" WIDTH="93" HEIGHT="75" STYLEREFS="font0"/><SP WIDTH="75" VPOS="2537" HPOS="259"/><String ID="p255_w384" CONTENT="of" HPOS="334" VPOS="2537" WIDTH="40" HEIGHT="75" STYLEREFS="font0"/><SP WIDTH="10" VPOS="2537" HPOS="374"/><String ID="p255_w385" CONTENT="two" HPOS="384" VPOS="2537" WIDTH="69" HEIGHT="75" STYLEREFS="font0"/><SP WIDTH="16" VPOS="2537" HPOS="453"/><String ID="p255_w386" CONTENT="different" HPOS="469" VPOS="2537" WIDTH="150" HEIGHT="75" STYLEREFS="font0"/><SP WIDTH="17" VPOS="2537" HPOS="619"/><String ID="p255_w387" CONTENT="portions," HPOS="636" VPOS="2537" WIDTH="156" HEIGHT="75" STYLEREFS="font0"/><SP WIDTH="25" VPOS="2537" HPOS="792"/><String ID="p255_w388" CONTENT="one" HPOS="817" VPOS="2537" WIDTH="61" HEIGHT="75" STYLEREFS="font0"/><SP WIDTH="27" VPOS="2537" HPOS="878"/><String ID="p255_w389" CONTENT="large" HPOS="905" VPOS="2537" WIDTH="89" HEIGHT="75" STYLEREFS="font0"/><SP WIDTH="27" VPOS="2537" HPOS="994"/><String ID="p255_w390" CONTENT="and" HPOS="1021" VPOS="2537" WIDTH="63" HEIGHT="75" STYLEREFS="font0"/><SP WIDTH="19" VPOS="2537" HPOS="1084"/><String ID="p255_w391" CONTENT="fupe-" HPOS="1103" VPOS="2537" WIDTH="90" HEIGHT="75" STYLEREFS="font0"/></TextLine><TextLine WIDTH="1027" HEIGHT="75" ID="p255_t50" HPOS="166" VPOS="2582"><String ID="p255_w392" CONTENT="rior," HPOS="166" VPOS="2582" WIDTH="77" HEIGHT="75" STYLEREFS="font0"/><SP WIDTH="26" VPOS="2582" HPOS="243"/><String ID="p255_w393" CONTENT="called" HPOS="269" VPOS="2582" WIDTH="103" HEIGHT="75" STYLEREFS="font0"/><SP WIDTH="17" VPOS="2582" HPOS="372"/><String ID="p255_w394" CONTENT="the" HPOS="389" VPOS="2582" WIDTH="56" HEIGHT="75" STYLEREFS="font0"/><SP WIDTH="18" VPOS="2582" HPOS="445"/><String ID="p255_w395" CONTENT="great" HPOS="463" VPOS="2582" WIDTH="90" HEIGHT="75" STYLEREFS="font0"/><SP WIDTH="16" VPOS="2582" HPOS="553"/><String ID="p255_w396" CONTENT="mufcle" HPOS="569" VPOS="2582" WIDTH="117" HEIGHT="75" STYLEREFS="font0"/><SP WIDTH="23" VPOS="2582" HPOS="686"/><String ID="p255_w397" CONTENT="of" HPOS="709" VPOS="2582" WIDTH="40" HEIGHT="75" STYLEREFS="font0"/><SP WIDTH="23" VPOS="2582" HPOS="749"/><String ID="p255_w398" CONTENT="the" HPOS="772" VPOS="2582" WIDTH="57" HEIGHT="75" STYLEREFS="font0"/><SP WIDTH="22" VPOS="2582" HPOS="829"/><String ID="p255_w399" CONTENT="diaphragm;" HPOS="851" VPOS="2582" WIDTH="208" HEIGHT="75" STYLEREFS="font0"/><SP WIDTH="26" VPOS="2582" HPOS="1059"/><String ID="p255_w400" CONTENT="the" HPOS="1085" VPOS="2582" WIDTH="56" HEIGHT="75" STYLEREFS="font0"/><SP WIDTH="17" VPOS="2582" HPOS="1141"/><String ID="p255_w401" CONTENT="o-" HPOS="1158" VPOS="2582" WIDTH="35" HEIGHT="75" STYLEREFS="font0"/></TextLine><TextLine WIDTH="1029" HEIGHT="75" ID="p255_t51" HPOS="164" VPOS="2628"><String ID="p255_w402" CONTENT="ther" HPOS="164" VPOS="2628" WIDTH="74" HEIGHT="75" STYLEREFS="font0"/><SP WIDTH="9" VPOS="2628" HPOS="238"/><String ID="p255_w403" CONTENT="fmall" HPOS="247" VPOS="2628" WIDTH="92" HEIGHT="75" STYLEREFS="font0"/><SP WIDTH="14" VPOS="2628" HPOS="339"/><String ID="p255_w404" CONTENT="and" HPOS="353" VPOS="2628" WIDTH="62" HEIGHT="75" STYLEREFS="font0"/><SP WIDTH="10" VPOS="2628" HPOS="415"/><String ID="p255_w405" CONTENT="inferior," HPOS="425" VPOS="2628" WIDTH="144" HEIGHT="75" STYLEREFS="font0"/><SP WIDTH="27" VPOS="2628" HPOS="569"/><String ID="p255_w406" CONTENT="appearing" HPOS="596" VPOS="2628" WIDTH="169" HEIGHT="75" STYLEREFS="font0"/><SP WIDTH="16" VPOS="2628" HPOS="765"/><String ID="p255_w407" CONTENT="like" HPOS="781" VPOS="2628" WIDTH="63" HEIGHT="75" STYLEREFS="font0"/><SP WIDTH="13" VPOS="2628" HPOS="844"/><String ID="p255_w408" CONTENT="an" HPOS="857" VPOS="2628" WIDTH="39" HEIGHT="75" STYLEREFS="font0"/><SP WIDTH="13" VPOS="2628" HPOS="896"/><String ID="p255_w409" CONTENT="appendix" HPOS="909" VPOS="2628" WIDTH="161" HEIGHT="75" STYLEREFS="font0"/><SP WIDTH="16" VPOS="2628" HPOS="1070"/><String ID="p255_w410" CONTENT="to" HPOS="1086" VPOS="2628" WIDTH="37" HEIGHT="75" STYLEREFS="font0"/><SP WIDTH="15" VPOS="2628" HPOS="1123"/><String ID="p255_w411" CONTENT="the" HPOS="1138" VPOS="2628" WIDTH="55" HEIGHT="75" STYLEREFS="font0"/></TextLine><TextLine WIDTH="1026" HEIGHT="75" ID="p255_t52" HPOS="166" VPOS="2672"><String ID="p255_w412" CONTENT="other," HPOS="166" VPOS="2672" WIDTH="105" HEIGHT="75" STYLEREFS="font0"/><SP WIDTH="25" VPOS="2672" HPOS="271"/><String ID="p255_w413" CONTENT="called" HPOS="296" VPOS="2672" WIDTH="105" HEIGHT="75" STYLEREFS="font0"/><SP WIDTH="21" VPOS="2672" HPOS="401"/><String ID="p255_w414" CONTENT="the" HPOS="422" VPOS="2672" WIDTH="57" HEIGHT="75" STYLEREFS="font0"/><SP WIDTH="25" VPOS="2672" HPOS="479"/><String ID="p255_w415" CONTENT="fmall" HPOS="504" VPOS="2672" WIDTH="89" HEIGHT="75" STYLEREFS="font0"/><SP WIDTH="29" VPOS="2672" HPOS="593"/><String ID="p255_w416" CONTENT="or" HPOS="622" VPOS="2672" WIDTH="36" HEIGHT="75" STYLEREFS="font0"/><SP WIDTH="23" VPOS="2672" HPOS="658"/><String ID="p255_w417" CONTENT="inferior" HPOS="681" VPOS="2672" WIDTH="131" HEIGHT="75" STYLEREFS="font0"/><SP WIDTH="23" VPOS="2672" HPOS="812"/><String ID="p255_w418" CONTENT="mufcle" HPOS="835" VPOS="2672" WIDTH="117" HEIGHT="75" STYLEREFS="font0"/><SP WIDTH="26" VPOS="2672" HPOS="952"/><String ID="p255_w419" CONTENT="of" HPOS="978" VPOS="2672" WIDTH="41" HEIGHT="75" STYLEREFS="font0"/><SP WIDTH="22" VPOS="2672" HPOS="1019"/><String ID="p255_w420" CONTENT="the" HPOS="1041" VPOS="2672" WIDTH="56" HEIGHT="75" STYLEREFS="font0"/><SP WIDTH="27" VPOS="2672" HPOS="1097"/><String ID="p255_w421" CONTENT="dia-" HPOS="1124" VPOS="2672" WIDTH="68" HEIGHT="75" STYLEREFS="font0"/></TextLine><TextLine WIDTH="146" HEIGHT="75" ID="p255_t53" HPOS="164" VPOS="2719"><String ID="p255_w422" CONTENT="phragm." HPOS="164" VPOS="2719" WIDTH="146" HEIGHT="75" STYLEREFS="font0"/></TextLine><TextLine WIDTH="979" HEIGHT="75" ID="p255_t54" HPOS="212" VPOS="2765"><String ID="p255_w423" CONTENT="The" HPOS="212" VPOS="2765" WIDTH="75" HEIGHT="75" STYLEREFS="font0"/><SP WIDTH="16" VPOS="2765" HPOS="287"/><String ID="p255_w424" CONTENT="great" HPOS="303" VPOS="2765" WIDTH="90" HEIGHT="75" STYLEREFS="font0"/><SP WIDTH="16" VPOS="2765" HPOS="393"/><String ID="p255_w425" CONTENT="or" HPOS="409" VPOS="2765" WIDTH="38" HEIGHT="75" STYLEREFS="font0"/><SP WIDTH="15" VPOS="2765" HPOS="447"/><String ID="p255_w426" CONTENT="principal" HPOS="462" VPOS="2765" WIDTH="151" HEIGHT="75" STYLEREFS="font0"/><SP WIDTH="17" VPOS="2765" HPOS="613"/><String ID="p255_w427" CONTENT="mufcle" HPOS="630" VPOS="2765" WIDTH="117" HEIGHT="75" STYLEREFS="font0"/><SP WIDTH="26" VPOS="2765" HPOS="747"/><String ID="p255_w428" CONTENT="is" HPOS="773" VPOS="2765" WIDTH="27" HEIGHT="75" STYLEREFS="font0"/><SP WIDTH="28" VPOS="2765" HPOS="800"/><String ID="p255_w429" CONTENT="fleftiy" HPOS="828" VPOS="2765" WIDTH="96" HEIGHT="75" STYLEREFS="font0"/><SP WIDTH="21" VPOS="2765" HPOS="924"/><String ID="p255_w430" CONTENT="in" HPOS="945" VPOS="2765" WIDTH="32" HEIGHT="75" STYLEREFS="font0"/><SP WIDTH="23" VPOS="2765" HPOS="977"/><String ID="p255_w431" CONTENT="its" HPOS="1000" VPOS="2765" WIDTH="41" HEIGHT="75" STYLEREFS="font0"/><SP WIDTH="16" VPOS="2765" HPOS="1041"/><String ID="p255_w432" CONTENT="circum-" HPOS="1057" VPOS="2765" WIDTH="134" HEIGHT="75" STYLEREFS="font0"/></TextLine><TextLine WIDTH="1025" HEIGHT="75" ID="p255_t55" HPOS="165" VPOS="2810"><String ID="p255_w433" CONTENT="ference," HPOS="165" VPOS="2810" WIDTH="137" HEIGHT="75" STYLEREFS="font0"/><SP WIDTH="26" VPOS="2810" HPOS="302"/><String ID="p255_w434" CONTENT="and" HPOS="328" VPOS="2810" WIDTH="63" HEIGHT="75" STYLEREFS="font0"/><SP WIDTH="16" VPOS="2810" HPOS="391"/><String ID="p255_w435" CONTENT="tendinous" HPOS="407" VPOS="2810" WIDTH="168" HEIGHT="75" STYLEREFS="font0"/><SP WIDTH="26" VPOS="2810" HPOS="575"/><String ID="p255_w436" CONTENT="and" HPOS="601" VPOS="2810" WIDTH="62" HEIGHT="75" STYLEREFS="font0"/><SP WIDTH="28" VPOS="2810" HPOS="663"/><String ID="p255_w437" CONTENT="aponeurotic" HPOS="691" VPOS="2810" WIDTH="205" HEIGHT="75" STYLEREFS="font0"/><SP WIDTH="26" VPOS="2810" HPOS="896"/><String ID="p255_w438" CONTENT="in" HPOS="922" VPOS="2810" WIDTH="32" HEIGHT="75" STYLEREFS="font0"/><SP WIDTH="22" VPOS="2810" HPOS="954"/><String ID="p255_w439" CONTENT="the" HPOS="976" VPOS="2810" WIDTH="58" HEIGHT="75" STYLEREFS="font0"/><SP WIDTH="24" VPOS="2810" HPOS="1034"/><String ID="p255_w440" CONTENT="middle," HPOS="1058" VPOS="2810" WIDTH="132" HEIGHT="75" STYLEREFS="font0"/></TextLine><TextLine WIDTH="1026" HEIGHT="75" ID="p255_t56" HPOS="164" VPOS="2855"><String ID="p255_w441" CONTENT="which," HPOS="164" VPOS="2855" WIDTH="118" HEIGHT="75" STYLEREFS="font0"/><SP WIDTH="32" VPOS="2855" HPOS="282"/><String ID="p255_w442" CONTENT="for" HPOS="314" VPOS="2855" WIDTH="54" HEIGHT="75" STYLEREFS="font0"/><SP WIDTH="21" VPOS="2855" HPOS="368"/><String ID="p255_w443" CONTENT="that" HPOS="389" VPOS="2855" WIDTH="72" HEIGHT="75" STYLEREFS="font0"/><SP WIDTH="27" VPOS="2855" HPOS="461"/><String ID="p255_w444" CONTENT="reafon," HPOS="488" VPOS="2855" WIDTH="122" HEIGHT="75" STYLEREFS="font0"/><SP WIDTH="34" VPOS="2855" HPOS="610"/><String ID="p255_w445" CONTENT="is" HPOS="644" VPOS="2855" WIDTH="26" HEIGHT="75" STYLEREFS="font0"/><SP WIDTH="34" VPOS="2855" HPOS="670"/><String ID="p255_w446" CONTENT="commonly" HPOS="704" VPOS="2855" WIDTH="182" HEIGHT="75" STYLEREFS="font0"/><SP WIDTH="27" VPOS="2855" HPOS="886"/><String ID="p255_w447" CONTENT="called" HPOS="913" VPOS="2855" WIDTH="104" HEIGHT="75" STYLEREFS="font0"/><SP WIDTH="25" VPOS="2855" HPOS="1017"/><String ID="p255_w448" CONTENT="centrum" HPOS="1042" VPOS="2855" WIDTH="148" HEIGHT="75" STYLEREFS="font0"/></TextLine><TextLine WIDTH="461" HEIGHT="75" ID="p255_t57" HPOS="164" VPOS="2902"><String ID="p255_w449" CONTENT="nervuum" HPOS="164" VPOS="2902" WIDTH="157" HEIGHT="75" STYLEREFS="font0"/><SP WIDTH="5" VPOS="2902" HPOS="321"/><String ID="p255_w450" CONTENT="five" HPOS="326" VPOS="2902" WIDTH="73" HEIGHT="75" STYLEREFS="font0"/><SP WIDTH="16" VPOS="2902" HPOS="399"/><String ID="p255_w451" CONTENT="tendinofum." HPOS="415" VPOS="2902" WIDTH="210" HEIGHT="75" STYLEREFS="font0"/></TextLine><TextLine WIDTH="982" HEIGHT="75" ID="p255_t58" HPOS="211" VPOS="2946"><String ID="p255_w452" CONTENT="The" HPOS="211" VPOS="2946" WIDTH="75" HEIGHT="75" STYLEREFS="font0"/><SP WIDTH="28" VPOS="2946" HPOS="286"/><String ID="p255_w453" CONTENT="flefliy" HPOS="314" VPOS="2946" WIDTH="95" HEIGHT="75" STYLEREFS="font0"/><SP WIDTH="25" VPOS="2946" HPOS="409"/><String ID="p255_w454" CONTENT="circumference" HPOS="434" VPOS="2946" WIDTH="246" HEIGHT="75" STYLEREFS="font0"/><SP WIDTH="26" VPOS="2946" HPOS="680"/><String ID="p255_w455" CONTENT="is" HPOS="706" VPOS="2946" WIDTH="26" HEIGHT="75" STYLEREFS="font0"/><SP WIDTH="30" VPOS="2946" HPOS="732"/><String ID="p255_w456" CONTENT="radiated," HPOS="762" VPOS="2946" WIDTH="155" HEIGHT="75" STYLEREFS="font0"/><SP WIDTH="31" VPOS="2946" HPOS="917"/><String ID="p255_w457" CONTENT="the" HPOS="948" VPOS="2946" WIDTH="55" HEIGHT="75" STYLEREFS="font0"/><SP WIDTH="28" VPOS="2946" HPOS="1003"/><String ID="p255_w458" CONTENT="fibres" HPOS="1031" VPOS="2946" WIDTH="92" HEIGHT="75" STYLEREFS="font0"/><SP WIDTH="29" VPOS="2946" HPOS="1123"/><String ID="p255_w459" CONTENT="of" HPOS="1152" VPOS="2946" WIDTH="41" HEIGHT="75" STYLEREFS="font0"/></TextLine><TextLine WIDTH="1023" HEIGHT="75" ID="p255_t59" HPOS="162" VPOS="2992"><String ID="p255_w460" CONTENT="which" HPOS="162" VPOS="2992" WIDTH="107" HEIGHT="75" STYLEREFS="font0"/><SP WIDTH="16" VPOS="2992" HPOS="269"/><String ID="p255_w461" CONTENT="it" HPOS="285" VPOS="2992" WIDTH="25" HEIGHT="75" STYLEREFS="font0"/><SP WIDTH="18" VPOS="2992" HPOS="310"/><String ID="p255_w462" CONTENT="rs" HPOS="328" VPOS="2992" WIDTH="25" HEIGHT="75" STYLEREFS="font0"/><SP WIDTH="18" VPOS="2992" HPOS="353"/><String ID="p255_w463" CONTENT="made" HPOS="371" VPOS="2992" WIDTH="91" HEIGHT="75" STYLEREFS="font0"/><SP WIDTH="18" VPOS="2992" HPOS="462"/><String ID="p255_w464" CONTENT="up" HPOS="480" VPOS="2992" WIDTH="40" HEIGHT="75" STYLEREFS="font0"/><SP WIDTH="17" VPOS="2992" HPOS="520"/><String ID="p255_w465" CONTENT="being" HPOS="537" VPOS="2992" WIDTH="93" HEIGHT="75" STYLEREFS="font0"/><SP WIDTH="22" VPOS="2992" HPOS="630"/><String ID="p255_w466" CONTENT="fixed" HPOS="652" VPOS="2992" WIDTH="89" HEIGHT="75" STYLEREFS="font0"/><SP WIDTH="15" VPOS="2992" HPOS="741"/><String ID="p255_w467" CONTENT="by" HPOS="756" VPOS="2992" WIDTH="44" HEIGHT="75" STYLEREFS="font0"/><SP WIDTH="15" VPOS="2992" HPOS="800"/><String ID="p255_w468" CONTENT="one" HPOS="815" VPOS="2992" WIDTH="61" HEIGHT="75" STYLEREFS="font0"/><SP WIDTH="17" VPOS="2992" HPOS="876"/><String ID="p255_w469" CONTENT="extremity" HPOS="893" VPOS="2992" WIDTH="174" HEIGHT="75" STYLEREFS="font0"/><SP WIDTH="11" VPOS="2992" HPOS="1067"/><String ID="p255_w470" CONTENT="to" HPOS="1078" VPOS="2992" WIDTH="35" HEIGHT="75" STYLEREFS="font0"/><SP WIDTH="17" VPOS="2992" HPOS="1113"/><String ID="p255_w471" CONTENT="the" HPOS="1130" VPOS="2992" WIDTH="55" HEIGHT="75" STYLEREFS="font0"/></TextLine><TextLine WIDTH="290" HEIGHT="75" ID="p255_t60" HPOS="212" VPOS="3040"><String ID="p255_w472" CONTENT="Vot." HPOS="212" VPOS="3040" WIDTH="93" HEIGHT="75" STYLEREFS="font0"/><SP WIDTH="19" VPOS="3040" HPOS="305"/><String ID="p255_w473" CONTENT="I." HPOS="324" VPOS="3040" WIDTH="30" HEIGHT="75" STYLEREFS="font0"/><SP WIDTH="24" VPOS="3040" HPOS="354"/><String ID="p255_w474" CONTENT="No." HPOS="378" VPOS="3040" WIDTH="71" HEIGHT="75" STYLEREFS="font0"/><SP WIDTH="20" VPOS="3040" HPOS="449"/><String ID="p255_w475" CONTENT="9." HPOS="469" VPOS="3040" WIDTH="33" HEIGHT="75" STYLEREFS="font0"/></TextLine><TextLine WIDTH="17" HEIGHT="75" ID="p255_t61" HPOS="1117" VPOS="3040"><String ID="p255_w476" CONTENT="3" HPOS="1117" VPOS="3040" WIDTH="17" HEIGHT="75" STYLEREFS="font0"/></TextLine><TextLine WIDTH="366" HEIGHT="75" ID="p255_t62" HPOS="1366" VPOS="158"><String ID="p255_w477" CONTENT="O" HPOS="1366" VPOS="158" WIDTH="38" HEIGHT="75" STYLEREFS="font0"/><SP WIDTH="118" VPOS="158" HPOS="1404"/><String ID="p255_w478" CONTENT="M" HPOS="1522" VPOS="158" WIDTH="48" HEIGHT="75" STYLEREFS="font0"/><SP WIDTH="114" VPOS="158" HPOS="1570"/><String ID="p255_w479" CONTENT="Y." HPOS="1684" VPOS="158" WIDTH="48" HEIGHT="75" STYLEREFS="font0"/></TextLine><TextLine WIDTH="77" HEIGHT="75" ID="p255_t63" HPOS="2201" VPOS="158"><String ID="p255_w480" CONTENT="213" HPOS="2201" VPOS="158" WIDTH="77" HEIGHT="75" STYLEREFS="font0"/></TextLine><TextLine WIDTH="1031" HEIGHT="75" ID="p255_t64" HPOS="1253" VPOS="230"><String ID="p255_w481" CONTENT="edge" HPOS="1253" VPOS="230" WIDTH="79" HEIGHT="75" STYLEREFS="font0"/><SP WIDTH="24" VPOS="230" HPOS="1332"/><String ID="p255_w482" CONTENT="of" HPOS="1356" VPOS="230" WIDTH="41" HEIGHT="75" STYLEREFS="font0"/><SP WIDTH="22" VPOS="230" HPOS="1397"/><String ID="p255_w483" CONTENT="the" HPOS="1419" VPOS="230" WIDTH="54" HEIGHT="75" STYLEREFS="font0"/><SP WIDTH="27" VPOS="230" HPOS="1473"/><String ID="p255_w484" CONTENT="middle" HPOS="1500" VPOS="230" WIDTH="120" HEIGHT="75" STYLEREFS="font0"/><SP WIDTH="30" VPOS="230" HPOS="1620"/><String ID="p255_w485" CONTENT="aponeurofis," HPOS="1650" VPOS="230" WIDTH="211" HEIGHT="75" STYLEREFS="font0"/><SP WIDTH="32" VPOS="230" HPOS="1861"/><String ID="p255_w486" CONTENT="and" HPOS="1893" VPOS="230" WIDTH="62" HEIGHT="75" STYLEREFS="font0"/><SP WIDTH="23" VPOS="230" HPOS="1955"/><String ID="p255_w487" CONTENT="by" HPOS="1978" VPOS="230" WIDTH="43" HEIGHT="75" STYLEREFS="font0"/><SP WIDTH="27" VPOS="230" HPOS="2021"/><String ID="p255_w488" CONTENT="the" HPOS="2048" VPOS="230" WIDTH="55" HEIGHT="75" STYLEREFS="font0"/><SP WIDTH="28" VPOS="230" HPOS="2103"/><String ID="p255_w489" CONTENT="other" HPOS="2131" VPOS="230" WIDTH="94" HEIGHT="75" STYLEREFS="font0"/><SP WIDTH="23" VPOS="230" HPOS="2225"/><String ID="p255_w490" CONTENT="to" HPOS="2248" VPOS="230" WIDTH="36" HEIGHT="75" STYLEREFS="font0"/></TextLine><TextLine WIDTH="1030" HEIGHT="75" ID="p255_t65" HPOS="1254" VPOS="275"><String ID="p255_w491" CONTENT="all" HPOS="1254" VPOS="275" WIDTH="42" HEIGHT="75" STYLEREFS="font0"/><SP WIDTH="17" VPOS="275" HPOS="1296"/><String ID="p255_w492" CONTENT="the" HPOS="1313" VPOS="275" WIDTH="55" HEIGHT="75" STYLEREFS="font0"/><SP WIDTH="17" VPOS="275" HPOS="1368"/><String ID="p255_w493" CONTENT="bafis" HPOS="1385" VPOS="275" WIDTH="77" HEIGHT="75" STYLEREFS="font0"/><SP WIDTH="29" VPOS="275" HPOS="1462"/><String ID="p255_w494" CONTENT="of" HPOS="1491" VPOS="275" WIDTH="40" HEIGHT="75" STYLEREFS="font0"/><SP WIDTH="21" VPOS="275" HPOS="1531"/><String ID="p255_w495" CONTENT="the" HPOS="1552" VPOS="275" WIDTH="56" HEIGHT="75" STYLEREFS="font0"/><SP WIDTH="17" VPOS="275" HPOS="1608"/><String ID="p255_w496" CONTENT="cavity" HPOS="1625" VPOS="275" WIDTH="105" HEIGHT="75" STYLEREFS="font0"/><SP WIDTH="16" VPOS="275" HPOS="1730"/><String ID="p255_w497" CONTENT="of" HPOS="1746" VPOS="275" WIDTH="40" HEIGHT="75" STYLEREFS="font0"/><SP WIDTH="21" VPOS="275" HPOS="1786"/><String ID="p255_w498" CONTENT="the" HPOS="1807" VPOS="275" WIDTH="56" HEIGHT="75" STYLEREFS="font0"/><SP WIDTH="16" VPOS="275" HPOS="1863"/><String ID="p255_w499" CONTENT="thorax," HPOS="1879" VPOS="275" WIDTH="132" HEIGHT="75" STYLEREFS="font0"/><SP WIDTH="25" VPOS="275" HPOS="2011"/><String ID="p255_w500" CONTENT="being" HPOS="2036" VPOS="275" WIDTH="93" HEIGHT="75" STYLEREFS="font0"/><SP WIDTH="16" VPOS="275" HPOS="2129"/><String ID="p255_w501" CONTENT="inferred" HPOS="2145" VPOS="275" WIDTH="139" HEIGHT="75" STYLEREFS="font0"/></TextLine><TextLine WIDTH="1031" HEIGHT="75" ID="p255_t66" HPOS="1252" VPOS="321"><String ID="p255_w502" CONTENT="by" HPOS="1252" VPOS="321" WIDTH="45" HEIGHT="75" STYLEREFS="font0"/><SP WIDTH="15" VPOS="321" HPOS="1297"/><String ID="p255_w503" CONTENT="digitations" HPOS="1312" VPOS="321" WIDTH="183" HEIGHT="75" STYLEREFS="font0"/><SP WIDTH="25" VPOS="321" HPOS="1495"/><String ID="p255_w504" CONTENT="in" HPOS="1520" VPOS="321" WIDTH="32" HEIGHT="75" STYLEREFS="font0"/><SP WIDTH="16" VPOS="321" HPOS="1552"/><String ID="p255_w505" CONTENT="the" HPOS="1568" VPOS="321" WIDTH="56" HEIGHT="75" STYLEREFS="font0"/><SP WIDTH="16" VPOS="321" HPOS="1624"/><String ID="p255_w506" CONTENT="lower" HPOS="1640" VPOS="321" WIDTH="99" HEIGHT="75" STYLEREFS="font0"/><SP WIDTH="16" VPOS="321" HPOS="1739"/><String ID="p255_w507" CONTENT="parts" HPOS="1755" VPOS="321" WIDTH="87" HEIGHT="75" STYLEREFS="font0"/><SP WIDTH="17" VPOS="321" HPOS="1842"/><String ID="p255_w508" CONTENT="of" HPOS="1859" VPOS="321" WIDTH="40" HEIGHT="75" STYLEREFS="font0"/><SP WIDTH="11" VPOS="321" HPOS="1899"/><String ID="p255_w509" CONTENT="the" HPOS="1910" VPOS="321" WIDTH="55" HEIGHT="75" STYLEREFS="font0"/><SP WIDTH="17" VPOS="321" HPOS="1965"/><String ID="p255_w510" CONTENT="appendix" HPOS="1982" VPOS="321" WIDTH="160" HEIGHT="75" STYLEREFS="font0"/><SP WIDTH="27" VPOS="321" HPOS="2142"/><String ID="p255_w511" CONTENT="of" HPOS="2169" VPOS="321" WIDTH="40" HEIGHT="75" STYLEREFS="font0"/><SP WIDTH="19" VPOS="321" HPOS="2209"/><String ID="p255_w512" CONTENT="the" HPOS="2228" VPOS="321" WIDTH="55" HEIGHT="75" STYLEREFS="font0"/></TextLine><TextLine WIDTH="1028" HEIGHT="75" ID="p255_t67" HPOS="1252" VPOS="367"><String ID="p255_w513" CONTENT="fternum," HPOS="1252" VPOS="367" WIDTH="149" HEIGHT="75" STYLEREFS="font0"/><SP WIDTH="25" VPOS="367" HPOS="1401"/><String ID="p255_w514" CONTENT="of" HPOS="1426" VPOS="367" WIDTH="40" HEIGHT="75" STYLEREFS="font0"/><SP WIDTH="21" VPOS="367" HPOS="1466"/><String ID="p255_w515" CONTENT="the" HPOS="1487" VPOS="367" WIDTH="56" HEIGHT="75" STYLEREFS="font0"/><SP WIDTH="22" VPOS="367" HPOS="1543"/><String ID="p255_w516" CONTENT="loweft" HPOS="1565" VPOS="367" WIDTH="110" HEIGHT="75" STYLEREFS="font0"/><SP WIDTH="15" VPOS="367" HPOS="1675"/><String ID="p255_w517" CONTENT="true" HPOS="1690" VPOS="367" WIDTH="72" HEIGHT="75" STYLEREFS="font0"/><SP WIDTH="18" VPOS="367" HPOS="1762"/><String ID="p255_w518" CONTENT="ribs," HPOS="1780" VPOS="367" WIDTH="77" HEIGHT="75" STYLEREFS="font0"/><SP WIDTH="26" VPOS="367" HPOS="1857"/><String ID="p255_w519" CONTENT="of" HPOS="1883" VPOS="367" WIDTH="41" HEIGHT="75" STYLEREFS="font0"/><SP WIDTH="22" VPOS="367" HPOS="1924"/><String ID="p255_w520" CONTENT="all" HPOS="1946" VPOS="367" WIDTH="43" HEIGHT="75" STYLEREFS="font0"/><SP WIDTH="27" VPOS="367" HPOS="1989"/><String ID="p255_w521" CONTENT="the" HPOS="2016" VPOS="367" WIDTH="55" HEIGHT="75" STYLEREFS="font0"/><SP WIDTH="27" VPOS="367" HPOS="2071"/><String ID="p255_w522" CONTENT="falfe" HPOS="2098" VPOS="367" WIDTH="78" HEIGHT="75" STYLEREFS="font0"/><SP WIDTH="28" VPOS="367" HPOS="2176"/><String ID="p255_w523" CONTENT="ribs," HPOS="2204" VPOS="367" WIDTH="76" HEIGHT="75" STYLEREFS="font0"/></TextLine><TextLine WIDTH="626" HEIGHT="75" ID="p255_t68" HPOS="1254" VPOS="413"><String ID="p255_w524" CONTENT="and" HPOS="1254" VPOS="413" WIDTH="61" HEIGHT="75" STYLEREFS="font0"/><SP WIDTH="16" VPOS="413" HPOS="1315"/><String ID="p255_w525" CONTENT="in" HPOS="1331" VPOS="413" WIDTH="31" HEIGHT="75" STYLEREFS="font0"/><SP WIDTH="23" VPOS="413" HPOS="1362"/><String ID="p255_w526" CONTENT="the" HPOS="1385" VPOS="413" WIDTH="57" HEIGHT="75" STYLEREFS="font0"/><SP WIDTH="23" VPOS="413" HPOS="1442"/><String ID="p255_w527" CONTENT="neighbouring" HPOS="1465" VPOS="413" WIDTH="233" HEIGHT="75" STYLEREFS="font0"/><SP WIDTH="15" VPOS="413" HPOS="1698"/><String ID="p255_w528" CONTENT="vertebrae." HPOS="1713" VPOS="413" WIDTH="167" HEIGHT="75" STYLEREFS="font0"/></TextLine><TextLine WIDTH="997" HEIGHT="75" ID="p255_t69" HPOS="1300" VPOS="460"><String ID="p255_w529" CONTENT="We" HPOS="1300" VPOS="460" WIDTH="66" HEIGHT="75" STYLEREFS="font0"/><SP WIDTH="16" VPOS="460" HPOS="1366"/><String ID="p255_w530" CONTENT="have" HPOS="1382" VPOS="460" WIDTH="80" HEIGHT="75" STYLEREFS="font0"/><SP WIDTH="16" VPOS="460" HPOS="1462"/><String ID="p255_w531" CONTENT="therefore" HPOS="1478" VPOS="460" WIDTH="161" HEIGHT="75" STYLEREFS="font0"/><SP WIDTH="16" VPOS="460" HPOS="1639"/><String ID="p255_w532" CONTENT="three" HPOS="1655" VPOS="460" WIDTH="91" HEIGHT="75" STYLEREFS="font0"/><SP WIDTH="16" VPOS="460" HPOS="1746"/><String ID="p255_w533" CONTENT="kinds" HPOS="1762" VPOS="460" WIDTH="92" HEIGHT="75" STYLEREFS="font0"/><SP WIDTH="14" VPOS="460" HPOS="1854"/><String ID="p255_w534" CONTENT="of" HPOS="1868" VPOS="460" WIDTH="39" HEIGHT="75" STYLEREFS="font0"/><SP WIDTH="11" VPOS="460" HPOS="1907"/><String ID="p255_w535" CONTENT="infertions" HPOS="1918" VPOS="460" WIDTH="167" HEIGHT="75" STYLEREFS="font0"/><SP WIDTH="12" VPOS="460" HPOS="2085"/><String ID="p255_w536" CONTENT=";" HPOS="2097" VPOS="460" WIDTH="10" HEIGHT="75" STYLEREFS="font0"/><SP WIDTH="26" VPOS="460" HPOS="2107"/><String ID="p255_w537" CONTENT="one" HPOS="2133" VPOS="460" WIDTH="60" HEIGHT="75" STYLEREFS="font0"/><SP WIDTH="11" VPOS="460" HPOS="2193"/><String ID="p255_w538" CONTENT="fter-." HPOS="2204" VPOS="460" WIDTH="93" HEIGHT="75" STYLEREFS="font0"/></TextLine><TextLine WIDTH="1028" HEIGHT="75" ID="p255_t70" HPOS="1252" VPOS="505"><String ID="p255_w539" CONTENT="nal;" HPOS="1252" VPOS="505" WIDTH="78" HEIGHT="75" STYLEREFS="font0"/><SP WIDTH="27" VPOS="505" HPOS="1330"/><String ID="p255_w540" CONTENT="twelve" HPOS="1357" VPOS="505" WIDTH="115" HEIGHT="75" STYLEREFS="font0"/><SP WIDTH="16" VPOS="505" HPOS="1472"/><String ID="p255_w541" CONTENT="coftal," HPOS="1488" VPOS="505" WIDTH="108" HEIGHT="75" STYLEREFS="font0"/><SP WIDTH="25" VPOS="505" HPOS="1596"/><String ID="p255_w542" CONTENT="fix" HPOS="1621" VPOS="505" WIDTH="48" HEIGHT="75" STYLEREFS="font0"/><SP WIDTH="16" VPOS="505" HPOS="1669"/><String ID="p255_w543" CONTENT="on" HPOS="1685" VPOS="505" WIDTH="42" HEIGHT="75" STYLEREFS="font0"/><SP WIDTH="14" VPOS="505" HPOS="1727"/><String ID="p255_w544" CONTENT="each" HPOS="1741" VPOS="505" WIDTH="79" HEIGHT="75" STYLEREFS="font0"/><SP WIDTH="16" VPOS="505" HPOS="1820"/><String ID="p255_w545" CONTENT="fide;" HPOS="1836" VPOS="505" WIDTH="85" HEIGHT="75" STYLEREFS="font0"/><SP WIDTH="27" VPOS="505" HPOS="1921"/><String ID="p255_w546" CONTENT="and" HPOS="1948" VPOS="505" WIDTH="62" HEIGHT="75" STYLEREFS="font0"/><SP WIDTH="16" VPOS="505" HPOS="2010"/><String ID="p255_w547" CONTENT="two" HPOS="2026" VPOS="505" WIDTH="66" HEIGHT="75" STYLEREFS="font0"/><SP WIDTH="15" VPOS="505" HPOS="2092"/><String ID="p255_w548" CONTENT="vertebral," HPOS="2107" VPOS="505" WIDTH="173" HEIGHT="75" STYLEREFS="font0"/></TextLine><TextLine WIDTH="1026" HEIGHT="75" ID="p255_t71" HPOS="1253" VPOS="552"><String ID="p255_w549" CONTENT="one" HPOS="1253" VPOS="552" WIDTH="60" HEIGHT="75" STYLEREFS="font0"/><SP WIDTH="17" VPOS="552" HPOS="1313"/><String ID="p255_w550" CONTENT="on" HPOS="1330" VPOS="552" WIDTH="41" HEIGHT="75" STYLEREFS="font0"/><SP WIDTH="17" VPOS="552" HPOS="1371"/><String ID="p255_w551" CONTENT="each" HPOS="1388" VPOS="552" WIDTH="77" HEIGHT="75" STYLEREFS="font0"/><SP WIDTH="17" VPOS="552" HPOS="1465"/><String ID="p255_w552" CONTENT="fide." HPOS="1482" VPOS="552" WIDTH="75" HEIGHT="75" STYLEREFS="font0"/><SP WIDTH="47" VPOS="552" HPOS="1557"/><String ID="p255_w553" CONTENT="Thefe" HPOS="1604" VPOS="552" WIDTH="108" HEIGHT="75" STYLEREFS="font0"/><SP WIDTH="17" VPOS="552" HPOS="1712"/><String ID="p255_w554" CONTENT="laft" HPOS="1729" VPOS="552" WIDTH="57" HEIGHT="75" STYLEREFS="font0"/><SP WIDTH="16" VPOS="552" HPOS="1786"/><String ID="p255_w555" CONTENT="are" HPOS="1802" VPOS="552" WIDTH="53" HEIGHT="75" STYLEREFS="font0"/><SP WIDTH="15" VPOS="552" HPOS="1855"/><String ID="p255_w556" CONTENT="very" HPOS="1870" VPOS="552" WIDTH="80" HEIGHT="75" STYLEREFS="font0"/><SP WIDTH="23" VPOS="552" HPOS="1950"/><String ID="p255_w557" CONTENT="fmall," HPOS="1973" VPOS="552" WIDTH="103" HEIGHT="75" STYLEREFS="font0"/><SP WIDTH="26" VPOS="552" HPOS="2076"/><String ID="p255_w558" CONTENT="and" HPOS="2102" VPOS="552" WIDTH="62" HEIGHT="75" STYLEREFS="font0"/><SP WIDTH="14" VPOS="552" HPOS="2164"/><String ID="p255_w559" CONTENT="fome-" HPOS="2178" VPOS="552" WIDTH="101" HEIGHT="75" STYLEREFS="font0"/></TextLine><TextLine WIDTH="1029" HEIGHT="75" ID="p255_t72" HPOS="1252" VPOS="598"><String ID="p255_w560" CONTENT="times" HPOS="1252" VPOS="598" WIDTH="93" HEIGHT="75" STYLEREFS="font0"/><SP WIDTH="16" VPOS="598" HPOS="1345"/><String ID="p255_w561" CONTENT="fcarcely" HPOS="1361" VPOS="598" WIDTH="138" HEIGHT="75" STYLEREFS="font0"/><SP WIDTH="22" VPOS="598" HPOS="1499"/><String ID="p255_w562" CONTENT="perceivable." HPOS="1521" VPOS="598" WIDTH="217" HEIGHT="75" STYLEREFS="font0"/><SP WIDTH="54" VPOS="598" HPOS="1738"/><String ID="p255_w563" CONTENT="The" HPOS="1792" VPOS="598" WIDTH="78" HEIGHT="75" STYLEREFS="font0"/><SP WIDTH="27" VPOS="598" HPOS="1870"/><String ID="p255_w564" CONTENT="coftal" HPOS="1897" VPOS="598" WIDTH="97" HEIGHT="75" STYLEREFS="font0"/><SP WIDTH="27" VPOS="598" HPOS="1994"/><String ID="p255_w565" CONTENT="infertions" HPOS="2021" VPOS="598" WIDTH="165" HEIGHT="75" STYLEREFS="font0"/><SP WIDTH="25" VPOS="598" HPOS="2186"/><String ID="p255_w566" CONTENT="join" HPOS="2211" VPOS="598" WIDTH="70" HEIGHT="75" STYLEREFS="font0"/></TextLine><TextLine WIDTH="1027" HEIGHT="75" ID="p255_t73" HPOS="1253" VPOS="644"><String ID="p255_w567" CONTENT="thofe" HPOS="1253" VPOS="644" WIDTH="90" HEIGHT="75" STYLEREFS="font0"/><SP WIDTH="16" VPOS="644" HPOS="1343"/><String ID="p255_w568" CONTENT="of" HPOS="1359" VPOS="644" WIDTH="40" HEIGHT="75" STYLEREFS="font0"/><SP WIDTH="13" VPOS="644" HPOS="1399"/><String ID="p255_w569" CONTENT="the" HPOS="1412" VPOS="644" WIDTH="55" HEIGHT="75" STYLEREFS="font0"/><SP WIDTH="17" VPOS="644" HPOS="1467"/><String ID="p255_w570" CONTENT="tranfverfalis" HPOS="1484" VPOS="644" WIDTH="212" HEIGHT="75" STYLEREFS="font0"/><SP WIDTH="18" VPOS="644" HPOS="1696"/><String ID="p255_w571" CONTENT="abdominis," HPOS="1714" VPOS="644" WIDTH="190" HEIGHT="75" STYLEREFS="font0"/><SP WIDTH="16" VPOS="644" HPOS="1904"/><String ID="p255_w572" CONTENT="but" HPOS="1920" VPOS="644" WIDTH="58" HEIGHT="75" STYLEREFS="font0"/><SP WIDTH="17" VPOS="644" HPOS="1978"/><String ID="p255_w573" CONTENT="do" HPOS="1995" VPOS="644" WIDTH="43" HEIGHT="75" STYLEREFS="font0"/><SP WIDTH="11" VPOS="644" HPOS="2038"/><String ID="p255_w574" CONTENT="not" HPOS="2049" VPOS="644" WIDTH="57" HEIGHT="75" STYLEREFS="font0"/><SP WIDTH="16" VPOS="644" HPOS="2106"/><String ID="p255_w575" CONTENT="mix" HPOS="2122" VPOS="644" WIDTH="68" HEIGHT="75" STYLEREFS="font0"/><SP WIDTH="12" VPOS="644" HPOS="2190"/><String ID="p255_w576" CONTENT="with" HPOS="2202" VPOS="644" WIDTH="78" HEIGHT="75" STYLEREFS="font0"/></TextLine><TextLine WIDTH="1028" HEIGHT="75" ID="p255_t74" HPOS="1252" VPOS="690"><String ID="p255_w577" CONTENT="them," HPOS="1252" VPOS="690" WIDTH="100" HEIGHT="75" STYLEREFS="font0"/><SP WIDTH="26" VPOS="690" HPOS="1352"/><String ID="p255_w578" CONTENT="as" HPOS="1378" VPOS="690" WIDTH="33" HEIGHT="75" STYLEREFS="font0"/><SP WIDTH="17" VPOS="690" HPOS="1411"/><String ID="p255_w579" CONTENT="they" HPOS="1428" VPOS="690" WIDTH="77" HEIGHT="75" STYLEREFS="font0"/><SP WIDTH="16" VPOS="690" HPOS="1505"/><String ID="p255_w580" CONTENT="feem" HPOS="1521" VPOS="690" WIDTH="83" HEIGHT="75" STYLEREFS="font0"/><SP WIDTH="17" VPOS="690" HPOS="1604"/><String ID="p255_w581" CONTENT="to" HPOS="1621" VPOS="690" WIDTH="33" HEIGHT="75" STYLEREFS="font0"/><SP WIDTH="25" VPOS="690" HPOS="1654"/><String ID="p255_w582" CONTENT="do" HPOS="1679" VPOS="690" WIDTH="43" HEIGHT="75" STYLEREFS="font0"/><SP WIDTH="23" VPOS="690" HPOS="1722"/><String ID="p255_w583" CONTENT="before" HPOS="1745" VPOS="690" WIDTH="112" HEIGHT="75" STYLEREFS="font0"/><SP WIDTH="29" VPOS="690" HPOS="1857"/><String ID="p255_w584" CONTENT="the" HPOS="1886" VPOS="690" WIDTH="55" HEIGHT="75" STYLEREFS="font0"/><SP WIDTH="27" VPOS="690" HPOS="1941"/><String ID="p255_w585" CONTENT="membrane" HPOS="1968" VPOS="690" WIDTH="182" HEIGHT="75" STYLEREFS="font0"/><SP WIDTH="24" VPOS="690" HPOS="2150"/><String ID="p255_w586" CONTENT="which" HPOS="2174" VPOS="690" WIDTH="106" HEIGHT="75" STYLEREFS="font0"/></TextLine><TextLine WIDTH="446" HEIGHT="75" ID="p255_t75" HPOS="1253" VPOS="736"><String ID="p255_w587" CONTENT="covers" HPOS="1253" VPOS="736" WIDTH="109" HEIGHT="75" STYLEREFS="font0"/><SP WIDTH="17" VPOS="736" HPOS="1362"/><String ID="p255_w588" CONTENT="them" HPOS="1379" VPOS="736" WIDTH="89" HEIGHT="75" STYLEREFS="font0"/><SP WIDTH="23" VPOS="736" HPOS="1468"/><String ID="p255_w589" CONTENT="is" HPOS="1491" VPOS="736" WIDTH="27" HEIGHT="75" STYLEREFS="font0"/><SP WIDTH="18" VPOS="736" HPOS="1518"/><String ID="p255_w590" CONTENT="removed." HPOS="1536" VPOS="736" WIDTH="163" HEIGHT="75" STYLEREFS="font0"/></TextLine><TextLine WIDTH="983" HEIGHT="75" ID="p255_t76" HPOS="1297" VPOS="783"><String ID="p255_w591" CONTENT="The" HPOS="1297" VPOS="783" WIDTH="77" HEIGHT="75" STYLEREFS="font0"/><SP WIDTH="27" VPOS="783" HPOS="1374"/><String ID="p255_w592" CONTENT="fibres" HPOS="1401" VPOS="783" WIDTH="95" HEIGHT="75" STYLEREFS="font0"/><SP WIDTH="16" VPOS="783" HPOS="1496"/><String ID="p255_w593" CONTENT="inferred" HPOS="1512" VPOS="783" WIDTH="140" HEIGHT="75" STYLEREFS="font0"/><SP WIDTH="25" VPOS="783" HPOS="1652"/><String ID="p255_w594" CONTENT="in" HPOS="1677" VPOS="783" WIDTH="33" HEIGHT="75" STYLEREFS="font0"/><SP WIDTH="25" VPOS="783" HPOS="1710"/><String ID="p255_w595" CONTENT="the" HPOS="1735" VPOS="783" WIDTH="56" HEIGHT="75" STYLEREFS="font0"/><SP WIDTH="27" VPOS="783" HPOS="1791"/><String ID="p255_w596" CONTENT="appendix" HPOS="1818" VPOS="783" WIDTH="162" HEIGHT="75" STYLEREFS="font0"/><SP WIDTH="26" VPOS="783" HPOS="1980"/><String ID="p255_w597" CONTENT="enfiformis," HPOS="2006" VPOS="783" WIDTH="188" HEIGHT="75" STYLEREFS="font0"/><SP WIDTH="26" VPOS="783" HPOS="2194"/><String ID="p255_w598" CONTENT="run" HPOS="2220" VPOS="783" WIDTH="60" HEIGHT="75" STYLEREFS="font0"/></TextLine><TextLine WIDTH="1028" HEIGHT="75" ID="p255_t77" HPOS="1251" VPOS="829"><String ID="p255_w599" CONTENT="from" HPOS="1251" VPOS="829" WIDTH="85" HEIGHT="75" STYLEREFS="font0"/><SP WIDTH="16" VPOS="829" HPOS="1336"/><String ID="p255_w600" CONTENT="behind" HPOS="1352" VPOS="829" WIDTH="120" HEIGHT="75" STYLEREFS="font0"/><SP WIDTH="14" VPOS="829" HPOS="1472"/><String ID="p255_w601" CONTENT="direftly" HPOS="1486" VPOS="829" WIDTH="135" HEIGHT="75" STYLEREFS="font0"/><SP WIDTH="15" VPOS="829" HPOS="1621"/><String ID="p255_w602" CONTENT="forward," HPOS="1636" VPOS="829" WIDTH="154" HEIGHT="75" STYLEREFS="font0"/><SP WIDTH="25" VPOS="829" HPOS="1790"/><String ID="p255_w603" CONTENT="and" HPOS="1815" VPOS="829" WIDTH="64" HEIGHT="75" STYLEREFS="font0"/><SP WIDTH="18" VPOS="829" HPOS="1879"/><String ID="p255_w604" CONTENT="form" HPOS="1897" VPOS="829" WIDTH="86" HEIGHT="75" STYLEREFS="font0"/><SP WIDTH="17" VPOS="829" HPOS="1983"/><String ID="p255_w605" CONTENT="a" HPOS="2000" VPOS="829" WIDTH="19" HEIGHT="75" STYLEREFS="font0"/><SP WIDTH="15" VPOS="829" HPOS="2019"/><String ID="p255_w606" CONTENT="fmall" HPOS="2034" VPOS="829" WIDTH="89" HEIGHT="75" STYLEREFS="font0"/><SP WIDTH="25" VPOS="829" HPOS="2123"/><String ID="p255_w607" CONTENT="parallel" HPOS="2148" VPOS="829" WIDTH="131" HEIGHT="75" STYLEREFS="font0"/></TextLine><TextLine WIDTH="104" HEIGHT="75" ID="p255_t78" HPOS="1251" VPOS="874"><String ID="p255_w608" CONTENT="plane." HPOS="1251" VPOS="874" WIDTH="104" HEIGHT="75" STYLEREFS="font0"/></TextLine><TextLine WIDTH="982" HEIGHT="75" ID="p255_t79" HPOS="1297" VPOS="921"><String ID="p255_w609" CONTENT="The" HPOS="1297" VPOS="921" WIDTH="77" HEIGHT="75" STYLEREFS="font0"/><SP WIDTH="22" VPOS="921" HPOS="1374"/><String ID="p255_w610" CONTENT="firft" HPOS="1396" VPOS="921" WIDTH="65" HEIGHT="75" STYLEREFS="font0"/><SP WIDTH="16" VPOS="921" HPOS="1461"/><String ID="p255_w611" CONTENT="coftal" HPOS="1477" VPOS="921" WIDTH="96" HEIGHT="75" STYLEREFS="font0"/><SP WIDTH="24" VPOS="921" HPOS="1573"/><String ID="p255_w612" CONTENT="infertion" HPOS="1597" VPOS="921" WIDTH="151" HEIGHT="75" STYLEREFS="font0"/><SP WIDTH="30" VPOS="921" HPOS="1748"/><String ID="p255_w613" CONTENT="runs" HPOS="1778" VPOS="921" WIDTH="74" HEIGHT="75" STYLEREFS="font0"/><SP WIDTH="29" VPOS="921" HPOS="1852"/><String ID="p255_w614" CONTENT="a" HPOS="1881" VPOS="921" WIDTH="18" HEIGHT="75" STYLEREFS="font0"/><SP WIDTH="26" VPOS="921" HPOS="1899"/><String ID="p255_w615" CONTENT="little" HPOS="1925" VPOS="921" WIDTH="84" HEIGHT="75" STYLEREFS="font0"/><SP WIDTH="27" VPOS="921" HPOS="2009"/><String ID="p255_w616" CONTENT="obliquely" HPOS="2036" VPOS="921" WIDTH="167" HEIGHT="75" STYLEREFS="font0"/><SP WIDTH="25" VPOS="921" HPOS="2203"/><String ID="p255_w617" CONTENT="to-" HPOS="2228" VPOS="921" WIDTH="51" HEIGHT="75" STYLEREFS="font0"/></TextLine><TextLine WIDTH="1029" HEIGHT="75" ID="p255_t80" HPOS="1251" VPOS="967"><String ID="p255_w618" CONTENT="wards" HPOS="1251" VPOS="967" WIDTH="103" HEIGHT="75" STYLEREFS="font0"/><SP WIDTH="17" VPOS="967" HPOS="1354"/><String ID="p255_w619" CONTENT="the" HPOS="1371" VPOS="967" WIDTH="56" HEIGHT="75" STYLEREFS="font0"/><SP WIDTH="17" VPOS="967" HPOS="1427"/><String ID="p255_w620" CONTENT="cartilage" HPOS="1444" VPOS="967" WIDTH="151" HEIGHT="75" STYLEREFS="font0"/><SP WIDTH="16" VPOS="967" HPOS="1595"/><String ID="p255_w621" CONTENT="of" HPOS="1611" VPOS="967" WIDTH="40" HEIGHT="75" STYLEREFS="font0"/><SP WIDTH="11" VPOS="967" HPOS="1651"/><String ID="p255_w622" CONTENT="the" HPOS="1662" VPOS="967" WIDTH="56" HEIGHT="75" STYLEREFS="font0"/><SP WIDTH="16" VPOS="967" HPOS="1718"/><String ID="p255_w623" CONTENT="feventh" HPOS="1734" VPOS="967" WIDTH="130" HEIGHT="75" STYLEREFS="font0"/><SP WIDTH="18" VPOS="967" HPOS="1864"/><String ID="p255_w624" CONTENT="true" HPOS="1882" VPOS="967" WIDTH="71" HEIGHT="75" STYLEREFS="font0"/><SP WIDTH="27" VPOS="967" HPOS="1953"/><String ID="p255_w625" CONTENT="rib," HPOS="1980" VPOS="967" WIDTH="62" HEIGHT="75" STYLEREFS="font0"/><SP WIDTH="27" VPOS="967" HPOS="2042"/><String ID="p255_w626" CONTENT="a" HPOS="2069" VPOS="967" WIDTH="18" HEIGHT="75" STYLEREFS="font0"/><SP WIDTH="16" VPOS="967" HPOS="2087"/><String ID="p255_w627" CONTENT="triangular" HPOS="2103" VPOS="967" WIDTH="177" HEIGHT="75" STYLEREFS="font0"/></TextLine><TextLine WIDTH="1029" HEIGHT="75" ID="p255_t81" HPOS="1251" VPOS="1013"><String ID="p255_w628" CONTENT="fpace" HPOS="1251" VPOS="1013" WIDTH="89" HEIGHT="75" STYLEREFS="font0"/><SP WIDTH="16" VPOS="1013" HPOS="1340"/><String ID="p255_w629" CONTENT="being" HPOS="1356" VPOS="1013" WIDTH="95" HEIGHT="75" STYLEREFS="font0"/><SP WIDTH="14" VPOS="1013" HPOS="1451"/><String ID="p255_w630" CONTENT="left" HPOS="1465" VPOS="1013" WIDTH="62" HEIGHT="75" STYLEREFS="font0"/><SP WIDTH="16" VPOS="1013" HPOS="1527"/><String ID="p255_w631" CONTENT="between" HPOS="1543" VPOS="1013" WIDTH="143" HEIGHT="75" STYLEREFS="font0"/><SP WIDTH="16" VPOS="1013" HPOS="1686"/><String ID="p255_w632" CONTENT="this" HPOS="1702" VPOS="1013" WIDTH="64" HEIGHT="75" STYLEREFS="font0"/><SP WIDTH="18" VPOS="1013" HPOS="1766"/><String ID="p255_w633" CONTENT="and" HPOS="1784" VPOS="1013" WIDTH="62" HEIGHT="75" STYLEREFS="font0"/><SP WIDTH="17" VPOS="1013" HPOS="1846"/><String ID="p255_w634" CONTENT="the" HPOS="1863" VPOS="1013" WIDTH="56" HEIGHT="75" STYLEREFS="font0"/><SP WIDTH="17" VPOS="1013" HPOS="1919"/><String ID="p255_w635" CONTENT="fternal" HPOS="1936" VPOS="1013" WIDTH="112" HEIGHT="75" STYLEREFS="font0"/><SP WIDTH="16" VPOS="1013" HPOS="2048"/><String ID="p255_w636" CONTENT="infertion," HPOS="2064" VPOS="1013" WIDTH="163" HEIGHT="75" STYLEREFS="font0"/><SP WIDTH="19" VPOS="1013" HPOS="2227"/><String ID="p255_w637" CONTENT="at" HPOS="2246" VPOS="1013" WIDTH="34" HEIGHT="75" STYLEREFS="font0"/></TextLine><TextLine WIDTH="1028" HEIGHT="75" ID="p255_t82" HPOS="1251" VPOS="1059"><String ID="p255_w638" CONTENT="which" HPOS="1251" VPOS="1059" WIDTH="105" HEIGHT="75" STYLEREFS="font0"/><SP WIDTH="26" VPOS="1059" HPOS="1356"/><String ID="p255_w639" CONTENT="the" HPOS="1382" VPOS="1059" WIDTH="55" HEIGHT="75" STYLEREFS="font0"/><SP WIDTH="28" VPOS="1059" HPOS="1437"/><String ID="p255_w640" CONTENT="pleura" HPOS="1465" VPOS="1059" WIDTH="112" HEIGHT="75" STYLEREFS="font0"/><SP WIDTH="15" VPOS="1059" HPOS="1577"/><String ID="p255_w641" CONTENT="and" HPOS="1592" VPOS="1059" WIDTH="64" HEIGHT="75" STYLEREFS="font0"/><SP WIDTH="15" VPOS="1059" HPOS="1656"/><String ID="p255_w642" CONTENT="peritonaeum" HPOS="1671" VPOS="1059" WIDTH="206" HEIGHT="75" STYLEREFS="font0"/><SP WIDTH="16" VPOS="1059" HPOS="1877"/><String ID="p255_w643" CONTENT="meet." HPOS="1893" VPOS="1059" WIDTH="96" HEIGHT="75" STYLEREFS="font0"/><SP WIDTH="48" VPOS="1059" HPOS="1989"/><String ID="p255_w644" CONTENT="The" HPOS="2037" VPOS="1059" WIDTH="77" HEIGHT="75" STYLEREFS="font0"/><SP WIDTH="16" VPOS="1059" HPOS="2114"/><String ID="p255_w645" CONTENT="infertion" HPOS="2130" VPOS="1059" WIDTH="149" HEIGHT="75" STYLEREFS="font0"/></TextLine><TextLine WIDTH="1027" HEIGHT="75" ID="p255_t83" HPOS="1252" VPOS="1106"><String ID="p255_w646" CONTENT="of" HPOS="1252" VPOS="1106" WIDTH="39" HEIGHT="75" STYLEREFS="font0"/><SP WIDTH="11" VPOS="1106" HPOS="1291"/><String ID="p255_w647" CONTENT="thefe" HPOS="1302" VPOS="1106" WIDTH="88" HEIGHT="75" STYLEREFS="font0"/><SP WIDTH="16" VPOS="1106" HPOS="1390"/><String ID="p255_w648" CONTENT="fibres" HPOS="1406" VPOS="1106" WIDTH="94" HEIGHT="75" STYLEREFS="font0"/><SP WIDTH="16" VPOS="1106" HPOS="1500"/><String ID="p255_w649" CONTENT="is" HPOS="1516" VPOS="1106" WIDTH="27" HEIGHT="75" STYLEREFS="font0"/><SP WIDTH="16" VPOS="1106" HPOS="1543"/><String ID="p255_w650" CONTENT="very" HPOS="1559" VPOS="1106" WIDTH="78" HEIGHT="75" STYLEREFS="font0"/><SP WIDTH="16" VPOS="1106" HPOS="1637"/><String ID="p255_w651" CONTENT="broad," HPOS="1653" VPOS="1106" WIDTH="113" HEIGHT="75" STYLEREFS="font0"/><SP WIDTH="29" VPOS="1106" HPOS="1766"/><String ID="p255_w652" CONTENT="taking" HPOS="1795" VPOS="1106" WIDTH="110" HEIGHT="75" STYLEREFS="font0"/><SP WIDTH="16" VPOS="1106" HPOS="1905"/><String ID="p255_w653" CONTENT="up" HPOS="1921" VPOS="1106" WIDTH="42" HEIGHT="75" STYLEREFS="font0"/><SP WIDTH="17" VPOS="1106" HPOS="1963"/><String ID="p255_w654" CONTENT="about" HPOS="1980" VPOS="1106" WIDTH="97" HEIGHT="75" STYLEREFS="font0"/><SP WIDTH="17" VPOS="1106" HPOS="2077"/><String ID="p255_w655" CONTENT="two" HPOS="2094" VPOS="1106" WIDTH="65" HEIGHT="75" STYLEREFS="font0"/><SP WIDTH="15" VPOS="1106" HPOS="2159"/><String ID="p255_w656" CONTENT="thirds" HPOS="2174" VPOS="1106" WIDTH="105" HEIGHT="75" STYLEREFS="font0"/></TextLine><TextLine WIDTH="1033" HEIGHT="75" ID="p255_t84" HPOS="1252" VPOS="1152"><String ID="p255_w657" CONTENT="of" HPOS="1252" VPOS="1152" WIDTH="40" HEIGHT="75" STYLEREFS="font0"/><SP WIDTH="12" VPOS="1152" HPOS="1292"/><String ID="p255_w658" CONTENT="the" HPOS="1304" VPOS="1152" WIDTH="55" HEIGHT="75" STYLEREFS="font0"/><SP WIDTH="23" VPOS="1152" HPOS="1359"/><String ID="p255_w659" CONTENT="cartilage" HPOS="1382" VPOS="1152" WIDTH="151" HEIGHT="75" STYLEREFS="font0"/><SP WIDTH="17" VPOS="1152" HPOS="1533"/><String ID="p255_w660" CONTENT="of" HPOS="1550" VPOS="1152" WIDTH="40" HEIGHT="75" STYLEREFS="font0"/><SP WIDTH="17" VPOS="1152" HPOS="1590"/><String ID="p255_w661" CONTENT="the" HPOS="1607" VPOS="1152" WIDTH="55" HEIGHT="75" STYLEREFS="font0"/><SP WIDTH="15" VPOS="1152" HPOS="1662"/><String ID="p255_w662" CONTENT="feventh" HPOS="1677" VPOS="1152" WIDTH="130" HEIGHT="75" STYLEREFS="font0"/><SP WIDTH="18" VPOS="1152" HPOS="1807"/><String ID="p255_w663" CONTENT="rib," HPOS="1825" VPOS="1152" WIDTH="60" HEIGHT="75" STYLEREFS="font0"/><SP WIDTH="26" VPOS="1152" HPOS="1885"/><String ID="p255_w664" CONTENT="and" HPOS="1911" VPOS="1152" WIDTH="62" HEIGHT="75" STYLEREFS="font0"/><SP WIDTH="28" VPOS="1152" HPOS="1973"/><String ID="p255_w665" CONTENT="a" HPOS="2001" VPOS="1152" WIDTH="19" HEIGHT="75" STYLEREFS="font0"/><SP WIDTH="21" VPOS="1152" HPOS="2020"/><String ID="p255_w666" CONTENT="fmall" HPOS="2041" VPOS="1152" WIDTH="90" HEIGHT="75" STYLEREFS="font0"/><SP WIDTH="17" VPOS="1152" HPOS="2131"/><String ID="p255_w667" CONTENT="part" HPOS="2148" VPOS="1152" WIDTH="72" HEIGHT="75" STYLEREFS="font0"/><SP WIDTH="23" VPOS="1152" HPOS="2220"/><String ID="p255_w668" CONTENT="of" HPOS="2243" VPOS="1152" WIDTH="42" HEIGHT="75" STYLEREFS="font0"/></TextLine><TextLine WIDTH="1032" HEIGHT="75" ID="p255_t85" HPOS="1252" VPOS="1199"><String ID="p255_w669" CONTENT="the" HPOS="1252" VPOS="1199" WIDTH="54" HEIGHT="75" STYLEREFS="font0"/><SP WIDTH="17" VPOS="1199" HPOS="1306"/><String ID="p255_w670" CONTENT="bone," HPOS="1323" VPOS="1199" WIDTH="94" HEIGHT="75" STYLEREFS="font0"/><SP WIDTH="26" VPOS="1199" HPOS="1417"/><String ID="p255_w671" CONTENT="from" HPOS="1443" VPOS="1199" WIDTH="86" HEIGHT="75" STYLEREFS="font0"/><SP WIDTH="26" VPOS="1199" HPOS="1529"/><String ID="p255_w672" CONTENT="whence" HPOS="1555" VPOS="1199" WIDTH="131" HEIGHT="75" STYLEREFS="font0"/><SP WIDTH="16" VPOS="1199" HPOS="1686"/><String ID="p255_w673" CONTENT="it" HPOS="1702" VPOS="1199" WIDTH="28" HEIGHT="75" STYLEREFS="font0"/><SP WIDTH="15" VPOS="1199" HPOS="1730"/><String ID="p255_w674" CONTENT="reaches" HPOS="1745" VPOS="1199" WIDTH="129" HEIGHT="75" STYLEREFS="font0"/><SP WIDTH="17" VPOS="1199" HPOS="1874"/><String ID="p255_w675" CONTENT="beyond" HPOS="1891" VPOS="1199" WIDTH="128" HEIGHT="75" STYLEREFS="font0"/><SP WIDTH="26" VPOS="1199" HPOS="2019"/><String ID="p255_w676" CONTENT="the" HPOS="2045" VPOS="1199" WIDTH="56" HEIGHT="75" STYLEREFS="font0"/><SP WIDTH="26" VPOS="1199" HPOS="2101"/><String ID="p255_w677" CONTENT="angle" HPOS="2127" VPOS="1199" WIDTH="94" HEIGHT="75" STYLEREFS="font0"/><SP WIDTH="21" VPOS="1199" HPOS="2221"/><String ID="p255_w678" CONTENT="of" HPOS="2242" VPOS="1199" WIDTH="42" HEIGHT="75" STYLEREFS="font0"/></TextLine><TextLine WIDTH="234" HEIGHT="75" ID="p255_t86" HPOS="1252" VPOS="1244"><String ID="p255_w679" CONTENT="the" HPOS="1252" VPOS="1244" WIDTH="54" HEIGHT="75" STYLEREFS="font0"/><SP WIDTH="17" VPOS="1244" HPOS="1306"/><String ID="p255_w680" CONTENT="cartilage." HPOS="1323" VPOS="1244" WIDTH="163" HEIGHT="75" STYLEREFS="font0"/></TextLine><TextLine WIDTH="1002" HEIGHT="75" ID="p255_t87" HPOS="1296" VPOS="1292"><String ID="p255_w681" CONTENT="The" HPOS="1296" VPOS="1292" WIDTH="77" HEIGHT="75" STYLEREFS="font0"/><SP WIDTH="15" VPOS="1292" HPOS="1373"/><String ID="p255_w682" CONTENT="fecond" HPOS="1388" VPOS="1292" WIDTH="116" HEIGHT="75" STYLEREFS="font0"/><SP WIDTH="15" VPOS="1292" HPOS="1504"/><String ID="p255_w683" CONTENT="infertion" HPOS="1519" VPOS="1292" WIDTH="151" HEIGHT="75" STYLEREFS="font0"/><SP WIDTH="17" VPOS="1292" HPOS="1670"/><String ID="p255_w684" CONTENT="is" HPOS="1687" VPOS="1292" WIDTH="25" HEIGHT="75" STYLEREFS="font0"/><SP WIDTH="18" VPOS="1292" HPOS="1712"/><String ID="p255_w685" CONTENT="into" HPOS="1730" VPOS="1292" WIDTH="67" HEIGHT="75" STYLEREFS="font0"/><SP WIDTH="16" VPOS="1292" HPOS="1797"/><String ID="p255_w686" CONTENT="the" HPOS="1813" VPOS="1292" WIDTH="55" HEIGHT="75" STYLEREFS="font0"/><SP WIDTH="16" VPOS="1292" HPOS="1868"/><String ID="p255_w687" CONTENT="whole" HPOS="1884" VPOS="1292" WIDTH="105" HEIGHT="75" STYLEREFS="font0"/><SP WIDTH="17" VPOS="1292" HPOS="1989"/><String ID="p255_w688" CONTENT="cartilage" HPOS="2006" VPOS="1292" WIDTH="150" HEIGHT="75" STYLEREFS="font0"/><SP WIDTH="16" VPOS="1292" HPOS="2156"/><String ID="p255_w689" CONTENT="of" HPOS="2172" VPOS="1292" WIDTH="40" HEIGHT="75" STYLEREFS="font0"/><SP WIDTH="12" VPOS="1292" HPOS="2212"/><String ID="p255_w690" CONTENT="the" HPOS="2224" VPOS="1292" WIDTH="54" HEIGHT="75" STYLEREFS="font0"/><SP WIDTH="15" VPOS="1292" HPOS="2278"/><String ID="p255_w691" CONTENT="." HPOS="2293" VPOS="1292" WIDTH="5" HEIGHT="75" STYLEREFS="font0"/></TextLine><TextLine WIDTH="1027" HEIGHT="75" ID="p255_t88" HPOS="1250" VPOS="1337"><String ID="p255_w692" CONTENT="firft" HPOS="1250" VPOS="1337" WIDTH="65" HEIGHT="75" STYLEREFS="font0"/><SP WIDTH="15" VPOS="1337" HPOS="1315"/><String ID="p255_w693" CONTENT="falfe" HPOS="1330" VPOS="1337" WIDTH="77" HEIGHT="75" STYLEREFS="font0"/><SP WIDTH="19" VPOS="1337" HPOS="1407"/><String ID="p255_w694" CONTENT="rib;" HPOS="1426" VPOS="1337" WIDTH="71" HEIGHT="75" STYLEREFS="font0"/><SP WIDTH="23" VPOS="1337" HPOS="1497"/><String ID="p255_w695" CONTENT="the" HPOS="1520" VPOS="1337" WIDTH="59" HEIGHT="75" STYLEREFS="font0"/><SP WIDTH="26" VPOS="1337" HPOS="1579"/><String ID="p255_w696" CONTENT="third" HPOS="1605" VPOS="1337" WIDTH="87" HEIGHT="75" STYLEREFS="font0"/><SP WIDTH="22" VPOS="1337" HPOS="1692"/><String ID="p255_w697" CONTENT="partly" HPOS="1714" VPOS="1337" WIDTH="106" HEIGHT="75" STYLEREFS="font0"/><SP WIDTH="16" VPOS="1337" HPOS="1820"/><String ID="p255_w698" CONTENT="in" HPOS="1836" VPOS="1337" WIDTH="31" HEIGHT="75" STYLEREFS="font0"/><SP WIDTH="18" VPOS="1337" HPOS="1867"/><String ID="p255_w699" CONTENT="the" HPOS="1885" VPOS="1337" WIDTH="55" HEIGHT="75" STYLEREFS="font0"/><SP WIDTH="18" VPOS="1337" HPOS="1940"/><String ID="p255_w700" CONTENT="bone," HPOS="1958" VPOS="1337" WIDTH="94" HEIGHT="75" STYLEREFS="font0"/><SP WIDTH="26" VPOS="1337" HPOS="2052"/><String ID="p255_w701" CONTENT="and" HPOS="2078" VPOS="1337" WIDTH="62" HEIGHT="75" STYLEREFS="font0"/><SP WIDTH="30" VPOS="1337" HPOS="2140"/><String ID="p255_w702" CONTENT="partly" HPOS="2170" VPOS="1337" WIDTH="107" HEIGHT="75" STYLEREFS="font0"/></TextLine><TextLine WIDTH="1028" HEIGHT="75" ID="p255_t89" HPOS="1249" VPOS="1384"><String ID="p255_w703" CONTENT="in" HPOS="1249" VPOS="1384" WIDTH="32" HEIGHT="75" STYLEREFS="font0"/><SP WIDTH="17" VPOS="1384" HPOS="1281"/><String ID="p255_w704" CONTENT="the" HPOS="1298" VPOS="1384" WIDTH="55" HEIGHT="75" STYLEREFS="font0"/><SP WIDTH="27" VPOS="1384" HPOS="1353"/><String ID="p255_w705" CONTENT="cartilage" HPOS="1380" VPOS="1384" WIDTH="153" HEIGHT="75" STYLEREFS="font0"/><SP WIDTH="25" VPOS="1384" HPOS="1533"/><String ID="p255_w706" CONTENT="of" HPOS="1558" VPOS="1384" WIDTH="41" HEIGHT="75" STYLEREFS="font0"/><SP WIDTH="17" VPOS="1384" HPOS="1599"/><String ID="p255_w707" CONTENT="the" HPOS="1616" VPOS="1384" WIDTH="55" HEIGHT="75" STYLEREFS="font0"/><SP WIDTH="22" VPOS="1384" HPOS="1671"/><String ID="p255_w708" CONTENT="fecond" HPOS="1693" VPOS="1384" WIDTH="116" HEIGHT="75" STYLEREFS="font0"/><SP WIDTH="22" VPOS="1384" HPOS="1809"/><String ID="p255_w709" CONTENT="falfe" HPOS="1831" VPOS="1384" WIDTH="78" HEIGHT="75" STYLEREFS="font0"/><SP WIDTH="16" VPOS="1384" HPOS="1909"/><String ID="p255_w710" CONTENT="rib;" HPOS="1925" VPOS="1384" WIDTH="70" HEIGHT="75" STYLEREFS="font0"/><SP WIDTH="28" VPOS="1384" HPOS="1995"/><String ID="p255_w711" CONTENT="the" HPOS="2023" VPOS="1384" WIDTH="55" HEIGHT="75" STYLEREFS="font0"/><SP WIDTH="28" VPOS="1384" HPOS="2078"/><String ID="p255_w712" CONTENT="fourth" HPOS="2106" VPOS="1384" WIDTH="110" HEIGHT="75" STYLEREFS="font0"/><SP WIDTH="28" VPOS="1384" HPOS="2216"/><String ID="p255_w713" CONTENT="in" HPOS="2244" VPOS="1384" WIDTH="33" HEIGHT="75" STYLEREFS="font0"/></TextLine><TextLine WIDTH="1028" HEIGHT="75" ID="p255_t90" HPOS="1249" VPOS="1430"><String ID="p255_w714" CONTENT="the" HPOS="1249" VPOS="1430" WIDTH="55" HEIGHT="75" STYLEREFS="font0"/><SP WIDTH="16" VPOS="1430" HPOS="1304"/><String ID="p255_w715" CONTENT="bone," HPOS="1320" VPOS="1430" WIDTH="95" HEIGHT="75" STYLEREFS="font0"/><SP WIDTH="26" VPOS="1430" HPOS="1415"/><String ID="p255_w716" CONTENT="and" HPOS="1441" VPOS="1430" WIDTH="61" HEIGHT="75" STYLEREFS="font0"/><SP WIDTH="21" VPOS="1430" HPOS="1502"/><String ID="p255_w717" CONTENT="fometimes" HPOS="1523" VPOS="1430" WIDTH="177" HEIGHT="75" STYLEREFS="font0"/><SP WIDTH="20" VPOS="1430" HPOS="1700"/><String ID="p255_w718" CONTENT="a" HPOS="1720" VPOS="1430" WIDTH="19" HEIGHT="75" STYLEREFS="font0"/><SP WIDTH="19" VPOS="1430" HPOS="1739"/><String ID="p255_w719" CONTENT="little" HPOS="1758" VPOS="1430" WIDTH="84" HEIGHT="75" STYLEREFS="font0"/><SP WIDTH="28" VPOS="1430" HPOS="1842"/><String ID="p255_w720" CONTENT="in" HPOS="1870" VPOS="1430" WIDTH="31" HEIGHT="75" STYLEREFS="font0"/><SP WIDTH="18" VPOS="1430" HPOS="1901"/><String ID="p255_w721" CONTENT="the" HPOS="1919" VPOS="1430" WIDTH="55" HEIGHT="75" STYLEREFS="font0"/><SP WIDTH="17" VPOS="1430" HPOS="1974"/><String ID="p255_w722" CONTENT="cartilage" HPOS="1991" VPOS="1430" WIDTH="151" HEIGHT="75" STYLEREFS="font0"/><SP WIDTH="16" VPOS="1430" HPOS="2142"/><String ID="p255_w723" CONTENT="of" HPOS="2158" VPOS="1430" WIDTH="40" HEIGHT="75" STYLEREFS="font0"/><SP WIDTH="22" VPOS="1430" HPOS="2198"/><String ID="p255_w724" CONTENT="the" HPOS="2220" VPOS="1430" WIDTH="57" HEIGHT="75" STYLEREFS="font0"/></TextLine><TextLine WIDTH="1029" HEIGHT="75" ID="p255_t91" HPOS="1248" VPOS="1477"><String ID="p255_w725" CONTENT="third" HPOS="1248" VPOS="1477" WIDTH="88" HEIGHT="75" STYLEREFS="font0"/><SP WIDTH="16" VPOS="1477" HPOS="1336"/><String ID="p255_w726" CONTENT="falfe" HPOS="1352" VPOS="1477" WIDTH="77" HEIGHT="75" STYLEREFS="font0"/><SP WIDTH="17" VPOS="1477" HPOS="1429"/><String ID="p255_w727" CONTENT="rib;" HPOS="1446" VPOS="1477" WIDTH="70" HEIGHT="75" STYLEREFS="font0"/><SP WIDTH="27" VPOS="1477" HPOS="1516"/><String ID="p255_w728" CONTENT="the" HPOS="1543" VPOS="1477" WIDTH="55" HEIGHT="75" STYLEREFS="font0"/><SP WIDTH="18" VPOS="1477" HPOS="1598"/><String ID="p255_w729" CONTENT="fifth" HPOS="1616" VPOS="1477" WIDTH="72" HEIGHT="75" STYLEREFS="font0"/><SP WIDTH="18" VPOS="1477" HPOS="1688"/><String ID="p255_w730" CONTENT="in" HPOS="1706" VPOS="1477" WIDTH="31" HEIGHT="75" STYLEREFS="font0"/><SP WIDTH="17" VPOS="1477" HPOS="1737"/><String ID="p255_w731" CONTENT="the" HPOS="1754" VPOS="1477" WIDTH="56" HEIGHT="75" STYLEREFS="font0"/><SP WIDTH="16" VPOS="1477" HPOS="1810"/><String ID="p255_w732" CONTENT="bone," HPOS="1826" VPOS="1477" WIDTH="94" HEIGHT="75" STYLEREFS="font0"/><SP WIDTH="27" VPOS="1477" HPOS="1920"/><String ID="p255_w733" CONTENT="and" HPOS="1947" VPOS="1477" WIDTH="62" HEIGHT="75" STYLEREFS="font0"/><SP WIDTH="17" VPOS="1477" HPOS="2009"/><String ID="p255_w734" CONTENT="a" HPOS="2026" VPOS="1477" WIDTH="19" HEIGHT="75" STYLEREFS="font0"/><SP WIDTH="12" VPOS="1477" HPOS="2045"/><String ID="p255_w735" CONTENT="little" HPOS="2057" VPOS="1477" WIDTH="86" HEIGHT="75" STYLEREFS="font0"/><SP WIDTH="20" VPOS="1477" HPOS="2143"/><String ID="p255_w736" CONTENT="in" HPOS="2163" VPOS="1477" WIDTH="33" HEIGHT="75" STYLEREFS="font0"/><SP WIDTH="24" VPOS="1477" HPOS="2196"/><String ID="p255_w737" CONTENT="the" HPOS="2220" VPOS="1477" WIDTH="57" HEIGHT="75" STYLEREFS="font0"/></TextLine><TextLine WIDTH="1029" HEIGHT="75" ID="p255_t92" HPOS="1247" VPOS="1523"><String ID="p255_w738" CONTENT="cartilage" HPOS="1247" VPOS="1523" WIDTH="152" HEIGHT="75" STYLEREFS="font0"/><SP WIDTH="15" VPOS="1523" HPOS="1399"/><String ID="p255_w739" CONTENT="of" HPOS="1414" VPOS="1523" WIDTH="41" HEIGHT="75" STYLEREFS="font0"/><SP WIDTH="12" VPOS="1523" HPOS="1455"/><String ID="p255_w740" CONTENT="the" HPOS="1467" VPOS="1523" WIDTH="54" HEIGHT="75" STYLEREFS="font0"/><SP WIDTH="17" VPOS="1523" HPOS="1521"/><String ID="p255_w741" CONTENT="fourth" HPOS="1538" VPOS="1523" WIDTH="110" HEIGHT="75" STYLEREFS="font0"/><SP WIDTH="15" VPOS="1523" HPOS="1648"/><String ID="p255_w742" CONTENT="falfe" HPOS="1663" VPOS="1523" WIDTH="79" HEIGHT="75" STYLEREFS="font0"/><SP WIDTH="17" VPOS="1523" HPOS="1742"/><String ID="p255_w743" CONTENT="rib," HPOS="1759" VPOS="1523" WIDTH="62" HEIGHT="75" STYLEREFS="font0"/><SP WIDTH="25" VPOS="1523" HPOS="1821"/><String ID="p255_w744" CONTENT="being" HPOS="1846" VPOS="1523" WIDTH="96" HEIGHT="75" STYLEREFS="font0"/><SP WIDTH="15" VPOS="1523" HPOS="1942"/><String ID="p255_w745" CONTENT="broader" HPOS="1957" VPOS="1523" WIDTH="137" HEIGHT="75" STYLEREFS="font0"/><SP WIDTH="24" VPOS="1523" HPOS="2094"/><String ID="p255_w746" CONTENT="than" HPOS="2118" VPOS="1523" WIDTH="77" HEIGHT="75" STYLEREFS="font0"/><SP WIDTH="25" VPOS="1523" HPOS="2195"/><String ID="p255_w747" CONTENT="the" HPOS="2220" VPOS="1523" WIDTH="56" HEIGHT="75" STYLEREFS="font0"/></TextLine><TextLine WIDTH="73" HEIGHT="75" ID="p255_t93" HPOS="1246" VPOS="1570"><String ID="p255_w748" CONTENT="reft." HPOS="1246" VPOS="1570" WIDTH="73" HEIGHT="75" STYLEREFS="font0"/></TextLine><TextLine WIDTH="986" HEIGHT="75" ID="p255_t94" HPOS="1291" VPOS="1616"><String ID="p255_w749" CONTENT="The" HPOS="1291" VPOS="1616" WIDTH="77" HEIGHT="75" STYLEREFS="font0"/><SP WIDTH="13" VPOS="1616" HPOS="1368"/><String ID="p255_w750" CONTENT="fixth" HPOS="1381" VPOS="1616" WIDTH="87" HEIGHT="75" STYLEREFS="font0"/><SP WIDTH="15" VPOS="1616" HPOS="1468"/><String ID="p255_w751" CONTENT="is" HPOS="1483" VPOS="1616" WIDTH="28" HEIGHT="75" STYLEREFS="font0"/><SP WIDTH="17" VPOS="1616" HPOS="1511"/><String ID="p255_w752" CONTENT="in" HPOS="1528" VPOS="1616" WIDTH="32" HEIGHT="75" STYLEREFS="font0"/><SP WIDTH="17" VPOS="1616" HPOS="1560"/><String ID="p255_w753" CONTENT="the" HPOS="1577" VPOS="1616" WIDTH="54" HEIGHT="75" STYLEREFS="font0"/><SP WIDTH="17" VPOS="1616" HPOS="1631"/><String ID="p255_w754" CONTENT="cartilage" HPOS="1648" VPOS="1616" WIDTH="152" HEIGHT="75" STYLEREFS="font0"/><SP WIDTH="25" VPOS="1616" HPOS="1800"/><String ID="p255_w755" CONTENT="of" HPOS="1825" VPOS="1616" WIDTH="41" HEIGHT="75" STYLEREFS="font0"/><SP WIDTH="21" VPOS="1616" HPOS="1866"/><String ID="p255_w756" CONTENT="the" HPOS="1887" VPOS="1616" WIDTH="56" HEIGHT="75" STYLEREFS="font0"/><SP WIDTH="16" VPOS="1616" HPOS="1943"/><String ID="p255_w757" CONTENT="laft" HPOS="1959" VPOS="1616" WIDTH="57" HEIGHT="75" STYLEREFS="font0"/><SP WIDTH="15" VPOS="1616" HPOS="2016"/><String ID="p255_w758" CONTENT="falfe" HPOS="2031" VPOS="1616" WIDTH="79" HEIGHT="75" STYLEREFS="font0"/><SP WIDTH="15" VPOS="1616" HPOS="2110"/><String ID="p255_w759" CONTENT="rib," HPOS="2125" VPOS="1616" WIDTH="62" HEIGHT="75" STYLEREFS="font0"/><SP WIDTH="25" VPOS="1616" HPOS="2187"/><String ID="p255_w760" CONTENT="and" HPOS="2212" VPOS="1616" WIDTH="65" HEIGHT="75" STYLEREFS="font0"/></TextLine><TextLine WIDTH="1032" HEIGHT="75" ID="p255_t95" HPOS="1243" VPOS="1662"><String ID="p255_w761" CONTENT="ahnoft" HPOS="1243" VPOS="1662" WIDTH="113" HEIGHT="75" STYLEREFS="font0"/><SP WIDTH="22" VPOS="1662" HPOS="1356"/><String ID="p255_w762" CONTENT="through" HPOS="1378" VPOS="1662" WIDTH="141" HEIGHT="75" STYLEREFS="font0"/><SP WIDTH="16" VPOS="1662" HPOS="1519"/><String ID="p255_w763" CONTENT="the" HPOS="1535" VPOS="1662" WIDTH="55" HEIGHT="75" STYLEREFS="font0"/><SP WIDTH="16" VPOS="1662" HPOS="1590"/><String ID="p255_w764" CONTENT="whole" HPOS="1606" VPOS="1662" WIDTH="107" HEIGHT="75" STYLEREFS="font0"/><SP WIDTH="20" VPOS="1662" HPOS="1713"/><String ID="p255_w765" CONTENT="length" HPOS="1733" VPOS="1662" WIDTH="110" HEIGHT="75" STYLEREFS="font0"/><SP WIDTH="21" VPOS="1662" HPOS="1843"/><String ID="p255_w766" CONTENT="of" HPOS="1864" VPOS="1662" WIDTH="46" HEIGHT="75" STYLEREFS="font0"/><SP WIDTH="16" VPOS="1662" HPOS="1910"/><String ID="p255_w767" CONTENT="the" HPOS="1926" VPOS="1662" WIDTH="55" HEIGHT="75" STYLEREFS="font0"/><SP WIDTH="22" VPOS="1662" HPOS="1981"/><String ID="p255_w768" CONTENT="bone." HPOS="2003" VPOS="1662" WIDTH="96" HEIGHT="75" STYLEREFS="font0"/><SP WIDTH="48" VPOS="1662" HPOS="2099"/><String ID="p255_w769" CONTENT="At" HPOS="2147" VPOS="1662" WIDTH="50" HEIGHT="75" STYLEREFS="font0"/><SP WIDTH="22" VPOS="1662" HPOS="2197"/><String ID="p255_w770" CONTENT="the" HPOS="2219" VPOS="1662" WIDTH="56" HEIGHT="75" STYLEREFS="font0"/></TextLine><TextLine WIDTH="1029" HEIGHT="75" ID="p255_t96" HPOS="1246" VPOS="1708"><String ID="p255_w771" CONTENT="head" HPOS="1246" VPOS="1708" WIDTH="83" HEIGHT="75" STYLEREFS="font0"/><SP WIDTH="15" VPOS="1708" HPOS="1329"/><String ID="p255_w772" CONTENT="of" HPOS="1344" VPOS="1708" WIDTH="38" HEIGHT="75" STYLEREFS="font0"/><SP WIDTH="22" VPOS="1708" HPOS="1382"/><String ID="p255_w773" CONTENT="this" HPOS="1404" VPOS="1708" WIDTH="64" HEIGHT="75" STYLEREFS="font0"/><SP WIDTH="29" VPOS="1708" HPOS="1468"/><String ID="p255_w774" CONTENT="rib," HPOS="1497" VPOS="1708" WIDTH="61" HEIGHT="75" STYLEREFS="font0"/><SP WIDTH="24" VPOS="1708" HPOS="1558"/><String ID="p255_w775" CONTENT="it" HPOS="1582" VPOS="1708" WIDTH="27" HEIGHT="75" STYLEREFS="font0"/><SP WIDTH="22" VPOS="1708" HPOS="1609"/><String ID="p255_w776" CONTENT="joins" HPOS="1631" VPOS="1708" WIDTH="86" HEIGHT="75" STYLEREFS="font0"/><SP WIDTH="18" VPOS="1708" HPOS="1717"/><String ID="p255_w777" CONTENT="the" HPOS="1735" VPOS="1708" WIDTH="55" HEIGHT="75" STYLEREFS="font0"/><SP WIDTH="16" VPOS="1708" HPOS="1790"/><String ID="p255_w778" CONTENT="vertebral" HPOS="1806" VPOS="1708" WIDTH="159" HEIGHT="75" STYLEREFS="font0"/><SP WIDTH="16" VPOS="1708" HPOS="1965"/><String ID="p255_w779" CONTENT="infertion," HPOS="1981" VPOS="1708" WIDTH="163" HEIGHT="75" STYLEREFS="font0"/><SP WIDTH="25" VPOS="1708" HPOS="2144"/><String ID="p255_w780" CONTENT="which" HPOS="2169" VPOS="1708" WIDTH="106" HEIGHT="75" STYLEREFS="font0"/></TextLine><TextLine WIDTH="1027" HEIGHT="75" ID="p255_t97" HPOS="1248" VPOS="1755"><String ID="p255_w781" CONTENT="runs" HPOS="1248" VPOS="1755" WIDTH="73" HEIGHT="75" STYLEREFS="font0"/><SP WIDTH="17" VPOS="1755" HPOS="1321"/><String ID="p255_w782" CONTENT="from" HPOS="1338" VPOS="1755" WIDTH="86" HEIGHT="75" STYLEREFS="font0"/><SP WIDTH="16" VPOS="1755" HPOS="1424"/><String ID="p255_w783" CONTENT="the" HPOS="1440" VPOS="1755" WIDTH="57" HEIGHT="75" STYLEREFS="font0"/><SP WIDTH="23" VPOS="1755" HPOS="1497"/><String ID="p255_w784" CONTENT="lateral" HPOS="1520" VPOS="1755" WIDTH="112" HEIGHT="75" STYLEREFS="font0"/><SP WIDTH="25" VPOS="1755" HPOS="1632"/><String ID="p255_w785" CONTENT="part" HPOS="1657" VPOS="1755" WIDTH="72" HEIGHT="75" STYLEREFS="font0"/><SP WIDTH="24" VPOS="1755" HPOS="1729"/><String ID="p255_w786" CONTENT="of" HPOS="1753" VPOS="1755" WIDTH="40" HEIGHT="75" STYLEREFS="font0"/><SP WIDTH="22" VPOS="1755" HPOS="1793"/><String ID="p255_w787" CONTENT="the" HPOS="1815" VPOS="1755" WIDTH="55" HEIGHT="75" STYLEREFS="font0"/><SP WIDTH="24" VPOS="1755" HPOS="1870"/><String ID="p255_w788" CONTENT="laft" HPOS="1894" VPOS="1755" WIDTH="60" HEIGHT="75" STYLEREFS="font0"/><SP WIDTH="26" VPOS="1755" HPOS="1954"/><String ID="p255_w789" CONTENT="vertebra" HPOS="1980" VPOS="1755" WIDTH="149" HEIGHT="75" STYLEREFS="font0"/><SP WIDTH="26" VPOS="1755" HPOS="2129"/><String ID="p255_w790" CONTENT="of" HPOS="2155" VPOS="1755" WIDTH="41" HEIGHT="75" STYLEREFS="font0"/><SP WIDTH="23" VPOS="1755" HPOS="2196"/><String ID="p255_w791" CONTENT="the" HPOS="2219" VPOS="1755" WIDTH="56" HEIGHT="75" STYLEREFS="font0"/></TextLine><TextLine WIDTH="707" HEIGHT="75" ID="p255_t98" HPOS="1246" VPOS="1800"><String ID="p255_w792" CONTENT="back," HPOS="1246" VPOS="1800" WIDTH="92" HEIGHT="75" STYLEREFS="font0"/><SP WIDTH="26" VPOS="1800" HPOS="1338"/><String ID="p255_w793" CONTENT="to" HPOS="1364" VPOS="1800" WIDTH="36" HEIGHT="75" STYLEREFS="font0"/><SP WIDTH="17" VPOS="1800" HPOS="1400"/><String ID="p255_w794" CONTENT="the" HPOS="1417" VPOS="1800" WIDTH="55" HEIGHT="75" STYLEREFS="font0"/><SP WIDTH="17" VPOS="1800" HPOS="1472"/><String ID="p255_w795" CONTENT="firft" HPOS="1489" VPOS="1800" WIDTH="64" HEIGHT="75" STYLEREFS="font0"/><SP WIDTH="17" VPOS="1800" HPOS="1553"/><String ID="p255_w796" CONTENT="vertebra" HPOS="1570" VPOS="1800" WIDTH="147" HEIGHT="75" STYLEREFS="font0"/><SP WIDTH="14" VPOS="1800" HPOS="1717"/><String ID="p255_w797" CONTENT="of" HPOS="1731" VPOS="1800" WIDTH="41" HEIGHT="75" STYLEREFS="font0"/><SP WIDTH="14" VPOS="1800" HPOS="1772"/><String ID="p255_w798" CONTENT="the" HPOS="1786" VPOS="1800" WIDTH="55" HEIGHT="75" STYLEREFS="font0"/><SP WIDTH="15" VPOS="1800" HPOS="1841"/><String ID="p255_w799" CONTENT="loins." HPOS="1856" VPOS="1800" WIDTH="97" HEIGHT="75" STYLEREFS="font0"/></TextLine><TextLine WIDTH="983" HEIGHT="75" ID="p255_t99" HPOS="1290" VPOS="1847"><String ID="p255_w800" CONTENT="The" HPOS="1290" VPOS="1847" WIDTH="77" HEIGHT="75" STYLEREFS="font0"/><SP WIDTH="16" VPOS="1847" HPOS="1367"/><String ID="p255_w801" CONTENT="fmall" HPOS="1383" VPOS="1847" WIDTH="90" HEIGHT="75" STYLEREFS="font0"/><SP WIDTH="13" VPOS="1847" HPOS="1473"/><String ID="p255_w802" CONTENT="mufcle" HPOS="1486" VPOS="1847" WIDTH="118" HEIGHT="75" STYLEREFS="font0"/><SP WIDTH="16" VPOS="1847" HPOS="1604"/><String ID="p255_w803" CONTENT="of" HPOS="1620" VPOS="1847" WIDTH="40" HEIGHT="75" STYLEREFS="font0"/><SP WIDTH="12" VPOS="1847" HPOS="1660"/><String ID="p255_w804" CONTENT="the" HPOS="1672" VPOS="1847" WIDTH="54" HEIGHT="75" STYLEREFS="font0"/><SP WIDTH="18" VPOS="1847" HPOS="1726"/><String ID="p255_w805" CONTENT="diaphragm" HPOS="1744" VPOS="1847" WIDTH="190" HEIGHT="75" STYLEREFS="font0"/><SP WIDTH="16" VPOS="1847" HPOS="1934"/><String ID="p255_w806" CONTENT="is" HPOS="1950" VPOS="1847" WIDTH="26" HEIGHT="75" STYLEREFS="font0"/><SP WIDTH="18" VPOS="1847" HPOS="1976"/><String ID="p255_w807" CONTENT="thicker" HPOS="1994" VPOS="1847" WIDTH="123" HEIGHT="75" STYLEREFS="font0"/><SP WIDTH="12" VPOS="1847" HPOS="2117"/><String ID="p255_w808" CONTENT="than" HPOS="2129" VPOS="1847" WIDTH="76" HEIGHT="75" STYLEREFS="font0"/><SP WIDTH="12" VPOS="1847" HPOS="2205"/><String ID="p255_w809" CONTENT="the" HPOS="2217" VPOS="1847" WIDTH="56" HEIGHT="75" STYLEREFS="font0"/></TextLine><TextLine WIDTH="1030" HEIGHT="75" ID="p255_t100" HPOS="1243" VPOS="1892"><String ID="p255_w810" CONTENT="other," HPOS="1243" VPOS="1892" WIDTH="105" HEIGHT="75" STYLEREFS="font0"/><SP WIDTH="26" VPOS="1892" HPOS="1348"/><String ID="p255_w811" CONTENT="but" HPOS="1374" VPOS="1892" WIDTH="57" HEIGHT="75" STYLEREFS="font0"/><SP WIDTH="24" VPOS="1892" HPOS="1431"/><String ID="p255_w812" CONTENT="of" HPOS="1455" VPOS="1892" WIDTH="40" HEIGHT="75" STYLEREFS="font0"/><SP WIDTH="19" VPOS="1892" HPOS="1495"/><String ID="p255_w813" CONTENT="much" HPOS="1514" VPOS="1892" WIDTH="94" HEIGHT="75" STYLEREFS="font0"/><SP WIDTH="28" VPOS="1892" HPOS="1608"/><String ID="p255_w814" CONTENT="lefs" HPOS="1636" VPOS="1892" WIDTH="61" HEIGHT="75" STYLEREFS="font0"/><SP WIDTH="26" VPOS="1892" HPOS="1697"/><String ID="p255_w815" CONTENT="extent." HPOS="1723" VPOS="1892" WIDTH="125" HEIGHT="75" STYLEREFS="font0"/><SP WIDTH="65" VPOS="1892" HPOS="1848"/><String ID="p255_w816" CONTENT="It" HPOS="1913" VPOS="1892" WIDTH="31" HEIGHT="75" STYLEREFS="font0"/><SP WIDTH="23" VPOS="1892" HPOS="1944"/><String ID="p255_w817" CONTENT="is" HPOS="1967" VPOS="1892" WIDTH="26" HEIGHT="75" STYLEREFS="font0"/><SP WIDTH="25" VPOS="1892" HPOS="1993"/><String ID="p255_w818" CONTENT="fituated" HPOS="2018" VPOS="1892" WIDTH="133" HEIGHT="75" STYLEREFS="font0"/><SP WIDTH="27" VPOS="1892" HPOS="2151"/><String ID="p255_w819" CONTENT="along" HPOS="2178" VPOS="1892" WIDTH="95" HEIGHT="75" STYLEREFS="font0"/></TextLine><TextLine WIDTH="1028" HEIGHT="75" ID="p255_t101" HPOS="1244" VPOS="1940"><String ID="p255_w820" CONTENT="the" HPOS="1244" VPOS="1940" WIDTH="56" HEIGHT="75" STYLEREFS="font0"/><SP WIDTH="17" VPOS="1940" HPOS="1300"/><String ID="p255_w821" CONTENT="forefide" HPOS="1317" VPOS="1940" WIDTH="135" HEIGHT="75" STYLEREFS="font0"/><SP WIDTH="26" VPOS="1940" HPOS="1452"/><String ID="p255_w822" CONTENT="of" HPOS="1478" VPOS="1940" WIDTH="41" HEIGHT="75" STYLEREFS="font0"/><SP WIDTH="21" VPOS="1940" HPOS="1519"/><String ID="p255_w823" CONTENT="the" HPOS="1540" VPOS="1940" WIDTH="55" HEIGHT="75" STYLEREFS="font0"/><SP WIDTH="27" VPOS="1940" HPOS="1595"/><String ID="p255_w824" CONTENT="bodies" HPOS="1622" VPOS="1940" WIDTH="110" HEIGHT="75" STYLEREFS="font0"/><SP WIDTH="19" VPOS="1940" HPOS="1732"/><String ID="p255_w825" CONTENT="of" HPOS="1751" VPOS="1940" WIDTH="40" HEIGHT="75" STYLEREFS="font0"/><SP WIDTH="20" VPOS="1940" HPOS="1791"/><String ID="p255_w826" CONTENT="the" HPOS="1811" VPOS="1940" WIDTH="57" HEIGHT="75" STYLEREFS="font0"/><SP WIDTH="28" VPOS="1940" HPOS="1868"/><String ID="p255_w827" CONTENT="laft" HPOS="1896" VPOS="1940" WIDTH="57" HEIGHT="75" STYLEREFS="font0"/><SP WIDTH="27" VPOS="1940" HPOS="1953"/><String ID="p255_w828" CONTENT="vertebra" HPOS="1980" VPOS="1940" WIDTH="149" HEIGHT="75" STYLEREFS="font0"/><SP WIDTH="26" VPOS="1940" HPOS="2129"/><String ID="p255_w829" CONTENT="of" HPOS="2155" VPOS="1940" WIDTH="41" HEIGHT="75" STYLEREFS="font0"/><SP WIDTH="21" VPOS="1940" HPOS="2196"/><String ID="p255_w830" CONTENT="the" HPOS="2217" VPOS="1940" WIDTH="55" HEIGHT="75" STYLEREFS="font0"/></TextLine><TextLine WIDTH="1027" HEIGHT="75" ID="p255_t102" HPOS="1244" VPOS="1986"><String ID="p255_w831" CONTENT="back" HPOS="1244" VPOS="1986" WIDTH="82" HEIGHT="75" STYLEREFS="font0"/><SP WIDTH="16" VPOS="1986" HPOS="1326"/><String ID="p255_w832" CONTENT="and" HPOS="1342" VPOS="1986" WIDTH="62" HEIGHT="75" STYLEREFS="font0"/><SP WIDTH="15" VPOS="1986" HPOS="1404"/><String ID="p255_w833" CONTENT="feveral" HPOS="1419" VPOS="1986" WIDTH="117" HEIGHT="75" STYLEREFS="font0"/><SP WIDTH="15" VPOS="1986" HPOS="1536"/><String ID="p255_w834" CONTENT="of" HPOS="1551" VPOS="1986" WIDTH="42" HEIGHT="75" STYLEREFS="font0"/><SP WIDTH="10" VPOS="1986" HPOS="1593"/><String ID="p255_w835" CONTENT="thofe" HPOS="1603" VPOS="1986" WIDTH="90" HEIGHT="75" STYLEREFS="font0"/><SP WIDTH="11" VPOS="1986" HPOS="1693"/><String ID="p255_w836" CONTENT="of" HPOS="1704" VPOS="1986" WIDTH="40" HEIGHT="75" STYLEREFS="font0"/><SP WIDTH="7" VPOS="1986" HPOS="1744"/><String ID="p255_w837" CONTENT="the" HPOS="1751" VPOS="1986" WIDTH="55" HEIGHT="75" STYLEREFS="font0"/><SP WIDTH="15" VPOS="1986" HPOS="1806"/><String ID="p255_w838" CONTENT="loins," HPOS="1821" VPOS="1986" WIDTH="94" HEIGHT="75" STYLEREFS="font0"/><SP WIDTH="30" VPOS="1986" HPOS="1915"/><String ID="p255_w839" CONTENT="being" HPOS="1945" VPOS="1986" WIDTH="94" HEIGHT="75" STYLEREFS="font0"/><SP WIDTH="17" VPOS="1986" HPOS="2039"/><String ID="p255_w840" CONTENT="turned" HPOS="2056" VPOS="1986" WIDTH="115" HEIGHT="75" STYLEREFS="font0"/><SP WIDTH="17" VPOS="1986" HPOS="2171"/><String ID="p255_w841" CONTENT="a" HPOS="2188" VPOS="1986" WIDTH="18" HEIGHT="75" STYLEREFS="font0"/><SP WIDTH="11" VPOS="1986" HPOS="2206"/><String ID="p255_w842" CONTENT="lit-" HPOS="2217" VPOS="1986" WIDTH="54" HEIGHT="75" STYLEREFS="font0"/></TextLine><TextLine WIDTH="1028" HEIGHT="75" ID="p255_t103" HPOS="1244" VPOS="2032"><String ID="p255_w843" CONTENT="tle" HPOS="1244" VPOS="2032" WIDTH="45" HEIGHT="75" STYLEREFS="font0"/><SP WIDTH="20" VPOS="2032" HPOS="1289"/><String ID="p255_w844" CONTENT="to" HPOS="1309" VPOS="2032" WIDTH="35" HEIGHT="75" STYLEREFS="font0"/><SP WIDTH="17" VPOS="2032" HPOS="1344"/><String ID="p255_w845" CONTENT="the" HPOS="1361" VPOS="2032" WIDTH="56" HEIGHT="75" STYLEREFS="font0"/><SP WIDTH="15" VPOS="2032" HPOS="1417"/><String ID="p255_w846" CONTENT="left" HPOS="1432" VPOS="2032" WIDTH="61" HEIGHT="75" STYLEREFS="font0"/><SP WIDTH="16" VPOS="2032" HPOS="1493"/><String ID="p255_w847" CONTENT="hand." HPOS="1509" VPOS="2032" WIDTH="98" HEIGHT="75" STYLEREFS="font0"/><SP WIDTH="48" VPOS="2032" HPOS="1607"/><String ID="p255_w848" CONTENT="It" HPOS="1655" VPOS="2032" WIDTH="33" HEIGHT="75" STYLEREFS="font0"/><SP WIDTH="12" VPOS="2032" HPOS="1688"/><String ID="p255_w849" CONTENT="is" HPOS="1700" VPOS="2032" WIDTH="25" HEIGHT="75" STYLEREFS="font0"/><SP WIDTH="17" VPOS="2032" HPOS="1725"/><String ID="p255_w850" CONTENT="of" HPOS="1742" VPOS="2032" WIDTH="41" HEIGHT="75" STYLEREFS="font0"/><SP WIDTH="11" VPOS="2032" HPOS="1783"/><String ID="p255_w851" CONTENT="an" HPOS="1794" VPOS="2032" WIDTH="40" HEIGHT="75" STYLEREFS="font0"/><SP WIDTH="15" VPOS="2032" HPOS="1834"/><String ID="p255_w852" CONTENT="oblong" HPOS="1849" VPOS="2032" WIDTH="118" HEIGHT="75" STYLEREFS="font0"/><SP WIDTH="15" VPOS="2032" HPOS="1967"/><String ID="p255_w853" CONTENT="form," HPOS="1982" VPOS="2032" WIDTH="97" HEIGHT="75" STYLEREFS="font0"/><SP WIDTH="17" VPOS="2032" HPOS="2079"/><String ID="p255_w854" CONTENT="reprefent-" HPOS="2096" VPOS="2032" WIDTH="176" HEIGHT="75" STYLEREFS="font0"/></TextLine><TextLine WIDTH="1028" HEIGHT="75" ID="p255_t104" HPOS="1244" VPOS="2077"><String ID="p255_w855" CONTENT="ing" HPOS="1244" VPOS="2077" WIDTH="54" HEIGHT="75" STYLEREFS="font0"/><SP WIDTH="16" VPOS="2077" HPOS="1298"/><String ID="p255_w856" CONTENT="in" HPOS="1314" VPOS="2077" WIDTH="33" HEIGHT="75" STYLEREFS="font0"/><SP WIDTH="16" VPOS="2077" HPOS="1347"/><String ID="p255_w857" CONTENT="fome" HPOS="1363" VPOS="2077" WIDTH="86" HEIGHT="75" STYLEREFS="font0"/><SP WIDTH="16" VPOS="2077" HPOS="1449"/><String ID="p255_w858" CONTENT="meafure" HPOS="1465" VPOS="2077" WIDTH="140" HEIGHT="75" STYLEREFS="font0"/><SP WIDTH="20" VPOS="2077" HPOS="1605"/><String ID="p255_w859" CONTENT="a" HPOS="1625" VPOS="2077" WIDTH="17" HEIGHT="75" STYLEREFS="font0"/><SP WIDTH="16" VPOS="2077" HPOS="1642"/><String ID="p255_w860" CONTENT="flefliy" HPOS="1658" VPOS="2077" WIDTH="97" HEIGHT="75" STYLEREFS="font0"/><SP WIDTH="16" VPOS="2077" HPOS="1755"/><String ID="p255_w861" CONTENT="collar," HPOS="1771" VPOS="2077" WIDTH="111" HEIGHT="75" STYLEREFS="font0"/><SP WIDTH="26" VPOS="2077" HPOS="1882"/><String ID="p255_w862" CONTENT="the" HPOS="1908" VPOS="2077" WIDTH="55" HEIGHT="75" STYLEREFS="font0"/><SP WIDTH="23" VPOS="2077" HPOS="1963"/><String ID="p255_w863" CONTENT="two" HPOS="1986" VPOS="2077" WIDTH="66" HEIGHT="75" STYLEREFS="font0"/><SP WIDTH="16" VPOS="2077" HPOS="2052"/><String ID="p255_w864" CONTENT="lateral" HPOS="2068" VPOS="2077" WIDTH="112" HEIGHT="75" STYLEREFS="font0"/><SP WIDTH="17" VPOS="2077" HPOS="2180"/><String ID="p255_w865" CONTENT="por-" HPOS="2197" VPOS="2077" WIDTH="75" HEIGHT="75" STYLEREFS="font0"/></TextLine><TextLine WIDTH="1027" HEIGHT="75" ID="p255_t105" HPOS="1244" VPOS="2123"><String ID="p255_w866" CONTENT="tions" HPOS="1244" VPOS="2123" WIDTH="83" HEIGHT="75" STYLEREFS="font0"/><SP WIDTH="17" VPOS="2123" HPOS="1327"/><String ID="p255_w867" CONTENT="of" HPOS="1344" VPOS="2123" WIDTH="40" HEIGHT="75" STYLEREFS="font0"/><SP WIDTH="18" VPOS="2123" HPOS="1384"/><String ID="p255_w868" CONTENT="which," HPOS="1402" VPOS="2123" WIDTH="112" HEIGHT="75" STYLEREFS="font0"/><SP WIDTH="9" VPOS="2123" HPOS="1514"/><String ID="p255_w869" CONTENT="crofs" HPOS="1523" VPOS="2123" WIDTH="83" HEIGHT="75" STYLEREFS="font0"/><SP WIDTH="20" VPOS="2123" HPOS="1606"/><String ID="p255_w870" CONTENT="each" HPOS="1626" VPOS="2123" WIDTH="79" HEIGHT="75" STYLEREFS="font0"/><SP WIDTH="23" VPOS="2123" HPOS="1705"/><String ID="p255_w871" CONTENT="other," HPOS="1728" VPOS="2123" WIDTH="106" HEIGHT="75" STYLEREFS="font0"/><SP WIDTH="25" VPOS="2123" HPOS="1834"/><String ID="p255_w872" CONTENT="and" HPOS="1859" VPOS="2123" WIDTH="63" HEIGHT="75" STYLEREFS="font0"/><SP WIDTH="22" VPOS="2123" HPOS="1922"/><String ID="p255_w873" CONTENT="afterward" HPOS="1944" VPOS="2123" WIDTH="173" HEIGHT="75" STYLEREFS="font0"/><SP WIDTH="22" VPOS="2123" HPOS="2117"/><String ID="p255_w874" CONTENT="become" HPOS="2139" VPOS="2123" WIDTH="132" HEIGHT="75" STYLEREFS="font0"/></TextLine><TextLine WIDTH="596" HEIGHT="75" ID="p255_t106" HPOS="1246" VPOS="2170"><String ID="p255_w875" CONTENT="tendinous" HPOS="1246" VPOS="2170" WIDTH="167" HEIGHT="75" STYLEREFS="font0"/><SP WIDTH="18" VPOS="2170" HPOS="1413"/><String ID="p255_w876" CONTENT="toward" HPOS="1431" VPOS="2170" WIDTH="125" HEIGHT="75" STYLEREFS="font0"/><SP WIDTH="15" VPOS="2170" HPOS="1556"/><String ID="p255_w877" CONTENT="the" HPOS="1571" VPOS="2170" WIDTH="56" HEIGHT="75" STYLEREFS="font0"/><SP WIDTH="15" VPOS="2170" HPOS="1627"/><String ID="p255_w878" CONTENT="lower" HPOS="1642" VPOS="2170" WIDTH="100" HEIGHT="75" STYLEREFS="font0"/><SP WIDTH="17" VPOS="2170" HPOS="1742"/><String ID="p255_w879" CONTENT="part." HPOS="1759" VPOS="2170" WIDTH="83" HEIGHT="75" STYLEREFS="font0"/></TextLine><TextLine WIDTH="979" HEIGHT="75" ID="p255_t107" HPOS="1291" VPOS="2216"><String ID="p255_w880" CONTENT="The" HPOS="1291" VPOS="2216" WIDTH="76" HEIGHT="75" STYLEREFS="font0"/><SP WIDTH="18" VPOS="2216" HPOS="1367"/><String ID="p255_w881" CONTENT="upper" HPOS="1385" VPOS="2216" WIDTH="99" HEIGHT="75" STYLEREFS="font0"/><SP WIDTH="15" VPOS="2216" HPOS="1484"/><String ID="p255_w882" CONTENT="part" HPOS="1499" VPOS="2216" WIDTH="71" HEIGHT="75" STYLEREFS="font0"/><SP WIDTH="16" VPOS="2216" HPOS="1570"/><String ID="p255_w883" CONTENT="of" HPOS="1586" VPOS="2216" WIDTH="40" HEIGHT="75" STYLEREFS="font0"/><SP WIDTH="11" VPOS="2216" HPOS="1626"/><String ID="p255_w884" CONTENT="the" HPOS="1637" VPOS="2216" WIDTH="55" HEIGHT="75" STYLEREFS="font0"/><SP WIDTH="17" VPOS="2216" HPOS="1692"/><String ID="p255_w885" CONTENT="body" HPOS="1709" VPOS="2216" WIDTH="87" HEIGHT="75" STYLEREFS="font0"/><SP WIDTH="15" VPOS="2216" HPOS="1796"/><String ID="p255_w886" CONTENT="of" HPOS="1811" VPOS="2216" WIDTH="41" HEIGHT="75" STYLEREFS="font0"/><SP WIDTH="11" VPOS="2216" HPOS="1852"/><String ID="p255_w887" CONTENT="this" HPOS="1863" VPOS="2216" WIDTH="63" HEIGHT="75" STYLEREFS="font0"/><SP WIDTH="20" VPOS="2216" HPOS="1926"/><String ID="p255_w888" CONTENT="mufcle" HPOS="1946" VPOS="2216" WIDTH="117" HEIGHT="75" STYLEREFS="font0"/><SP WIDTH="19" VPOS="2216" HPOS="2063"/><String ID="p255_w889" CONTENT="is" HPOS="2082" VPOS="2216" WIDTH="27" HEIGHT="75" STYLEREFS="font0"/><SP WIDTH="17" VPOS="2216" HPOS="2109"/><String ID="p255_w890" CONTENT="fixed" HPOS="2126" VPOS="2216" WIDTH="87" HEIGHT="75" STYLEREFS="font0"/><SP WIDTH="24" VPOS="2216" HPOS="2213"/><String ID="p255_w891" CONTENT="in" HPOS="2237" VPOS="2216" WIDTH="33" HEIGHT="75" STYLEREFS="font0"/></TextLine><TextLine WIDTH="1022" HEIGHT="75" ID="p255_t108" HPOS="1246" VPOS="2262"><String ID="p255_w892" CONTENT="the" HPOS="1246" VPOS="2262" WIDTH="53" HEIGHT="75" STYLEREFS="font0"/><SP WIDTH="16" VPOS="2262" HPOS="1299"/><String ID="p255_w893" CONTENT="Hope" HPOS="1315" VPOS="2262" WIDTH="85" HEIGHT="75" STYLEREFS="font0"/><SP WIDTH="24" VPOS="2262" HPOS="1400"/><String ID="p255_w894" CONTENT="of" HPOS="1424" VPOS="2262" WIDTH="41" HEIGHT="75" STYLEREFS="font0"/><SP WIDTH="16" VPOS="2262" HPOS="1465"/><String ID="p255_w895" CONTENT="the" HPOS="1481" VPOS="2262" WIDTH="56" HEIGHT="75" STYLEREFS="font0"/><SP WIDTH="24" VPOS="2262" HPOS="1537"/><String ID="p255_w896" CONTENT="middle" HPOS="1561" VPOS="2262" WIDTH="121" HEIGHT="75" STYLEREFS="font0"/><SP WIDTH="15" VPOS="2262" HPOS="1682"/><String ID="p255_w897" CONTENT="aponeurofis" HPOS="1697" VPOS="2262" WIDTH="199" HEIGHT="75" STYLEREFS="font0"/><SP WIDTH="16" VPOS="2262" HPOS="1896"/><String ID="p255_w898" CONTENT="of" HPOS="1912" VPOS="2262" WIDTH="42" HEIGHT="75" STYLEREFS="font0"/><SP WIDTH="10" VPOS="2262" HPOS="1954"/><String ID="p255_w899" CONTENT="the" HPOS="1964" VPOS="2262" WIDTH="54" HEIGHT="75" STYLEREFS="font0"/><SP WIDTH="15" VPOS="2262" HPOS="2018"/><String ID="p255_w900" CONTENT="great" HPOS="2033" VPOS="2262" WIDTH="90" HEIGHT="75" STYLEREFS="font0"/><SP WIDTH="15" VPOS="2262" HPOS="2123"/><String ID="p255_w901" CONTENT="mufcle." HPOS="2138" VPOS="2262" WIDTH="130" HEIGHT="75" STYLEREFS="font0"/></TextLine><TextLine WIDTH="1026" HEIGHT="75" ID="p255_t109" HPOS="1245" VPOS="2307"><String ID="p255_w902" CONTENT="The" HPOS="1245" VPOS="2307" WIDTH="76" HEIGHT="75" STYLEREFS="font0"/><SP WIDTH="17" VPOS="2307" HPOS="1321"/><String ID="p255_w903" CONTENT="outer" HPOS="1338" VPOS="2307" WIDTH="93" HEIGHT="75" STYLEREFS="font0"/><SP WIDTH="24" VPOS="2307" HPOS="1431"/><String ID="p255_w904" CONTENT="edges" HPOS="1455" VPOS="2307" WIDTH="95" HEIGHT="75" STYLEREFS="font0"/><SP WIDTH="17" VPOS="2307" HPOS="1550"/><String ID="p255_w905" CONTENT="of" HPOS="1567" VPOS="2307" WIDTH="42" HEIGHT="75" STYLEREFS="font0"/><SP WIDTH="11" VPOS="2307" HPOS="1609"/><String ID="p255_w906" CONTENT="the" HPOS="1620" VPOS="2307" WIDTH="54" HEIGHT="75" STYLEREFS="font0"/><SP WIDTH="27" VPOS="2307" HPOS="1674"/><String ID="p255_w907" CONTENT="ake" HPOS="1701" VPOS="2307" WIDTH="57" HEIGHT="75" STYLEREFS="font0"/><SP WIDTH="22" VPOS="2307" HPOS="1758"/><String ID="p255_w908" CONTENT="or" HPOS="1780" VPOS="2307" WIDTH="38" HEIGHT="75" STYLEREFS="font0"/><SP WIDTH="21" VPOS="2307" HPOS="1818"/><String ID="p255_w909" CONTENT="lateral" HPOS="1839" VPOS="2307" WIDTH="113" HEIGHT="75" STYLEREFS="font0"/><SP WIDTH="18" VPOS="2307" HPOS="1952"/><String ID="p255_w910" CONTENT="portions" HPOS="1970" VPOS="2307" WIDTH="141" HEIGHT="75" STYLEREFS="font0"/><SP WIDTH="14" VPOS="2307" HPOS="2111"/><String ID="p255_w911" CONTENT="join" HPOS="2125" VPOS="2307" WIDTH="70" HEIGHT="75" STYLEREFS="font0"/><SP WIDTH="20" VPOS="2307" HPOS="2195"/><String ID="p255_w912" CONTENT="the" HPOS="2215" VPOS="2307" WIDTH="56" HEIGHT="75" STYLEREFS="font0"/></TextLine><TextLine WIDTH="1024" HEIGHT="75" ID="p255_t110" HPOS="1246" VPOS="2353"><String ID="p255_w913" CONTENT="pofterior" HPOS="1246" VPOS="2353" WIDTH="153" HEIGHT="75" STYLEREFS="font0"/><SP WIDTH="15" VPOS="2353" HPOS="1399"/><String ID="p255_w914" CONTENT="plane" HPOS="1414" VPOS="2353" WIDTH="92" HEIGHT="75" STYLEREFS="font0"/><SP WIDTH="24" VPOS="2353" HPOS="1506"/><String ID="p255_w915" CONTENT="of" HPOS="1530" VPOS="2353" WIDTH="40" HEIGHT="75" STYLEREFS="font0"/><SP WIDTH="23" VPOS="2353" HPOS="1570"/><String ID="p255_w916" CONTENT="the" HPOS="1593" VPOS="2353" WIDTH="55" HEIGHT="75" STYLEREFS="font0"/><SP WIDTH="28" VPOS="2353" HPOS="1648"/><String ID="p255_w917" CONTENT="great" HPOS="1676" VPOS="2353" WIDTH="88" HEIGHT="75" STYLEREFS="font0"/><SP WIDTH="25" VPOS="2353" HPOS="1764"/><String ID="p255_w918" CONTENT="mufcle," HPOS="1789" VPOS="2353" WIDTH="129" HEIGHT="75" STYLEREFS="font0"/><SP WIDTH="26" VPOS="2353" HPOS="1918"/><String ID="p255_w919" CONTENT="and" HPOS="1944" VPOS="2353" WIDTH="62" HEIGHT="75" STYLEREFS="font0"/><SP WIDTH="16" VPOS="2353" HPOS="2006"/><String ID="p255_w920" CONTENT="thefe" HPOS="2022" VPOS="2353" WIDTH="87" HEIGHT="75" STYLEREFS="font0"/><SP WIDTH="17" VPOS="2353" HPOS="2109"/><String ID="p255_w921" CONTENT="portions" HPOS="2126" VPOS="2353" WIDTH="144" HEIGHT="75" STYLEREFS="font0"/></TextLine><TextLine WIDTH="1022" HEIGHT="75" ID="p255_t111" HPOS="1245" VPOS="2400"><String ID="p255_w922" CONTENT="adhere" HPOS="1245" VPOS="2400" WIDTH="117" HEIGHT="75" STYLEREFS="font0"/><SP WIDTH="16" VPOS="2400" HPOS="1362"/><String ID="p255_w923" CONTENT="to" HPOS="1378" VPOS="2400" WIDTH="35" HEIGHT="75" STYLEREFS="font0"/><SP WIDTH="23" VPOS="2400" HPOS="1413"/><String ID="p255_w924" CONTENT="the" HPOS="1436" VPOS="2400" WIDTH="54" HEIGHT="75" STYLEREFS="font0"/><SP WIDTH="29" VPOS="2400" HPOS="1490"/><String ID="p255_w925" CONTENT="body" HPOS="1519" VPOS="2400" WIDTH="87" HEIGHT="75" STYLEREFS="font0"/><SP WIDTH="27" VPOS="2400" HPOS="1606"/><String ID="p255_w926" CONTENT="of" HPOS="1633" VPOS="2400" WIDTH="40" HEIGHT="75" STYLEREFS="font0"/><SP WIDTH="18" VPOS="2400" HPOS="1673"/><String ID="p255_w927" CONTENT="the" HPOS="1691" VPOS="2400" WIDTH="55" HEIGHT="75" STYLEREFS="font0"/><SP WIDTH="28" VPOS="2400" HPOS="1746"/><String ID="p255_w928" CONTENT="laft" HPOS="1774" VPOS="2400" WIDTH="57" HEIGHT="75" STYLEREFS="font0"/><SP WIDTH="29" VPOS="2400" HPOS="1831"/><String ID="p255_w929" CONTENT="vertebra" HPOS="1860" VPOS="2400" WIDTH="146" HEIGHT="75" STYLEREFS="font0"/><SP WIDTH="27" VPOS="2400" HPOS="2006"/><String ID="p255_w930" CONTENT="of" HPOS="2033" VPOS="2400" WIDTH="42" HEIGHT="75" STYLEREFS="font0"/><SP WIDTH="17" VPOS="2400" HPOS="2075"/><String ID="p255_w931" CONTENT="the" HPOS="2092" VPOS="2400" WIDTH="56" HEIGHT="75" STYLEREFS="font0"/><SP WIDTH="26" VPOS="2400" HPOS="2148"/><String ID="p255_w932" CONTENT="back." HPOS="2174" VPOS="2400" WIDTH="93" HEIGHT="75" STYLEREFS="font0"/></TextLine><TextLine WIDTH="1050" HEIGHT="75" ID="p255_t112" HPOS="1242" VPOS="2446"><String ID="p255_w933" CONTENT="The" HPOS="1242" VPOS="2446" WIDTH="76" HEIGHT="75" STYLEREFS="font0"/><SP WIDTH="22" VPOS="2446" HPOS="1318"/><String ID="p255_w934" CONTENT="extremities," HPOS="1340" VPOS="2446" WIDTH="210" HEIGHT="75" STYLEREFS="font0"/><SP WIDTH="25" VPOS="2446" HPOS="1550"/><String ID="p255_w935" CONTENT="called" HPOS="1575" VPOS="2446" WIDTH="104" HEIGHT="75" STYLEREFS="font0"/><SP WIDTH="19" VPOS="2446" HPOS="1679"/><String ID="p255_w936" CONTENT="likewife" HPOS="1698" VPOS="2446" WIDTH="139" HEIGHT="75" STYLEREFS="font0"/><SP WIDTH="23" VPOS="2446" HPOS="1837"/><String ID="p255_w937" CONTENT="pillars" HPOS="1860" VPOS="2446" WIDTH="122" HEIGHT="75" STYLEREFS="font0"/><SP WIDTH="26" VPOS="2446" HPOS="1982"/><String ID="p255_w938" CONTENT="or" HPOS="2008" VPOS="2446" WIDTH="38" HEIGHT="75" STYLEREFS="font0"/><SP WIDTH="27" VPOS="2446" HPOS="2046"/><String ID="p255_w939" CONTENT="crura," HPOS="2073" VPOS="2446" WIDTH="115" HEIGHT="75" STYLEREFS="font0"/><SP WIDTH="26" VPOS="2446" HPOS="2188"/><String ID="p255_w940" CONTENT="are" HPOS="2214" VPOS="2446" WIDTH="54" HEIGHT="75" STYLEREFS="font0"/><SP WIDTH="19" VPOS="2446" HPOS="2268"/><String ID="p255_w941" CONTENT="." HPOS="2287" VPOS="2446" WIDTH="5" HEIGHT="75" STYLEREFS="font0"/></TextLine><TextLine WIDTH="1024" HEIGHT="75" ID="p255_t113" HPOS="1242" VPOS="2491"><String ID="p255_w942" CONTENT="inferted" HPOS="1242" VPOS="2491" WIDTH="137" HEIGHT="75" STYLEREFS="font0"/><SP WIDTH="23" VPOS="2491" HPOS="1379"/><String ID="p255_w943" CONTENT="by" HPOS="1402" VPOS="2491" WIDTH="44" HEIGHT="75" STYLEREFS="font0"/><SP WIDTH="15" VPOS="2491" HPOS="1446"/><String ID="p255_w944" CONTENT="feveral" HPOS="1461" VPOS="2491" WIDTH="119" HEIGHT="75" STYLEREFS="font0"/><SP WIDTH="20" VPOS="2491" HPOS="1580"/><String ID="p255_w945" CONTENT="tendinous" HPOS="1600" VPOS="2491" WIDTH="167" HEIGHT="75" STYLEREFS="font0"/><SP WIDTH="24" VPOS="2491" HPOS="1767"/><String ID="p255_w946" CONTENT="digitations" HPOS="1791" VPOS="2491" WIDTH="185" HEIGHT="75" STYLEREFS="font0"/><SP WIDTH="16" VPOS="2491" HPOS="1976"/><String ID="p255_w947" CONTENT="in" HPOS="1992" VPOS="2491" WIDTH="32" HEIGHT="75" STYLEREFS="font0"/><SP WIDTH="17" VPOS="2491" HPOS="2024"/><String ID="p255_w948" CONTENT="the" HPOS="2041" VPOS="2491" WIDTH="55" HEIGHT="75" STYLEREFS="font0"/><SP WIDTH="17" VPOS="2491" HPOS="2096"/><String ID="p255_w949" CONTENT="vertebrae" HPOS="2113" VPOS="2491" WIDTH="153" HEIGHT="75" STYLEREFS="font0"/></TextLine><TextLine WIDTH="218" HEIGHT="75" ID="p255_t114" HPOS="1241" VPOS="2537"><String ID="p255_w950" CONTENT="of" HPOS="1241" VPOS="2537" WIDTH="40" HEIGHT="75" STYLEREFS="font0"/><SP WIDTH="11" VPOS="2537" HPOS="1281"/><String ID="p255_w951" CONTENT="the" HPOS="1292" VPOS="2537" WIDTH="55" HEIGHT="75" STYLEREFS="font0"/><SP WIDTH="15" VPOS="2537" HPOS="1347"/><String ID="p255_w952" CONTENT="loins." HPOS="1362" VPOS="2537" WIDTH="97" HEIGHT="75" STYLEREFS="font0"/></TextLine><TextLine WIDTH="979" HEIGHT="75" ID="p255_t115" HPOS="1287" VPOS="2583"><String ID="p255_w953" CONTENT="The" HPOS="1287" VPOS="2583" WIDTH="76" HEIGHT="75" STYLEREFS="font0"/><SP WIDTH="17" VPOS="2583" HPOS="1363"/><String ID="p255_w954" CONTENT="upper" HPOS="1380" VPOS="2583" WIDTH="98" HEIGHT="75" STYLEREFS="font0"/><SP WIDTH="16" VPOS="2583" HPOS="1478"/><String ID="p255_w955" CONTENT="part" HPOS="1494" VPOS="2583" WIDTH="71" HEIGHT="75" STYLEREFS="font0"/><SP WIDTH="15" VPOS="2583" HPOS="1565"/><String ID="p255_w956" CONTENT="of" HPOS="1580" VPOS="2583" WIDTH="40" HEIGHT="75" STYLEREFS="font0"/><SP WIDTH="16" VPOS="2583" HPOS="1620"/><String ID="p255_w957" CONTENT="the" HPOS="1636" VPOS="2583" WIDTH="53" HEIGHT="75" STYLEREFS="font0"/><SP WIDTH="19" VPOS="2583" HPOS="1689"/><String ID="p255_w958" CONTENT="flefliy" HPOS="1708" VPOS="2583" WIDTH="95" HEIGHT="75" STYLEREFS="font0"/><SP WIDTH="15" VPOS="2583" HPOS="1803"/><String ID="p255_w959" CONTENT="body" HPOS="1818" VPOS="2583" WIDTH="86" HEIGHT="75" STYLEREFS="font0"/><SP WIDTH="15" VPOS="2583" HPOS="1904"/><String ID="p255_w960" CONTENT="is" HPOS="1919" VPOS="2583" WIDTH="32" HEIGHT="75" STYLEREFS="font0"/><SP WIDTH="13" VPOS="2583" HPOS="1951"/><String ID="p255_w961" CONTENT="formed" HPOS="1964" VPOS="2583" WIDTH="123" HEIGHT="75" STYLEREFS="font0"/><SP WIDTH="17" VPOS="2583" HPOS="2087"/><String ID="p255_w962" CONTENT="by" HPOS="2104" VPOS="2583" WIDTH="44" HEIGHT="75" STYLEREFS="font0"/><SP WIDTH="11" VPOS="2583" HPOS="2148"/><String ID="p255_w963" CONTENT="a" HPOS="2159" VPOS="2583" WIDTH="19" HEIGHT="75" STYLEREFS="font0"/><SP WIDTH="15" VPOS="2583" HPOS="2178"/><String ID="p255_w964" CONTENT="par-" HPOS="2193" VPOS="2583" WIDTH="73" HEIGHT="75" STYLEREFS="font0"/></TextLine><TextLine WIDTH="1022" HEIGHT="75" ID="p255_t116" HPOS="1242" VPOS="2629"><String ID="p255_w965" CONTENT="ticular" HPOS="1242" VPOS="2629" WIDTH="115" HEIGHT="75" STYLEREFS="font0"/><SP WIDTH="20" VPOS="2629" HPOS="1357"/><String ID="p255_w966" CONTENT="intertexture" HPOS="1377" VPOS="2629" WIDTH="212" HEIGHT="75" STYLEREFS="font0"/><SP WIDTH="15" VPOS="2629" HPOS="1589"/><String ID="p255_w967" CONTENT="of" HPOS="1604" VPOS="2629" WIDTH="40" HEIGHT="75" STYLEREFS="font0"/><SP WIDTH="18" VPOS="2629" HPOS="1644"/><String ID="p255_w968" CONTENT="fibres" HPOS="1662" VPOS="2629" WIDTH="95" HEIGHT="75" STYLEREFS="font0"/><SP WIDTH="18" VPOS="2629" HPOS="1757"/><String ID="p255_w969" CONTENT="belonging" HPOS="1775" VPOS="2629" WIDTH="170" HEIGHT="75" STYLEREFS="font0"/><SP WIDTH="23" VPOS="2629" HPOS="1945"/><String ID="p255_w970" CONTENT="to" HPOS="1968" VPOS="2629" WIDTH="35" HEIGHT="75" STYLEREFS="font0"/><SP WIDTH="24" VPOS="2629" HPOS="2003"/><String ID="p255_w971" CONTENT="the" HPOS="2027" VPOS="2629" WIDTH="55" HEIGHT="75" STYLEREFS="font0"/><SP WIDTH="25" VPOS="2629" HPOS="2082"/><String ID="p255_w972" CONTENT="two" HPOS="2107" VPOS="2629" WIDTH="65" HEIGHT="75" STYLEREFS="font0"/><SP WIDTH="23" VPOS="2629" HPOS="2172"/><String ID="p255_w973" CONTENT="ala:." HPOS="2195" VPOS="2629" WIDTH="69" HEIGHT="75" STYLEREFS="font0"/></TextLine><TextLine WIDTH="1023" HEIGHT="75" ID="p255_t117" HPOS="1242" VPOS="2676"><String ID="p255_w974" CONTENT="Thefe" HPOS="1242" VPOS="2676" WIDTH="108" HEIGHT="75" STYLEREFS="font0"/><SP WIDTH="13" VPOS="2676" HPOS="1350"/><String ID="p255_w975" CONTENT="two" HPOS="1363" VPOS="2676" WIDTH="65" HEIGHT="75" STYLEREFS="font0"/><SP WIDTH="13" VPOS="2676" HPOS="1428"/><String ID="p255_w976" CONTENT="aloe," HPOS="1441" VPOS="2676" WIDTH="68" HEIGHT="75" STYLEREFS="font0"/><SP WIDTH="18" VPOS="2676" HPOS="1509"/><String ID="p255_w977" CONTENT="whereof" HPOS="1527" VPOS="2676" WIDTH="146" HEIGHT="75" STYLEREFS="font0"/><SP WIDTH="12" VPOS="2676" HPOS="1673"/><String ID="p255_w978" CONTENT="that" HPOS="1685" VPOS="2676" WIDTH="69" HEIGHT="75" STYLEREFS="font0"/><SP WIDTH="13" VPOS="2676" HPOS="1754"/><String ID="p255_w979" CONTENT="toward" HPOS="1767" VPOS="2676" WIDTH="122" HEIGHT="75" STYLEREFS="font0"/><SP WIDTH="14" VPOS="2676" HPOS="1889"/><String ID="p255_w980" CONTENT="the" HPOS="1903" VPOS="2676" WIDTH="55" HEIGHT="75" STYLEREFS="font0"/><SP WIDTH="12" VPOS="2676" HPOS="1958"/><String ID="p255_w981" CONTENT="right-hand" HPOS="1970" VPOS="2676" WIDTH="188" HEIGHT="75" STYLEREFS="font0"/><SP WIDTH="12" VPOS="2676" HPOS="2158"/><String ID="p255_w982" CONTENT="is" HPOS="2170" VPOS="2676" WIDTH="26" HEIGHT="75" STYLEREFS="font0"/><SP WIDTH="13" VPOS="2676" HPOS="2196"/><String ID="p255_w983" CONTENT="ge-" HPOS="2209" VPOS="2676" WIDTH="56" HEIGHT="75" STYLEREFS="font0"/></TextLine><TextLine WIDTH="1026" HEIGHT="75" ID="p255_t118" HPOS="1240" VPOS="2722"><String ID="p255_w984" CONTENT="nerally" HPOS="1240" VPOS="2722" WIDTH="122" HEIGHT="75" STYLEREFS="font0"/><SP WIDTH="17" VPOS="2722" HPOS="1362"/><String ID="p255_w985" CONTENT="the" HPOS="1379" VPOS="2722" WIDTH="54" HEIGHT="75" STYLEREFS="font0"/><SP WIDTH="16" VPOS="2722" HPOS="1433"/><String ID="p255_w986" CONTENT="moft" HPOS="1449" VPOS="2722" WIDTH="78" HEIGHT="75" STYLEREFS="font0"/><SP WIDTH="22" VPOS="2722" HPOS="1527"/><String ID="p255_w987" CONTENT="confiderable," HPOS="1549" VPOS="2722" WIDTH="223" HEIGHT="75" STYLEREFS="font0"/><SP WIDTH="24" VPOS="2722" HPOS="1772"/><String ID="p255_w988" CONTENT="part" HPOS="1796" VPOS="2722" WIDTH="71" HEIGHT="75" STYLEREFS="font0"/><SP WIDTH="17" VPOS="2722" HPOS="1867"/><String ID="p255_w989" CONTENT="from" HPOS="1884" VPOS="2722" WIDTH="84" HEIGHT="75" STYLEREFS="font0"/><SP WIDTH="16" VPOS="2722" HPOS="1968"/><String ID="p255_w990" CONTENT="each" HPOS="1984" VPOS="2722" WIDTH="78" HEIGHT="75" STYLEREFS="font0"/><SP WIDTH="16" VPOS="2722" HPOS="2062"/><String ID="p255_w991" CONTENT="other," HPOS="2078" VPOS="2722" WIDTH="106" HEIGHT="75" STYLEREFS="font0"/><SP WIDTH="18" VPOS="2722" HPOS="2184"/><String ID="p255_w992" CONTENT="and" HPOS="2202" VPOS="2722" WIDTH="64" HEIGHT="75" STYLEREFS="font0"/></TextLine><TextLine WIDTH="1024" HEIGHT="75" ID="p255_t119" HPOS="1240" VPOS="2768"><String ID="p255_w993" CONTENT="form" HPOS="1240" VPOS="2768" WIDTH="83" HEIGHT="75" STYLEREFS="font0"/><SP WIDTH="25" VPOS="2768" HPOS="1323"/><String ID="p255_w994" CONTENT="an" HPOS="1348" VPOS="2768" WIDTH="39" HEIGHT="75" STYLEREFS="font0"/><SP WIDTH="32" VPOS="2768" HPOS="1387"/><String ID="p255_w995" CONTENT="oval" HPOS="1419" VPOS="2768" WIDTH="71" HEIGHT="75" STYLEREFS="font0"/><SP WIDTH="32" VPOS="2768" HPOS="1490"/><String ID="p255_w996" CONTENT="hole," HPOS="1522" VPOS="2768" WIDTH="87" HEIGHT="75" STYLEREFS="font0"/><SP WIDTH="26" VPOS="2768" HPOS="1609"/><String ID="p255_w997" CONTENT="terminated" HPOS="1635" VPOS="2768" WIDTH="191" HEIGHT="75" STYLEREFS="font0"/><SP WIDTH="25" VPOS="2768" HPOS="1826"/><String ID="p255_w998" CONTENT="on" HPOS="1851" VPOS="2768" WIDTH="42" HEIGHT="75" STYLEREFS="font0"/><SP WIDTH="25" VPOS="2768" HPOS="1893"/><String ID="p255_w999" CONTENT="the" HPOS="1918" VPOS="2768" WIDTH="55" HEIGHT="75" STYLEREFS="font0"/><SP WIDTH="26" VPOS="2768" HPOS="1973"/><String ID="p255_w1000" CONTENT="lower" HPOS="1999" VPOS="2768" WIDTH="100" HEIGHT="75" STYLEREFS="font0"/><SP WIDTH="25" VPOS="2768" HPOS="2099"/><String ID="p255_w1001" CONTENT="part" HPOS="2124" VPOS="2768" WIDTH="71" HEIGHT="75" STYLEREFS="font0"/><SP WIDTH="25" VPOS="2768" HPOS="2195"/><String ID="p255_w1002" CONTENT="by" HPOS="2220" VPOS="2768" WIDTH="44" HEIGHT="75" STYLEREFS="font0"/></TextLine><TextLine WIDTH="1026" HEIGHT="75" ID="p255_t120" HPOS="1238" VPOS="2814"><String ID="p255_w1003" CONTENT="fibres," HPOS="1238" VPOS="2814" WIDTH="107" HEIGHT="75" STYLEREFS="font0"/><SP WIDTH="17" VPOS="2814" HPOS="1345"/><String ID="p255_w1004" CONTENT="detatched" HPOS="1362" VPOS="2814" WIDTH="170" HEIGHT="75" STYLEREFS="font0"/><SP WIDTH="15" VPOS="2814" HPOS="1532"/><String ID="p255_w1005" CONTENT="from" HPOS="1547" VPOS="2814" WIDTH="85" HEIGHT="75" STYLEREFS="font0"/><SP WIDTH="16" VPOS="2814" HPOS="1632"/><String ID="p255_w1006" CONTENT="the" HPOS="1648" VPOS="2814" WIDTH="55" HEIGHT="75" STYLEREFS="font0"/><SP WIDTH="13" VPOS="2814" HPOS="1703"/><String ID="p255_w1007" CONTENT="infide" HPOS="1716" VPOS="2814" WIDTH="94" HEIGHT="75" STYLEREFS="font0"/><SP WIDTH="12" VPOS="2814" HPOS="1810"/><String ID="p255_w1008" CONTENT="of" HPOS="1822" VPOS="2814" WIDTH="40" HEIGHT="75" STYLEREFS="font0"/><SP WIDTH="11" VPOS="2814" HPOS="1862"/><String ID="p255_w1009" CONTENT="each" HPOS="1873" VPOS="2814" WIDTH="77" HEIGHT="75" STYLEREFS="font0"/><SP WIDTH="18" VPOS="2814" HPOS="1950"/><String ID="p255_w1010" CONTENT="ala," HPOS="1968" VPOS="2814" WIDTH="61" HEIGHT="75" STYLEREFS="font0"/><SP WIDTH="17" VPOS="2814" HPOS="2029"/><String ID="p255_w1011" CONTENT="immediately" HPOS="2046" VPOS="2814" WIDTH="218" HEIGHT="75" STYLEREFS="font0"/></TextLine><TextLine WIDTH="1023" HEIGHT="75" ID="p255_t121" HPOS="1239" VPOS="2861"><String ID="p255_w1012" CONTENT="above" HPOS="1239" VPOS="2861" WIDTH="100" HEIGHT="75" STYLEREFS="font0"/><SP WIDTH="17" VPOS="2861" HPOS="1339"/><String ID="p255_w1013" CONTENT="the" HPOS="1356" VPOS="2861" WIDTH="54" HEIGHT="75" STYLEREFS="font0"/><SP WIDTH="28" VPOS="2861" HPOS="1410"/><String ID="p255_w1014" CONTENT="laft" HPOS="1438" VPOS="2861" WIDTH="56" HEIGHT="75" STYLEREFS="font0"/><SP WIDTH="24" VPOS="2861" HPOS="1494"/><String ID="p255_w1015" CONTENT="vertebra" HPOS="1518" VPOS="2861" WIDTH="146" HEIGHT="75" STYLEREFS="font0"/><SP WIDTH="26" VPOS="2861" HPOS="1664"/><String ID="p255_w1016" CONTENT="of" HPOS="1690" VPOS="2861" WIDTH="39" HEIGHT="75" STYLEREFS="font0"/><SP WIDTH="22" VPOS="2861" HPOS="1729"/><String ID="p255_w1017" CONTENT="the" HPOS="1751" VPOS="2861" WIDTH="56" HEIGHT="75" STYLEREFS="font0"/><SP WIDTH="23" VPOS="2861" HPOS="1807"/><String ID="p255_w1018" CONTENT="back." HPOS="1830" VPOS="2861" WIDTH="93" HEIGHT="75" STYLEREFS="font0"/><SP WIDTH="48" VPOS="2861" HPOS="1923"/><String ID="p255_w1019" CONTENT="Thefe" HPOS="1971" VPOS="2861" WIDTH="109" HEIGHT="75" STYLEREFS="font0"/><SP WIDTH="16" VPOS="2861" HPOS="2080"/><String ID="p255_w1020" CONTENT="fibres" HPOS="2096" VPOS="2861" WIDTH="94" HEIGHT="75" STYLEREFS="font0"/><SP WIDTH="16" VPOS="2861" HPOS="2190"/><String ID="p255_w1021" CONTENT="de-" HPOS="2206" VPOS="2861" WIDTH="56" HEIGHT="75" STYLEREFS="font0"/></TextLine><TextLine WIDTH="1025" HEIGHT="75" ID="p255_t122" HPOS="1238" VPOS="2907"><String ID="p255_w1022" CONTENT="cuffate" HPOS="1238" VPOS="2907" WIDTH="115" HEIGHT="75" STYLEREFS="font0"/><SP WIDTH="18" VPOS="2907" HPOS="1353"/><String ID="p255_w1023" CONTENT="and" HPOS="1371" VPOS="2907" WIDTH="63" HEIGHT="75" STYLEREFS="font0"/><SP WIDTH="15" VPOS="2907" HPOS="1434"/><String ID="p255_w1024" CONTENT="crofs" HPOS="1449" VPOS="2907" WIDTH="84" HEIGHT="75" STYLEREFS="font0"/><SP WIDTH="24" VPOS="2907" HPOS="1533"/><String ID="p255_w1025" CONTENT="each" HPOS="1557" VPOS="2907" WIDTH="76" HEIGHT="75" STYLEREFS="font0"/><SP WIDTH="22" VPOS="2907" HPOS="1633"/><String ID="p255_w1026" CONTENT="other," HPOS="1655" VPOS="2907" WIDTH="105" HEIGHT="75" STYLEREFS="font0"/><SP WIDTH="27" VPOS="2907" HPOS="1760"/><String ID="p255_w1027" CONTENT="and" HPOS="1787" VPOS="2907" WIDTH="61" HEIGHT="75" STYLEREFS="font0"/><SP WIDTH="18" VPOS="2907" HPOS="1848"/><String ID="p255_w1028" CONTENT="afterwards" HPOS="1866" VPOS="2907" WIDTH="188" HEIGHT="75" STYLEREFS="font0"/><SP WIDTH="24" VPOS="2907" HPOS="2054"/><String ID="p255_w1029" CONTENT="thofe" HPOS="2078" VPOS="2907" WIDTH="91" HEIGHT="75" STYLEREFS="font0"/><SP WIDTH="23" VPOS="2907" HPOS="2169"/><String ID="p255_w1030" CONTENT="that" HPOS="2192" VPOS="2907" WIDTH="71" HEIGHT="75" STYLEREFS="font0"/></TextLine><TextLine WIDTH="1025" HEIGHT="75" ID="p255_t123" HPOS="1236" VPOS="2953"><String ID="p255_w1031" CONTENT="come" HPOS="1236" VPOS="2953" WIDTH="90" HEIGHT="75" STYLEREFS="font0"/><SP WIDTH="21" VPOS="2953" HPOS="1326"/><String ID="p255_w1032" CONTENT="from" HPOS="1347" VPOS="2953" WIDTH="82" HEIGHT="75" STYLEREFS="font0"/><SP WIDTH="17" VPOS="2953" HPOS="1429"/><String ID="p255_w1033" CONTENT="each" HPOS="1446" VPOS="2953" WIDTH="77" HEIGHT="75" STYLEREFS="font0"/><SP WIDTH="18" VPOS="2953" HPOS="1523"/><String ID="p255_w1034" CONTENT="ala" HPOS="1541" VPOS="2953" WIDTH="50" HEIGHT="75" STYLEREFS="font0"/><SP WIDTH="19" VPOS="2953" HPOS="1591"/><String ID="p255_w1035" CONTENT="join" HPOS="1610" VPOS="2953" WIDTH="72" HEIGHT="75" STYLEREFS="font0"/><SP WIDTH="24" VPOS="2953" HPOS="1682"/><String ID="p255_w1036" CONTENT="that" HPOS="1706" VPOS="2953" WIDTH="70" HEIGHT="75" STYLEREFS="font0"/><SP WIDTH="24" VPOS="2953" HPOS="1776"/><String ID="p255_w1037" CONTENT="on" HPOS="1800" VPOS="2953" WIDTH="41" HEIGHT="75" STYLEREFS="font0"/><SP WIDTH="17" VPOS="2953" HPOS="1841"/><String ID="p255_w1038" CONTENT="the" HPOS="1858" VPOS="2953" WIDTH="55" HEIGHT="75" STYLEREFS="font0"/><SP WIDTH="17" VPOS="2953" HPOS="1913"/><String ID="p255_w1039" CONTENT="other" HPOS="1930" VPOS="2953" WIDTH="92" HEIGHT="75" STYLEREFS="font0"/><SP WIDTH="17" VPOS="2953" HPOS="2022"/><String ID="p255_w1040" CONTENT="fide," HPOS="2039" VPOS="2953" WIDTH="74" HEIGHT="75" STYLEREFS="font0"/><SP WIDTH="25" VPOS="2953" HPOS="2113"/><String ID="p255_w1041" CONTENT="fo" HPOS="2138" VPOS="2953" WIDTH="34" HEIGHT="75" STYLEREFS="font0"/><SP WIDTH="18" VPOS="2953" HPOS="2172"/><String ID="p255_w1042" CONTENT="that" HPOS="2190" VPOS="2953" WIDTH="71" HEIGHT="75" STYLEREFS="font0"/></TextLine><TextLine WIDTH="837" HEIGHT="75" ID="p255_t124" HPOS="1235" VPOS="3000"><String ID="p255_w1043" CONTENT="each" HPOS="1235" VPOS="3000" WIDTH="76" HEIGHT="75" STYLEREFS="font0"/><SP WIDTH="18" VPOS="3000" HPOS="1311"/><String ID="p255_w1044" CONTENT="of" HPOS="1329" VPOS="3000" WIDTH="39" HEIGHT="75" STYLEREFS="font0"/><SP WIDTH="11" VPOS="3000" HPOS="1368"/><String ID="p255_w1045" CONTENT="the" HPOS="1379" VPOS="3000" WIDTH="56" HEIGHT="75" STYLEREFS="font0"/><SP WIDTH="16" VPOS="3000" HPOS="1435"/><String ID="p255_w1046" CONTENT="crura" HPOS="1451" VPOS="3000" WIDTH="92" HEIGHT="75" STYLEREFS="font0"/><SP WIDTH="18" VPOS="3000" HPOS="1543"/><String ID="p255_w1047" CONTENT="is" HPOS="1561" VPOS="3000" WIDTH="27" HEIGHT="75" STYLEREFS="font0"/><SP WIDTH="19" VPOS="3000" HPOS="1588"/><String ID="p255_w1048" CONTENT="a" HPOS="1607" VPOS="3000" WIDTH="19" HEIGHT="75" STYLEREFS="font0"/><SP WIDTH="18" VPOS="3000" HPOS="1626"/><String ID="p255_w1049" CONTENT="produdticn" HPOS="1644" VPOS="3000" WIDTH="191" HEIGHT="75" STYLEREFS="font0"/><SP WIDTH="17" VPOS="3000" HPOS="1835"/><String ID="p255_w1050" CONTENT="of" HPOS="1852" VPOS="3000" WIDTH="40" HEIGHT="75" STYLEREFS="font0"/><SP WIDTH="16" VPOS="3000" HPOS="1892"/><String ID="p255_w1051" CONTENT="both" HPOS="1908" VPOS="3000" WIDTH="79" HEIGHT="75" STYLEREFS="font0"/><SP WIDTH="16" VPOS="3000" HPOS="1987"/><String ID="p255_w1052" CONTENT="ake." HPOS="2003" VPOS="3000" WIDTH="69" HEIGHT="75" STYLEREFS="font0"/></TextLine><TextLine WIDTH="77" HEIGHT="75" ID="p255_t125" HPOS="1685" VPOS="3062"><String ID="p255_w1053" CONTENT="3" HPOS="1685" VPOS="3062" WIDTH="15" HEIGHT="75" STYLEREFS="font0"/><SP WIDTH="28" VPOS="3062" HPOS="1700"/><String ID="p255_w1054" CONTENT="H" HPOS="1728" VPOS="3062" WIDTH="34" HEIGHT="75" STYLEREFS="font0"/></TextLine><TextLine WIDTH="77" HEIGHT="75" ID="p255_t126" HPOS="2183" VPOS="3058"><String ID="p255_w1055" CONTENT="The" HPOS="2183" VPOS="3058" WIDTH="77" HEIGHT="75" STYLEREFS="font0"/></TextLine></PrintSpace></Page></Layout></alto>