2456 3337
467 164 42 52 A
568 164 35 52 C
661 164 40 52 A

1076 164 114 52 (9

171 243 112 37 extent
299 243 76 37 than
401 243 26 37 it
444 243 26 37 is
488 243 32 37 at
540 243 139 37 prefent,
704 243 131 37 becanfe
853 243 119 37 fereral
987 243 166 37 provinces

170 290 79 37 have
275 290 157 37 revolted,
458 290 63 37 and
543 290 56 37 the
621 290 115 37 Turks
760 290 81 37 have
865 290 93 37 made
981 290 172 37 encroach-

170 334 102 37 ments
284 334 36 37 to
335 334 56 37 the
407 334 76 37 eaft.
531 334 77 37 The
630 334 77 37 land
722 334 27 37 is
766 334 106 37 fertile
883 334 33 37 in
928 334 94 37 many
1034 334 119 37 places,

169 381 62 37 and
247 381 55 37 the
329 381 47 37 air
399 381 26 37 is
447 381 77 37 very
547 381 71 37 hot,
644 381 116 37 except
784 381 33 37 in
842 381 56 37 the
919 381 90 37 rainy
1033 381 119 37 feafon,

169 427 62 37 and
242 427 77 37 then
331 427 27 37 it
374 427 27 37 is
418 427 78 37 very
509 427 186 37 temperate.
745 427 66 37 For
827 427 75 37 four
913 427 128 37 months
1053 427 34 37 in
1098 427 56 37 the

168 473 86 37 year,
273 473 126 37 greatet
415 473 84 37 rains
517 473 57 37 fall
587 473 92 37 there
695 473 77 37 than
788 473 135 37 perhaps
939 473 31 37 in
987 473 62 37 any
1059 473 95 37 other

169 519 70 37 part
256 519 40 37 o?
306 519 55 37 the
382 519 116 37 world,
523 519 106 37 which
647 519 141 37 occafion
804 519 55 37 the
882 519 142 37 fwelling
1040 519 40 37 of
1098 519 55 37 the

169 565 84 37 river
269 565 91 37 Nile,
378 565 71 37 that
465 565 57 37 has
535 565 41 37 its
589 565 109 37 fource
714 565 31 37 in
763 565 64 37 this
846 565 147 37 country.
1027 565 32 37 It
1076 565 76 37 con-

169 611 81 37 tains
268 611 102 37 mines
384 611 41 37 of
437 611 43 37 all
500 611 81 37 forts
602 611 39 37 of
657 611 108 37 metal,
791 611 116 37 except
923 611 46 37 tin
984 611 10 37 ;
1022 611 57 37 but
1096 611 57 37 the

170 656 194 37 inhabitants
388 656 92 37 make
508 656 42 37 no
574 656 90 37 great
689 656 176 37 advantage
889 656 140 37 thereof.
1075 656 79 37 The

169 703 91 37 fields
286 703 53 37 are
367 703 140 37 watered
530 703 43 37 by
596 703 119 37 feveral
736 703 141 37 ftreams,
907 703 119 37 except
1041 703 33 37 in
1098 703 56 37 the

169 748 223 37 mountainous
407 748 99 37 parts.
556 748 78 37 The
651 748 158 37 emperor,
832 748 39 37 or
891 748 89 37 king,
1005 748 28 37 is
1051 748 104 37 called

171 795 114 37 Negus
296 795 14 37 ;
336 795 62 37 and
412 795 42 37 he
473 795 57 37 has
546 795 80 37 been
643 795 182 37 commonly
840 795 94 37 taken
951 795 52 37 for
1029 795 126 37 Prelter

170 841 99 37 John.
317 841 62 37 Kis
397 841 163 37 authority
575 841 26 37 is
622 841 154 37 abfolute,
802 841 64 37 and
880 841 41 37 he
937 841 91 37 often
1039 841 113 37 dwells

169 885 78 37 with
263 885 50 37 his
329 885 105 37 whole
450 885 93 37 court
554 885 33 37 in
601 885 99 37 tents.
749 885 175 37 However,
948 885 162 37 AbyfEnia
1125 885 28 37 is

168 932 58 37 not
241 932 139 37 without
397 932 103 37 cities,
527 932 33 37 a*
577 932 86 37 fome
678 932 155 37 pretend;
858 932 53 37 for
933 932 141 37 Gondar
1089 932 26 37 is
1134 932 20 37 a

167 979 88 37 large
279 979 101 37 place,
406 979 107 37 where
530 979 56 37 the
610 979 77 37 king
714 979 183 37 commonly
920 979 114 37 refides
1059 979 93 37 when

167 1025 42 37 he
225 1025 27 37 is
270 1025 57 37 not
344 1025 33 37 in
400 1025 55 37 the
471 1025 88 37 field.
607 1025 78 37 The
702 1025 193 37 inhabitants
912 1025 54 37 are
982 1025 107 37 black,
1115 1025 39 37 or

169 1070 80 37 very
265 1070 75 37 near
356 1070 46 37 it;
427 1070 58 37 but
502 1070 78 37 they
600 1070 54 37 are
674 1070 57 37 not
746 1070 34 37 fo
792 1070 78 37 ugly
885 1070 34 37 as
936 1070 55 37 the
1004 1070 147 37 negroes.

166 1118 102 37 They
283 1118 93 37 make
398 1118 167 37 profeffion
580 1118 42 37 of
630 1118 56 37 the
703 1118 159 37 Chriftian
879 1118 147 37 religion,
1053 1118 58 37 but
1127 1118 26 37 it

167 1162 58 37 has
243 1162 20 37 a
280 1162 141 37 mixture
436 1162 42 37 of
493 1162 156 37 Judaifm.
697 1162 78 37 The
799 1162 90 37 habit
910 1162 39 37 of
968 1162 129 37 perfons
1117 1162 43 37 of

167 1208 127 37 quality
310 1208 26 37 is
353 1208 19 37 a
387 1208 97 37 filken
507 1208 77 37 veil,
608 1208 78 37 with
703 1208 19 37 a
743 1208 66 37 fort
837 1208 41 37 of
895 1208 103 37 fcarf;
1024 1208 58 37 but
1096 1208 58 37 the

167 1255 149 37 common
332 1255 112 37 people
460 1255 84 37 wear
562 1255 135 37 nothing
710 1255 59 37 but
785 1255 18 37 a
818 1255 69 37 pair
902 1255 40 37 of
951 1255 154 37 drawers.

122 1307 292 37 ABYSSINIAN
429 1307 130 37 church,
584 1307 71 37 that
666 1307 184 37 ellablilhed
865 1307 33 37 in
914 1307 56 37 the
982 1307 119 37 empire
1117 1307 42 37 of

169 1347 176 37 Abyfiinia.
394 1347 32 37 It
442 1347 27 37 is
489 1347 19 37 a
523 1347 121 37 branch
661 1347 39 37 of
718 1347 57 37 the
791 1347 105 37 Copts
920 1347 39 37 or
975 1347 176 37 Jacobites;

170 1394 19 37 a
203 1394 63 37 left
282 1394 40 37 of
340 1394 152 37 heretics,
516 1394 75 37 who
608 1394 100 37 admit
723 1394 57 37 but
796 1394 61 37 one
879 1394 113 37 nature
1011 1394 32 37 in
1061 1394 91 37 Jefus

170 1438 121 37 Chrift.

121 1484 316 37 AChCALOTL,
462 1484 55 37 the
534 1484 153 37 Brafilian
701 1484 93 37 name
810 1484 41 37 of
870 1484 19 37 a
904 1484 119 37 fpecies
1038 1484 43 37 of
1098 1484 56 37 the

169 1530 141 37 Corvus.
361 1530 254 37 SeeCoavus.

121 1577 197 37 ACACIA,
354 1577 35 37 in
419 1577 132 37 botany^
596 1577 18 37 a
640 1577 163 37 fynonime
828 1577 40 37 of
890 1577 57 37 the
974 1577 179 37 poinciana,

169 1623 130 37 genifta,
332 1623 146 37 mimafa,
509 1623 137 37 robinia,
678 1623 160 37 guaicum,
870 1623 65 37 ijc.
987 1623 63 37 See
1066 1623 88 37 tliefe

170 1670 141 37 articles.

122 1715 170 36 ACACIA,
317 1714 32 37 in
372 1714 56 37 the
452 1714 135 37 materia
608 1714 135 37 medica,
768 1714 56 37 the
846 1714 203 37 infpiflitated
1068 1714 88 37 juice

171 1756 38 37 of
240 1756 56 37 the
329 1756 110 37 unripe
470 1756 79 37 fruit
577 1756 39 37 of
646 1756 55 37 the
729 1756 117 37 acacia.
902 1756 87 37 This
1012 1756 91 37 juice
1127 1756 28 37 is

171 1801 142 37 brought
329 1801 85 37 from
430 1801 112 37 Egypt
564 1801 33 37 in
614 1801 146 37 roundiih
786 1801 117 37 pieces,
927 1801 104 37 wrapt
1056 1801 43 37 up
1121 1801 34 37 in

172 1848 69 37 thin
256 1848 162 37 bladders,
444 1848 63 37 and
522 1848 26 37 is
565 1848 77 37 ufed
658 1848 34 37 as
710 1848 18 37 a
744 1848 79 37 mild
838 1848 185 37 allringent.

123 1895 156 36 ACACIA
294 1894 207 37 germanica.
552 1894 62 37 See
627 1895 149 36 PRUNA.

123 1941 168 36 ACACIA,
328 1940 116 37 among
471 1940 207 37 antiquaries,
713 1940 180 37 fomething
920 1940 189 37 refembling
1136 1940 20 37 a

168 1985 61 37 roll
247 1985 36 37 or
299 1985 75 37 bag,
398 1985 72 37 feen
481 1985 42 37 on
537 1990 134 30 meijds,
697 1985 34 37 as
747 1985 32 37 in
792 1985 55 37 the
863 1985 103 37 hands
983 1985 40 37 of
1033 1985 120 37 feveral

169 2032 124 37 confuls
319 2032 63 37 and
403 2032 174 37 emperors.
628 2032 97 37 Some
749 2032 74 37 take
848 2032 28 37 it
898 2032 36 37 to
960 2032 159 37 reprefent
1136 2032 19 37 a

168 2078 234 37 handkerchief
420 2078 104 37 rolled
538 2078 55 37 up,
619 2078 188 37 wherewith
828 2078 78 37 they
926 2078 92 37 made
1040 2078 113 37 fignals

170 2123 31 37 at
217 2123 57 37 the
289 2123 130 37 games;
445 2123 110 37 others
571 2123 18 37 a
601 2123 61 37 roll
675 2123 40 37 of
725 2123 153 37 petitions
895 2123 38 37 or
948 2123 203 37 memorials;

169 2169 62 37 and
242 2169 84 37 fome
338 2169 19 37 a
371 2169 112 37 purple
498 2169 63 37 bag
571 2169 63 37 full
643 2169 41 37 of
702 2169 105 37 earth,
831 2169 36 37 to
879 2169 124 37 remind
1014 2169 89 37 them
1118 2169 41 37 of

168 2215 85 37 their
269 2215 175 37 mortality.

120 2263 65 37 AC
187 2263 63 37 AC
253 2263 127 37 IANS,
404 2263 32 37 in
453 2263 217 37 ecdefialHcal
694 2263 132 37 hilfory,
852 2263 56 37 the
932 2263 92 37 name
1047 2263 41 37 of
1105 2263 47 37 fe-

168 2308 86 37 veral
277 2308 79 37 fe&s
383 2308 41 37 of
447 2308 162 37 heretics;
640 2308 85 37 fonae
753 2308 39 37 of
811 2308 107 37 whom
945 2308 205 37 maintained,

169 2354 71 37 that
263 2354 56 37 the
343 2354 67 37 Son
432 2354 65 37 was
520 2354 77 37 only
620 2354 18 37 a
653 2354 127 37 fimilar,
805 2354 58 37 not
886 2354 55 37 the
957 2354 96 37 fame,
1079 2354 72 37 fub-

168 2401 103 37 ftattce
287 2401 80 37 with
384 2401 56 37 the
454 2401 142 37 Father;
623 2401 63 37 and
701 2401 122 37 others,
848 2401 72 37 that
942 2401 42 37 he
1006 2401 66 37 was
1095 2401 57 37 not

168 2446 77 37 only
257 2446 19 37 a
286 2446 134 37 diftinit,
438 2446 57 37 but
508 2446 19 37 a
538 2446 161 37 diffimilar
710 2446 172 37 fublfance.
913 2446 87 37 Two
1012 2446 41 37 of
1064 2446 88 37 thefe

168 2492 77 37 feds
262 2492 64 37 had
343 2492 83 37 their
447 2492 238 37 denomination
708 2492 86 37 from
818 2492 144 37 Acacias
983 2492 109 37 bifhop
1116 2492 41 37 of

169 2539 157 37 Ctefarta,
351 2539 74 37 who
435 2539 87 37 lived
532 2539 33 37 in
576 2539 55 37 the
643 2539 111 37 fourth
766 2539 148 37 century,
929 2539 64 37 and
1008 2539 144 37 changed

168 2584 49 37 his
234 2584 158 37 opinions,
416 2584 35 37 fo
468 2584 51 37 as,
541 2584 35 37 at
589 2584 153 37 different
766 2584 106 37 times,
896 2584 36 37 to
954 2584 41 37 be
1016 2584 85 37 head
1116 2584 41 37 of

168 2630 91 37 both.
308 2630 151 37 Another
473 2630 64 37 was
554 2630 114 37 named
683 2630 84 37 from
784 2630 317 37 Acacius.patriarch
1114 2630 42 37 of

168 2677 274 37 Gonftantinople,
467 2677 72 37 who
554 2677 90 37 lived
650 2677 34 37 in
700 2677 58 37 the
772 2677 82 37 clofe
870 2677 41 37 Of
922 2677 55 37 the
993 2677 72 37 fifth
1075 2677 74 37 cen-

169 2721 86 37 tury.

121 2770 278 37 ACADEMIC,
435 2771 302 36 ACADEMICIAN,
774 2764 38 45 or
843 2771 250 36 ACADEMIST,
1129 2764 21 45 a

170 2815 138 37 member
323 2815 40 37 of
381 2815 40 37 an
443 2815 165 37 academy.
658 2815 66 37 Sec
735 2816 196 36 ACADEMY
950 2815 32 37 in
1005 2815 55 37 the
1078 2815 69 37 mo-

170 2860 76 37 dern
262 2860 98 37 fenfe.

122 2909 298 37 ACADEMICS,
446 2909 38 37 or
499 2909 272 37 AcABEMISTS,
796 2909 19 37 a
839 2909 238 37 denomination
1098 2909 48 37 gi-

169 2951 62 37 ven
245 2951 34 37 to
291 2951 54 37 the
358 2951 188 37 cultivators
561 2951 40 37 of
620 2951 18 37 a
653 2951 119 37 fpecies
787 2951 40 37 of
846 2951 188 37 philofophy
1050 2951 98 37 oiigk*

169 2998 88 37 eally
271 2998 130 37 derived
411 2998 86 37 from
514 2998 163 37 Sornates;
701 2998 63 37 aid
773 2998 192 37 afottwaids
972 2998 176 37 iliuflrsied

219 3046 96 37 Von.
332 3046 31 37 I.
410 3046 59 37 No
489 3046 32 37 i.

1030 3046 19 37 3

1259 158 17 52 )

1623 158 42 52 A
1723 158 35 52 C
1817 158 43 52 A

1251 237 61 37 and
1328 237 200 37 inforoedby
1543 237 109 37 Plato,
1678 237 73 37 who
1768 237 115 37 taught
1899 237 32 37 in
1944 237 19 37 a
1979 237 97 37 grove
2091 237 77 37 near
2183 237 49 37 A-

1249 282 105 37 thens,
1380 282 203 37 confecrated
1595 282 34 37 to
1645 282 57 37 the
1720 282 141 37 memory
1878 282 40 37 of
1929 282 182 37 Academus
2128 282 40 37 an
2185 282 48 37 A-

1249 328 129 37 thenian
1395 328 100 37 hero;
1521 328 84 37 from
1615 328 105 37 which
1732 328 223 37 circumffance
1967 328 64 37 this
2045 328 190 37 philofophy

1249 375 146 37 received
1406 375 55 37 the
1476 375 92 37 name
1582 375 42 37 of
1642 375 211 37 academical.
1901 375 120 37 Before
2037 375 55 37 the
2108 375 79 37 days
2199 375 42 37 of

1248 420 107 37 Plato,
1381 420 188 37 philofophy
1581 420 77 37 had,
1683 420 33 37 in
1731 420 19 37 a
1766 420 90 37 great
1872 420 153 37 meafure,
2051 420 98 37 fallen
2163 420 71 37 into

1248 467 174 37 contempt.
1471 467 78 37 The
1565 467 235 37 conttadidory
1812 467 130 37 fyfleitis
1961 467 63 37 and
2040 467 195 37 hypothefes

1248 513 70 37 that
1335 513 64 37 had
1411 513 198 37 fuccellively
1624 513 80 37 been
1721 513 101 37 urged
1837 513 86 37 upon
1940 513 55 37 the
2009 513 115 37 world,
2150 513 85 37 Were

1247 560 131 37 become
1388 560 35 37 fo
1435 560 182 37 numerous,
1643 560 84 37 that,
1752 560 86 37 from
1850 560 19 37 a
1884 560 85 37 view
1985 560 40 37 of
2043 560 66 37 this
2125 560 109 37 ineon-

1248 605 106 37 ftancy
1370 605 63 37 and
1448 605 201 37 uncertainty
1665 605 40 37 of
1723 605 117 37 human
1856 605 159 37 opinions,
2040 605 95 37 many
2150 605 85 37 were

1248 652 54 37 led
1313 652 34 37 to
1358 652 170 37 conclude,
1554 652 70 37 that
1638 652 89 37 truth
1738 652 55 37 lay
1804 652 127 37 beyond
1943 652 56 37 the
2012 652 94 37 reach
2123 652 47 37 of
2175 652 60 37 our

1249 699 267 37 comprehenfion.
1566 699 157 37 Abfolute
1736 699 64 37 and
1812 699 153 37 univerfal
1977 699 175 37 feeptieifm
2168 699 67 37 was

1249 744 55 37 the
1322 744 122 37 natural
1466 744 216 37 confequeftce
1697 744 42 37 of
1758 744 64 37 this
1840 744 191 37 conciufion.
2080 744 39 37 In
2140 744 96 37 otder

1248 790 36 37 to
1296 790 130 37 remedy
1442 790 65 37 this
1524 790 94 37 abufe
1637 790 42 37 of
1697 790 189 37 philofophy
1903 790 62 37 and
1984 790 42 37 of
2044 790 55 37 the
2115 790 120 37 hufnan

1248 838 159 37 Faculties,
1433 838 94 37 Plato
1542 838 66 37 laid
1623 838 80 37 hold
1719 838 41 37 of
1778 838 55 37 the
1851 838 168 37 principles
2032 838 40 37 of
2090 838 55 37 the
2163 838 71 37 aca-

1247 884 135 37 demical
1400 884 199 37 philofophy,
1624 884 76 37 and,
1725 884 32 37 in
1772 884 51 37 his
1841 884 132 37 Phaedo,
1991 884 126 37 reafonS
2134 884 33 37 m
2179 884 56 37 the

1248 931 167 37 following
1438 931 152 37 manner:
1679 931 37 37 If
1735 931 47 37 we
1807 931 57 37 ate
1891 931 114 37 unable
2027 931 36 37 to
2091 931 144 37 difeover

1298 977 104 37 truth,
1429 977 86 37 (fays
1531 977 72 37 he),
1628 977 25 37 it
1670 977 79 37 mnft
1765 977 40 37 be
1820 977 108 37 owing
1952 977 36 37 to
2010 977 67 37 two
2099 977 134 37 circtam-

1299 1023 141 37 (lances;
1473 1023 102 37 either
1593 1023 91 37 there
1707 1023 26 37 is
1757 1023 42 37 no
1818 1023 92 37 truth
1930 1023 33 37 in
1986 1023 55 37 the
2064 1023 113 37 nature
2196 1023 45 37 df

1298 1070 120 37 things,
1443 1070 38 37 or
1498 1070 56 37 the
1578 1070 101 37 mind,
1703 1070 85 37 from
1813 1070 18 37 a
1847 1070 104 37 defed
1973 1070 33 37 in
2030 1070 41 37 its
2095 1070 138 37 powers,

1298 1116 27 37 is
1339 1116 55 37 not
1406 1116 71 37 able
1489 1116 36 37 to
1538 1116 181 37 apprehend
1734 1116 40 37 it.
1822 1116 100 37 Upon
1934 1116 56 37 the
2005 1116 98 37 latter
2117 1116 117 37 luppo-

1298 1163 104 37 (ition,
1427 1163 44 37 all
1487 1163 57 37 the
1559 1163 201 37 uncertainly
1775 1163 64 37 and
1854 1163 182 37 fiuduation
2048 1163 34 37 in
2093 1163 55 37 the
2164 1163 70 37 opi-

1299 1210 92 37 nions
1407 1210 64 37 and
1486 1210 187 37 judgments
1689 1210 41 37 of
1748 1210 152 37 mankind
1915 1210 100 37 admit
2038 1210 41 37 of
2098 1210 39 37 an
2160 1210 75 37 eafy

1297 1255 159 37 folution:
1485 1255 65 37 Let
1566 1255 36 37 us
1619 1255 162 37 therefore
1806 1255 40 37 be
1869 1255 133 37 model!,
2027 1255 63 37 and
2114 1255 121 37 afefibe

1296 1301 61 37 our
1375 1301 104 37 errors
1498 1301 36 37 to
1551 1301 56 37 the
1625 1301 66 37 real
1708 1301 158 37 weaknefs
1884 1301 41 37 of
1943 1301 59 37 our
2018 1301 73 37 own
2113 1301 119 37 rnirtds,

1298 1347 64 37 and
1373 1347 61 37 not
1450 1347 35 37 to
1502 1347 56 37 the
1573 1347 113 37 nature
1697 1347 42 37 of
1750 1347 107 37 things
1874 1347 201 37 tbremfelves.
2120 1347 114 37 Truth

1298 1396 26 37 is
1347 1396 92 37 often
1462 1396 135 37 difficult
1614 1396 41 37 of
1674 1396 124 37 acoefs:
1825 1396 32 37 in
1873 1396 96 37 order
1982 1396 38 37 to
2036 1396 90 37 come
2142 1396 34 37 at
2191 1396 41 37 ir,

1247 1433 26 24 rt
1298 1442 48 37 We
1363 1442 79 37 mull
1466 1442 137 37 proceed
1619 1442 78 37 with
1715 1442 128 37 camion
1860 1442 62 37 and
1938 1442 180 37 diffidence,
2143 1442 90 37 care-

1248 1485 10 37 *
1258 1476 15 24 c
1298 1485 85 37 fully
1397 1485 183 37 examining
1592 1485 95 37 every
1698 1485 65 37 ftep
1775 1485 10 37 ;
1812 1485 64 37 and
1887 1485 83 37 after
1980 1485 42 37 all
2034 1485 60 37 cur
2106 1485 125 37 labdur,

1299 1531 48 37 we
1371 1531 66 37 will
1462 1531 188 37 frequently
1674 1531 66 37 find
1763 1531 60 37 our
1843 1531 135 37 greateft
2000 1531 112 37 efforts
2129 1531 103 37 difap-

1298 1577 143 37 pointed,
1467 1577 62 37 and
1553 1577 40 37 be
1615 1577 131 37 obliged
1767 1577 36 37 to
1830 1577 124 37 confefs
1978 1577 60 37 Our
2061 1577 173 37 ignorance

1299 1625 64 37 and
1373 1625 198 37 weaknefs.

1295 1671 132 37 Labour
1435 1671 63 37 and
1506 1671 128 37 caution
1645 1671 31 37 in
1689 1671 59 37 our
1760 1671 191 37 refearcb.es,
1965 1671 31 37 in
2009 1671 175 37 oppofitioh
2196 1671 37 37 to

1249 1713 66 37 raffi
1328 1713 62 37 and
1400 1713 90 37 hafty
1499 1713 166 37 decifions,
1683 1713 83 37 were
1783 1713 55 37 the
1850 1713 236 37 diftinguifhing
2101 1713 130 37 charac-

1248 1759 131 37 teriftics
1396 1759 40 37 of
1454 1759 55 37 the
1526 1759 145 37 difciples
1696 1759 40 37 of
1754 1759 66 37 the.
1834 1759 126 37 anoient
1984 1759 164 37 academy.
2196 1759 37 37 A

1247 1807 203 37 philofophcr
1465 1807 149 37 pofTeffed
1630 1807 44 37 of
1689 1807 87 37 thefe
1798 1807 180 37 principles,
2005 1807 66 37 will
2094 1807 40 37 be
2156 1807 77 37 flow

1247 1852 32 37 in
1304 1852 49 37 his
1374 1852 157 37 progrefs,
1557 1852 58 37 but
1639 1852 67 37 will
1731 1852 121 37 fjridom
1876 1852 56 37 fall
1957 1852 68 37 into
2049 1852 118 37 errors,
2192 1852 39 37 or

1247 1899 82 37 have
1344 1899 142 37 occalion
1497 1899 36 37 to
1545 1899 80 37 alter
1636 1899 51 37 his
1703 1899 126 37 opinion
1846 1899 84 37 after
1946 1899 26 37 it
1988 1899 28 37 is
2033 1899 83 37 once
2130 1899 100 37 form-

1248 1944 52 37 ed.
1353 1944 119 37 Vanity
1495 1944 62 37 and
1574 1944 211 37 precipitance
1802 1944 53 37 are
1871 1944 56 37 the
1943 1944 91 37 great
2052 1944 185 37 fourccsof

1247 1993 174 37 fcepticifm
1433 1993 8 37 :
1467 1993 133 37 hurried
1611 1993 42 37 on
1664 1993 44 37 by
1720 1993 98 37 thefe,
1836 1993 119 37 inftead
1966 1993 40 37 of
2017 1993 166 37 attending
2193 1993 38 37 to

1247 2037 55 37 the
1319 2037 70 37 cool
1405 2037 66 37 and
1485 2037 173 37 deliberate
1675 2037 167 37 principles
1855 2037 245 37 recommended
2116 2037 42 37 by
2173 2037 59 37 the

1246 2084 164 37 academy,
1424 2084 117 37 feveral
1555 2084 39 37 of
1605 2084 59 37 our
1673 2084 131 37 modern
1815 2084 217 37 philofophers
2043 2084 81 37 have
2136 2084 94 37 plun-

1246 2130 62 37 ged
1316 2130 187 37 themfclves
1512 2130 69 37 into
1590 2130 39 37 ah
1638 2130 114 37 abfurd
1761 2130 62 37 and
1832 2130 172 37 ridiculous
2011 2130 78 37 kind
2098 2130 40 37 of
2140 2130 88 37 fcep-

1246 2176 113 37 ticifm.
1395 2176 99 37 They
1505 2176 134 37 pretend
1648 2176 35 37 to
1699 2176 151 37 diferedit
1861 2176 109 37 things
1983 2176 69 37 that
2065 2176 52 37 are
2129 2176 98 37 plain,

1246 2223 118 37 fimple,
1390 2223 62 37 and
1464 2223 93 37 eafily
1569 2223 276 37 comprehended;
1873 2223 57 37 but
1941 2223 73 37 give
2024 2223 205 37 peremptory

1247 2268 62 37 and
1320 2268 133 37 decifive
1465 2268 185 37 judgments
1668 2268 84 37 upon
1763 2268 135 37 fubjetfs
1912 2268 70 37 that
1994 2268 162 37 evidently
2169 2268 58 37 ex-

1247 2316 78 37 ceed
1340 2316 55 37 the
1407 2316 98 37 limits
1518 2316 40 37 of
1568 2316 60 37 oor
1639 2316 155 37 capacity.
1844 2316 54 37 Of
1908 2316 89 37 thefe
2012 2316 142 37 Berkley
2163 2316 66 37 ifnd

1246 2363 108 37 Hume
1371 2363 53 37 are
1439 2363 56 37 the
1511 2363 78 37 mod
1608 2363 224 37 confiderable.
1881 2363 141 37 Berkley
2037 2363 115 37 denied
2171 2363 58 37 the

1247 2408 156 37 exigence
1420 2408 40 37 of
1471 2408 95 37 every
1578 2408 103 37 thing,
1699 2408 171 37 excepting
1880 2408 50 37 his
1943 2408 71 37 own
2026 2408 100 37 ideas.
2167 2408 61 37 Mr

1245 2455 108 37 Hume
1369 2455 57 37 has
1443 2455 82 37 gone
1537 2455 18 37 a
1570 2455 66 37 (lep
1651 2455 137 37 further,
1806 2455 62 37 and
1880 2455 184 37 quediohed
2080 2455 78 37 even
2171 2455 55 37 the

1245 2502 158 37 CxiftenCe
1419 2502 41 37 of
1477 2502 109 37 ideas;
1612 2502 58 37 but
1686 2502 32 37 at
1734 2502 55 37 the
1805 2502 82 37 fame
1901 2502 76 37 time
1993 2502 57 37 has
2073 2502 57 37 not
2145 2502 80 37 htfi-

1245 2547 89 37 tated
1350 2547 35 37 to
1402 2547 70 37 give
1483 2547 200 37 determined
1699 2547 145 37 opinions
1864 2547 79 37 with
1964 2547 115 37 regard
2089 2547 36 37 to
2140 2547 84 37 etfer-

1244 2593 81 37 mty,
1350 2593 202 37 providence,
1578 2593 63 37 and
1657 2593 18 37 a
1686 2593 107 37 future
1804 2593 89 37 (late,
1918 2593 191 37 miraculous
2126 2593 99 37 inttr-

1245 2639 147 37 politions
1420 2639 41 37 of
1478 2639 56 37 the
1561 2639 116 37 Deity,
1709 2639 66 37 <bc.
1806 2639 134 37 fubjedh
1967 2639 51 37 far
2041 2639 99 37 above
2168 2639 57 37 the

1244 2685 93 37 reach
1354 2685 40 37 of
1405 2685 59 37 our
1479 2685 160 37 faculties.
1688 2685 39 37 In
1742 2685 49 37 his
1808 2685 83 37 feffay
1907 2685 40 37 on
1963 2685 53 37 the
2033 2685 191 37 academical

1244 2731 37 37 or
1302 2731 148 37 fceptical
1473 2731 201 37 philofophy,
1699 2731 40 37 he
1761 2731 58 37 has
1841 2731 202 37 confounded
2064 2731 65 37 two
2145 2731 79 37 vdry

1243 2780 137 37 oppofite
1407 2780 117 37 fpecies
1552 2780 42 37 of
1617 2780 201 37 pirilofephy.
1872 2780 99 37 After
1998 2780 56 37 the
2080 2780 79 37 days
2176 2771 7 24 :
2183 2780 45 37 of

1241 2825 107 37 Plato,
1365 2825 128 37 indeed,
1512 2825 55 37 the
1583 2825 169 37 principles
1769 2825 40 37 of
1819 2825 57 37 the
1891 2825 64 37 firfl
1970 2825 152 37 academy
2137 2825 85 37 weie

1242 2879 122 37 grofsly
1376 2879 171 37 corrupted
1562 2879 44 37 by
1616 2879 170 37 Arcefrlas,
1803 2879 194 37 Carneades,
2023 2879 64 37 &c.
2135 2879 85 37 This

1242 2918 102 37 might
1360 2918 73 37 lead
1451 2918 59 37 Mr
1526 2918 107 37 Hume
1655 2918 69 37 into
1747 2918 56 37 the
1819 2918 110 37 notion
1946 2918 70 37 that
2033 2918 54 37 the
2103 2918 118 37 etcade-

1242 2964 100 37 Tuical
1355 2964 62 37 and
1422 2964 163 37 fceptical
1598 2964 189 37 philofophy
1798 2964 85 37 were
1894 2964 200 37 fynrouimous
2107 2964 111 37 ternis.

1238 3011 69 37 But
1329 3011 44 37 ao
1395 3011 170 37 principles
1588 3011 58 37 can
1667 3011 40 37 be
1735 3011 41 37 of
1793 3011 20 37 a
1835 3011 90 37 more
1948 3011 138 37 oppofite
2107 3011 112 37 natfire

1699 3064 30 37 C

2142 3064 87 37 thao.
