2396 3377
569 144 41 75 A

755 144 37 75 L

939 144 40 75 G

72 219 63 75 and
161 219 74 75 that
257 219 49 75 we
327 219 81 75 bare
430 219 130 75 already
584 219 114 75 found,
725 219 63 75 and
803 219 194 75 proceeding
1013 219 34 75 as
1071 219 33 75 a-

73 266 82 75 bove
171 266 64 75 you
253 266 74 75 may
343 266 120 75 correct
479 266 56 75 the
551 266 93 75 value
660 266 42 75 of
709 266 39 75 g.

117 312 33 75 It
166 312 27 75 is
210 312 57 75 not
288 312 76 75 only
379 312 62 75 one
460 312 74 75 root
549 312 41 75 of
607 312 41 75 an
664 312 154 75 equation
835 312 70 75 that
924 312 57 75 can
993 312 41 75 be
1047 312 57 75 ob-

71 359 110 75 tained
196 359 44 75 by
256 359 64 75 this
337 359 146 75 method,
507 359 72 75 but,
605 359 44 75 by
673 359 129 75 making
818 359 54 75 ufe
888 359 40 75 of
939 359 56 75 the
1011 359 95 75 other

71 405 112 75 limits,
210 405 63 75 you
298 405 74 75 may
388 405 144 75 difcover
556 405 56 75 the
639 405 94 75 other
762 405 90 75 roots
878 405 33 75 in
938 405 56 75 the
1021 405 84 75 fame

72 452 143 75 manner.
265 452 78 75 The
360 452 152 75 equation
536 452 41 75 of
592 452 34 75 p.
645 452 78 75 116.
741 452 64 75 col.
821 452 33 75 2.
872 452 69 75 par.
960 452 32 75 1.
1019 452 19 75 x
1038 434 69 49 3~

269 502 164 75 —50=0,
451 502 57 75 has
529 502 50 75 for
596 502 42 75 its
655 502 97 75 limits
769 502 35 75 o,
825 502 32 75 3,
879 502 32 75 7,
933 502 57 75 50.
1037 502 69 75 We

70 545 82 75 have
169 545 128 75 already
309 545 102 75 found
426 545 55 75 the
497 545 75 75 leaf!
589 545 73 75 root
678 545 34 75 to
729 545 40 75 be
786 545 111 75 nearly
917 545 186 75 1.02803<5.

71 591 37 75 If
119 591 26 75 it
162 591 25 75 is
206 591 149 75 required
374 591 35 75 to
421 591 66 75 find
503 591 56 75 the
580 591 120 75 middle
719 591 84 75 root,
829 591 65 75 you
910 591 139 75 proceed
1073 591 32 75 in

72 638 55 75 the
144 638 85 75 fame
245 638 131 75 manner
401 638 37 75 to
455 638 176 75 determine
658 638 42 75 its
727 638 121 75 neared
875 638 99 75 limits
1002 638 36 75 to
1066 638 39 75 be

72 687 22 75 6
112 687 62 75 and
193 687 41 75 7;
260 687 52 75 for
336 687 22 75 6
385 687 187 75 fubftituted
593 687 51 75 for
660 687 20 75 x
696 687 87 75 gives
801 687 18 75 a
835 687 142 75 pofitive,
1003 687 62 75 and
1086 687 17 75 7

72 732 18 75 a
107 732 144 75 negative
269 732 110 75 refult.
425 732 184 75 Therefore
626 732 62 75 you
706 732 73 75 may
801 732 130 75 fuppofe

71 778 64 75 and
162 778 43 75 by
227 778 199 75 fubdituting
453 778 65 75 this
545 778 92 75 value
661 778 53 75 for
737 778 19 75 x
781 778 32 75 in
841 778 71 75 that
938 778 166 75 equation,

70 824 66 75 you
152 824 66 75 find
225 824 149 75 p+zf
374 806 8 49 1
382 824 224 75 —9/+4=o,
628 824 34 75 fo
678 824 71 75 that
759 824 87 75 /=£
861 824 122 75 nearly.
1041 824 63 75 Or,

71 895 82 75 fince
174 895 71 75 f—
356 895 22 75 ^
470 895 14 75 ,
513 895 28 75 it
563 895 27 75 is
621 895 60 75 (by
701 895 202 75 fubftituting
930 895 25 75 £
982 895 53 75 for
1052 895 53 75 f)

270 936 106 75 9—3/
376 918 10 49 1
386 936 59 75 -/
445 918 18 49 1

61 988 63 75 f—
216 988 412 75 iwhence

841 988 123 75 nearly.
980 988 126 75 Which

146 1033 18 75 9
214 1033 21 75 T
285 1033 48 75 It

72 1068 94 75 value’
180 1068 75 75 may
271 1068 62 75 dill
348 1068 42 75 be
407 1068 166 75 corroded
596 1068 34 75 as
647 1068 33 75 in
696 1068 56 75 the
775 1068 173 75 preceding
964 1068 140 75 articles.

72 1114 100 75 After
183 1114 55 75 the
250 1114 83 75 fame
350 1114 131 75 manner
496 1114 64 75 you
577 1114 75 75 may
663 1114 221 75 approximate
896 1114 35 75 to
943 1114 55 75 the
1013 1114 94 75 value

71 1163 39 75 of
122 1163 56 75 the
194 1163 123 75 highed
335 1163 73 75 root
424 1163 40 75 of
480 1163 54 75 the
551 1163 163 75 equation.

119 1209 23 75 “
161 1209 39 75 In
212 1209 41 75 all
271 1209 87 75 thefe
374 1209 195 75 operations,
587 1209 63 75 you
667 1209 67 75 will
755 1209 221 75 approximate
993 1209 113 75 fooner

73 1239 26 49 H
122 1257 36 75 to
174 1257 56 75 the
247 1257 93 75 value
364 1257 40 75 of
419 1257 56 75 the
499 1257 85 75 root,
610 1257 32 75 if
655 1257 65 75 you
747 1257 74 75 take
846 1257 56 75 the
930 1257 91 75 three
1048 1257 58 75 lad

73 1301 24 75 “
122 1301 99 75 terms
244 1301 40 75 of
303 1301 55 75 the
375 1301 163 75 equation,
563 1301 64 75 and
654 1301 124 75 extraft:
804 1301 57 75 the
887 1301 74 75 root
985 1301 41 75 of
1048 1301 57 75 the

74 1347 23 75 “
123 1347 167 75 quadratic
306 1347 152 75 equation
475 1347 163 75 confiding
660 1347 41 75 of
711 1347 88 75 thefe
815 1347 91 75 three
922 1347 136 75 terms.”

120 1395 111 75 Then,
255 1395 33 75 in
306 1395 32 75 p.
362 1395 78 75 116.
465 1395 64 75 col.
550 1395 33 75 2.
609 1395 70 75 par.
699 1395 33 75 2.
757 1395 121 75 indead
904 1395 40 75 of
967 1395 55 75 the
1039 1395 66 75 two

73 1441 57 75 lad
153 1441 98 75 terms
268 1441 41 75 of
329 1441 54 75 the
400 1441 153 75 equation
568 1441 47 75 p
629 1441 48 75 —
690 1441 364 75 i2/'*+36y"—1=0,
1079 1441 31 75 if

71 1487 65 75 you
164 1487 74 75 take
265 1487 56 75 the
348 1487 92 75 three
464 1487 69 75 lad,
562 1487 64 75 and
653 1487 124 75 extract
804 1487 56 75 the
882 1487 72 75 root
984 1487 39 75 of
1047 1487 57 75 the

73 1534 168 75 quadrartic
267 1534 321 75 12/^—36/H-i=o»
612 1534 63 75 you
693 1534 66 75 will
787 1534 66 75 find
872 1534 230 75 y=.028o3i,

72 1581 106 75 which
194 1581 27 75 is
238 1581 96 75 much
350 1581 111 75 nearer
477 1581 55 75 the
547 1581 72 75 true
645 1581 93 75 value
762 1581 78 75 than
856 1581 87 75 what
960 1581 63 75 you
1039 1581 64 75 dif-

72 1627 95 75 cover
183 1627 44 75 by
242 1627 164 75 fuppofing
425 1627 200 75 36/^—1=0.

118 1673 33 75 It
168 1673 26 75 is
211 1673 133 75 obvious
361 1673 70 75 that
448 1673 63 75 this
523 1673 133 75 method
672 1673 136 75 extends
820 1673 34 75 to
867 1673 42 75 all
921 1673 181 75 equations.

120 1720 25 75 “
169 1720 54 75 By
238 1720 152 75 affuming
410 1720 166 75 equations
598 1720 135 75 affedted
747 1720 80 75 with
851 1720 127 75 general
995 1720 107 75 coeffi-

74 1765 23 75 “
123 1765 114 75 cients,
270 1765 64 75 you
362 1765 85 75 may,
481 1765 44 75 by
552 1765 63 75 this
644 1765 145 75 method,
825 1765 121 75 deduce
974 1765 127 75 general

75 1810 23 75 “
125 1810 83 75 rules
232 1810 39 75 or
292 1810 161 75 theorems
470 1810 51 75 for
544 1810 256 75 approximating
816 1810 35 75 to
875 1810 55 75 the
954 1810 89 75 roots
1066 1810 41 75 of

75 1859 23 75 “
122 1859 157 75 propofed
294 1859 166 75 equations
477 1859 41 75 of
529 1859 160 75 whatever
704 1859 153 75 degree.”

74 1997 163 75 Chap.
268 1997 127 75 XXII.
455 1997 65 75 Of
531 1997 66 75 the
624 1997 124 75 Rules
765 1997 71 75 fer
853 1997 162 75 finding
1036 1997 66 75 the

128 2052 174 75 Number
318 2052 49 75 of
377 2052 197 75 Impojfible
601 2052 113 75 Roots
745 2052 41 75 in
813 2052 53 75 an
894 2052 205 75 Equation.

118 2151 85 75 The
230 2151 132 75 number
385 2151 42 75 of
447 2151 162 75 impojjible
633 2151 88 75 roots
738 2151 33 75 in
787 2151 40 75 an
846 2151 151 75 equation
1013 2151 87 75 may,

73 2197 50 75 for
140 2197 79 75 mod
234 2197 84 75 part,
343 2197 39 75 be
398 2197 101 75 found
516 2197 42 75 by
576 2197 63 75 this

73 2272 123 75 Rule.
245 2272 111 75 Write
371 2272 95 75 down
483 2272 19 75 a
515 2272 96 75 feries
634 2272 40 75 of
695 2272 151 75 fractions
870 2272 107 75 whofe
1001 2272 99 75 deno-

119 2318 153 75 minators
288 2318 53 75 are
357 2318 56 75 the
429 2318 147 75 numbers
592 2318 33 75 in
642 2318 65 75 this
730 2318 203 75 progreflion,
963 2318 31 75 1,
1013 2318 33 75 2,
1066 2318 33 75 3,

121 2366 34 75 4,
184 2366 32 75 5.
243 2366 64 75 <bc.
332 2366 170 75 continued
529 2366 36 75 to
592 2366 56 75 the
675 2366 133 75 number
838 2366 106 75 which
972 2366 128 75 expref-

119 2411 47 75 fes
193 2411 56 75 the
280 2411 173 75 dimenfion
480 2411 40 75 o«f
546 2411 55 75 the
628 2411 165 75 equation.
858 2411 121 75 Divide
1004 2411 96 75 every

119 2456 133 75 fraftion
272 2456 33 75 in
328 2456 56 75 the
403 2456 94 75 feries
520 2456 45 75 by
580 2456 71 75 that
672 2456 107 75 which
802 2456 151 75 precedes
973 2456 38 75 it,
1038 2456 62 75 and

118 2504 90 75 place
223 2504 56 75 the
295 2504 160 75 quotients
471 2504 33 75 in
520 2504 95 75 order
631 2504 76 75 over
723 2504 54 75 the
795 2504 120 75 middle
941 2504 98 75 terms
1064 2504 41 75 of

118 2550 56 75 the
190 2550 165 75 equation.
403 2550 88 75 And,
516 2550 31 75 if
565 2550 56 75 the
647 2550 112 75 fquare
782 2550 40 75 of
842 2550 60 75 any
918 2550 81 75 term
1016 2550 83 75 mul-

118 2596 112 75 tiplied
244 2596 69 75 into
337 2596 55 75 the
414 2596 135 75 fraction
577 2596 70 75 that
674 2596 104 75 (lands
806 2596 78 75 over
909 2596 25 75 it
961 2596 87 75 gives
1079 2596 19 75 a

118 2642 133 75 product
266 2642 125 75 greater
406 2642 76 75 than
498 2642 56 75 the
571 2642 157 75 redtangle
745 2642 40 75 of
796 2642 55 75 the
868 2642 66 75 two
951 2642 147 75 adjacent

57 2688 8 75 .
117 2688 112 75 terms,
254 2688 91 75 write
363 2688 99 75 under
479 2688 56 75 the
562 2688 82 75 term
665 2688 56 75 the
743 2688 66 75 fign
830 2688 49 75 +,
903 2688 59 75 but
983 2688 31 75 if
1025 2688 71 75 that

58 2733 10 75 ,
118 2733 134 75 product
266 2733 27 75 fs
311 2733 56 75 not
386 2733 126 75 greater
538 2733 78 75 than
639 2733 56 75 the
722 2733 171 75 redtangle,
917 2733 92 75 write
1023 2733 70 75 —;

119 2781 62 75 and
197 2781 62 75 the-
268 2781 80 75 figns
365 2781 101 75 under
481 2781 55 75 the
555 2781 145 75 extreme
711 2781 99 75 terms
827 2781 94 75 being
937 2781 50 75 +,
1004 2781 92 75 there

118 2828 65 75 will
200 2828 40 75 be
258 2828 33 75 as
312 2828 95 75 many
423 2828 182 75 imaginary
622 2828 89 75 roots
729 2828 33 75 as
780 2828 91 75 there
887 2828 54 75 are
957 2828 138 75 changes

117 2874 42 75 of
169 2874 55 75 the
240 2874 80 75 figns
336 2874 84 75 from
436 2874 38 75 +
489 2874 35 75 to
539 2874 60 75 —>
625 2856 39 49 an
664 2874 24 75 d
702 2874 85 75 from
801 2874 48 75 —
864 2874 36 75 to
916 2874 50 75 +•

116 2947 109 75 Thus,
256 2947 56 75 the
334 2947 93 75 given
451 2947 151 75 equation
628 2947 95 75 being
740 2947 18 75 x
758 2929 17 49 3
775 2947 101 75 +/>x
876 2929 14 49 x
906 2947 38 75 +
958 2947 79 75 3/dx
1047 2947 48 75 —

69 2995 23 75 q
102 2995 36 75 —
148 2995 76 75 o,\
243 2995 106 75 divide
365 2995 56 75 the
437 2995 116 75 fecond
568 2995 135 75 fraction
720 2995 39 75 of
770 2995 55 75 the
840 2995 93 75 feries
1056 2995 36 75 -f,

119 3041 96 75 Vol.
232 3041 30 75 I.
287 3041 72 75 No.
379 3041 34 75 5.

1027 3041 19 75 3

1126 139 34 75 E

1305 139 36 75 B

1488 139 36 75 R

1671 139 53 75 A.

2111 139 81 75 117

1157 207 44 75 by
1223 207 57 75 the
1306 207 77 75 fird,
1415 207 63 75 and
1506 207 55 75 the
1589 207 89 75 third
1702 207 44 75 by
1773 207 55 75 the
1855 207 129 75 fecomd,
2010 207 63 75 and
2100 207 90 75 place

1155 253 57 75 the
1241 253 163 75 quotients
1478 253 62 75 and
1562 253 36 75 -f,
1625 253 78 75 over
1727 253 56 75 the
1805 253 120 75 middle
1951 253 98 75 terms
2073 253 34 75 in
2126 253 64 75 this

1155 299 143 75 manner,

1426 385 25 75 T
1542 385 25 75 T
1658 426 76 75 ?=o

1345 471 38 75 +
1420 471 49 75 —
1521 471 38 75 +
1641 471 40 75 +

1154 546 99 75 Then
1277 546 132 75 becaufe
1425 546 56 75 the
1497 546 113 75 fquare
1637 546 42 75 of
1696 546 57 75 the
1777 546 117 75 fecond
1909 546 83 75 term
2009 546 181 75 multiplied

1155 592 68 75 into
1241 592 208 75 the.fradlion
1465 592 71 75 that
1552 592 103 75 (lands
1672 592 78 75 over
1765 592 40 75 it,
1831 592 71 75 that
1918 592 40 75 is,
1983 592 77 75 \Xp
2060 574 18 49 2
2078 592 27 75 x
2115 592 32 75 ',■
2161 592 29 75 is

1155 638 58 75 lefs
1230 638 77 75 than
1328 638 39 75 3j»
1367 620 21 49 1
1388 638 24 75 *
1412 620 17 49 4
1456 638 57 75 the
1540 638 159 75 redtangle
1726 638 103 75 under
1855 638 56 75 the
1939 638 64 75 firft
2020 638 62 75 and
2099 638 89 75 third

1156 685 110 75 terms,
1292 685 17 75 I
1326 685 90 75 place
1431 685 102 75 under
1548 685 56 75 the
1620 685 117 75 fecond
1749 685 82 75 term
1847 685 56 75 the
1915 685 63 75 fign
1995 685 65 75 —:
2081 685 57 75 but
2152 685 34 75 as

1344 731 92 75 (=:3p
1436 713 17 49 4
1453 731 23 75 x
1476 713 21 49 >
1497 731 19 75 )
1543 731 56 75 the
1621 731 113 75 fquare
1750 731 41 75 of
1801 731 55 75 the
1873 731 88 75 third
1979 731 82 75 term
2078 731 108 75 multi-

1154 778 85 75 plied
1255 778 69 75 into
1339 778 41 75 its
1397 778 134 75 fradtion
1556 778 26 75 is
1607 778 125 75 greater
1749 778 77 75 than
1851 778 143 75 nothing,
2019 778 64 75 and
2110 778 77 75 con-

1154 823 168 75 fequently
1349 823 95 75 much
1467 823 126 75 greater
1608 823 77 75 than
1700 823 108 75 —pqx
1808 805 20 49 z
1828 823 17 75 ,
1871 823 56 75 the
1942 823 147 75 negative
2109 823 73 75 pro-

1154 872 75 75 dudt
1245 872 41 75 of
1297 872 55 75 the
1369 872 164 75 adjoining
1548 872 110 75 terms,
1675 872 17 75 I
1713 872 90 75 write
1816 872 101 75 under
1928 872 55 75 the
1999 872 90 75 third
2101 872 84 75 term

1156 917 54 75 the
1228 917 64 75 fign
1309 917 50 75 +.
1408 917 16 75 I
1442 917 92 75 write
1559 917 37 75 +
1620 917 138 75 likewife
1779 917 101 75 under
1897 917 19 75 x
1916 899 17 49 3
1953 917 63 75 and
2038 917 68 75 —q
2130 917 58 75 the

1156 963 64 75 fird
1237 963 63 75 and
1315 963 57 75 lad
1388 963 97 75 terms
1501 963 10 75 ;
1538 963 63 75 and
1616 963 120 75 finding
1751 963 32 75 in
1801 963 54 75 the
1873 963 92 75 figns,
1990 963 74 75 thus
2081 963 105 75 mark-

1155 1010 53 75 ed,
1234 1010 65 75 two
1323 1010 149 75 changes,
1497 1010 61 75 one
1575 1010 84 75 from
1675 1010 39 75 +
1729 1010 35 75 to
1779 1010 59 75 —,
1864 1010 63 75 and
1951 1010 134 75 another
2103 1010 84 75 from

1155 1056 47 75 —
1217 1056 35 75 to
1349 1056 18 75 I
1395 1056 153 75 conclude
1572 1056 55 75 the
1654 1056 153 75 equation
1833 1056 57 75 has
1919 1056 66 75 two
2011 1056 172 75 impoffible

1155 1104 103 75 roots.

1202 1149 111 75 When
1323 1149 67 75 two
1402 1149 38 75 or
1449 1149 89 75 more
1555 1149 96 75 terms
1669 1149 63 75 are.
1739 1149 140 75 wanting
1893 1149 33 75 in
1942 1149 56 75 the
2015 1149 165 75 equation,

1155 1196 99 75 under
1270 1196 56 75 the
1338 1196 64 75 fird
1417 1196 41 75 of
1467 1196 77 75 fuch
1560 1196 98 75 terms
1676 1196 87 75 place
1779 1196 56 75 the
1852 1196 64 75 fign
1932 1196 60 75 —,
2010 1196 102 75 under
2127 1196 58 75 the

1154 1244 115 75 fecond
1281 1244 50 75 +,
1347 1244 103 75 under
1465 1244 56 75 the
1537 1244 88 75 third
1639 1244 140 75 —,’and
1795 1244 33 75 fo
1844 1244 41 75 on
1899 1244 209 75 alternately;
2127 1244 57 75 on-

1154 1289 34 75 ly
1212 1289 93 75 when
1321 1289 55 75 the
1392 1289 66 75 two
1473 1289 98 75 terms
1588 1289 35 75 to
1640 1289 54 75 the
1711 1289 87 75 right
1814 1289 62 75 and
1892 1289 59 75 left
1974 1289 40 75 of
2032 1289 56 75 the
2103 1289 79 75 defi-

1154 1335 84 75 cient
1255 1335 97 75 terms
1369 1335 80 75 have
1466 1335 150 75 contrary
1632 1335 92 75 figns,
1750 1335 64 75 you
1830 1335 53 75 are
1906 1335 118 75 always
2040 1335 36 75 to
2091 1335 93 75 write

1154 1383 54 75 the
1226 1383 65 75 fign
1361 1383 101 75 under
1476 1383 56 75 the
1548 1383 57 75 lad
1623 1383 150 75 deficient
1789 1383 95 75 term.

1200 1429 49 75 As
1272 1429 33 75 in
1327 1429 56 75 the
1398 1429 167 75 equations

1388 1524 22 49 x
1410 1492 16 75 s
1426 1524 85 49 +ax
1511 1492 16 75 *
1574 1492 22 75 *
1645 1492 21 75 *
1715 1492 22 75 *
1776 1492 138 75 +a*=o

1389 1552 37 75 +
1472 1552 39 75 +
1556 1552 49 75 —
1636 1552 39 75 +
1696 1552 49 75 —
1814 1552 38 75 +

1303 1596 62 75 and
1387 1596 24 75 x
1411 1578 16 49 s
1427 1596 100 75 +ax*
1570 1596 20 75 *
1641 1596 20 75 *
1711 1596 21 75 *
1770 1596 68 75 —a
1838 1578 17 49 s
1855 1596 60 75 =zo

1388 1647 37 75 +
1471 1647 267 75 +--++
1810 1647 39 75 +

1151 1723 55 75 the
1222 1723 63 75 fird
1302 1723 40 75 of
1354 1723 105 75 which
1474 1723 58 75 has
1550 1723 87 75 four
1652 1723 171 75 impofilhle
1843 1723 100 75 roots,
1969 1723 64 75 and
2061 1723 54 75 the
2143 1723 36 75 0-

1152 1769 72 75 ther
1247 1769 14 75 t'
1261 1769 35 75 M.
1296 1769 6 75 '
1302 1769 23 75 o.

1198 1816 111 75 Hence
1326 1816 57 75 too
1399 1816 48 75 we
1463 1816 74 75 may
1553 1816 143 75 difcover
1712 1816 31 75 if
1754 1816 55 75 the
1825 1816 175 75 imaginary
2027 1816 88 75 roots
2138 1816 43 75 lie

1149 1863 58 75 hid
1224 1863 114 75 among
1354 1863 55 75 the
1426 1863 199 75 affirmative,
1651 1863 38 75 or
1713 1863 115 75 among
1843 1863 56 75 the
1916 1863 144 75 negative
2077 1863 103 75 roots.

1150 1909 65 75 For
1231 1909 54 75 the
1302 1909 81 75 figns
1400 1909 39 75 of
1451 1909 55 75 the
1522 1909 98 75 terms
1639 1909 104 75 which
1761 1909 87 75 dand
1864 1909 75 75 over
1956 1909 55 75 the
2027 1909 80 75 figns
2123 1909 56 75 be-

1148 1955 64 75 low
1228 1955 70 75 that
1319 1955 122 75 change
1458 1955 84 75 from
1558 1955 38 75 -j-
1611 1955 36 75 to
1662 1955 58 75 —,
1747 1955 62 75 and
1825 1955 46 75 —
1887 1955 35 75 to
1939 1955 48 75 +,
2014 1955 95 75 (hew,
2135 1955 45 75 by

1148 2002 54 75 the
1219 2002 134 75 number
1366 2002 40 75 of
1417 2002 84 75 their
1517 2002 183 75 variations,
1717 2002 75 75 how
1808 2002 95 75 many
1917 2002 41 75 of
1968 2002 55 75 the
2039 2002 134 75 impofii-

1147 2048 52 75 ble
1221 2048 87 75 roots
1328 2048 52 75 are
1396 2048 36 75 to
1454 2048 39 75 be
1511 2048 158 75 reckoned
1686 2048 206 75 affirmative;
1917 2048 63 75 and
1996 2048 69 75 that
2083 2048 91 75 there

1147 2095 52 75 are
1213 2095 32 75 as
1263 2095 93 75 many
1373 2095 143 75 negative
1532 2095 175 75 imaginary
1723 2095 88 75 rdots
1828 2095 34 75 as
1879 2095 91 75 there
1987 2095 53 75 are
2056 2095 118 75 repeti-

1148 2141 83 75 tions
1248 2141 40 75 of
1301 2141 54 75 the
1371 2141 83 75 fame
1474 2141 79 75 fign.

1198 2187 48 75 As
1262 2187 32 75 in
1311 2187 56 75 the
1386 2187 151 75 equation

1338 2260 19 75 x
1357 2242 16 49 J
1373 2260 92 75 —4x
1465 2242 17 49 4
1482 2260 85 75 +4*
1567 2242 17 49 s
1584 2260 332 75 —2X*—5.*—4=0

1336 2310 38 75 +
1420 2310 39 75 +
1525 2310 49 75 —
1631 2310 37 75 +
1738 2310 39 75 +
1834 2310 38 75 +

1149 2381 54 75 the
1226 2381 81 75 figns
1333 2381 13 75 (
1427 2381 6 75 1
1514 2381 14 75 )
1554 2381 41 75 of
1612 2381 56 75 the
1683 2381 98 75 terms
1802 2381 101 75 —4X
1903 2363 16 49 4
1931 2381 38 75 +
1981 2381 42 75 4X
2023 2363 17 49 3
2049 2381 121 75 —2x*

1147 2425 105 75 which
1268 2425 87 75 dand
1367 2425 76 75 over
1453 2425 55 75 the
1520 2425 79 75 figns
1616 2425 22 75 -|
1739 2425 21 75 )-
1775 2425 143 75 pointing
1934 2425 57 75 out
2008 2425 64 75 two
2087 2425 86 75 affir-

1148 2472 115 75 mative
1288 2472 102 75 roots,
1415 2472 48 75 we
1484 2472 85 75 infer
1586 2472 70 75 that
1680 2472 66 75 two
1762 2472 171 75 impoflible
1960 2472 88 75 roots
2076 2472 42 75 lie
2138 2472 34 75 a-

1148 2519 95 75 mong
1268 2519 55 75 the
1356 2519 185 75 affirmative
1556 2519 9 75 :
1609 2519 62 75 and
1696 2519 55 75 the
1781 2519 91 75 three
1896 2519 137 75 changes
2058 2519 41 75 of
2117 2519 56 75 the

1146 2564 79 75 figns
1243 2564 32 75 in
1303 2564 55 75 the
1382 2564 151 75 equation
1555 2564 151 75 (-j—*—

1853 2564 76 75 —)
1956 2564 108 75 giving
2080 2564 91 75 three

1145 2609 186 75 affirmative
1348 2609 87 75 roots
1458 2609 61 75 and
1546 2609 65 75 two
1634 2609 158 75 negative,
1817 2609 56 75 the
1898 2609 62 75 five
1984 2609 90 75 roots
2102 2609 67 75 will

1144 2657 40 75 be
1208 2657 60 75 one
1293 2657 63 75 real
1384 2657 197 75 affirmative,
1606 2657 67 75 two
1699 2657 157 75 negative,
1881 2657 64 75 and
1966 2657 65 75 two
2058 2657 110 75 imagi-

1144 2703 78 75 nary
1242 2703 214 75 affirmatives.
1504 2703 37 75 If
1551 2703 56 75 the
1623 2703 150 75 equation
1789 2703 65 75 had
1869 2703 81 75 been

1285 2776 19 75 x
1304 2758 15 49 5
1319 2776 91 75 —4X
1410 2758 16 49 4
1426 2776 92 75 —4X
1518 2758 20 49 3
1538 2776 95 75 —2X
1633 2758 20 49 1
1653 2776 222 75 —5X—4=0

1285 2829 37 75 +
1368 2829 37 75 +
1472 2829 49 75 —
1589 2829 48 75 -
1706 2829 38 75 -b
1790 2829 39 75 +

1144 2897 56 75 the
1220 2897 203 75 terms—4X
1423 2879 16 49 4
1439 2897 93 75 —4X
1532 2879 20 49 3
1580 2897 70 75 that
1677 2897 89 75 dand
1792 2897 77 75 over
1898 2897 55 75 the
1975 2897 64 75 frd
2063 2897 103 75 vaca-

1142 2943 67 75 tion
1225 2943 23 75 -1
1322 2943 14 75 ,
1361 2943 82 75 (hew
1459 2943 43 75 by
1518 2943 55 75 the
1589 2943 169 75 repetition
1785 2943 40 75 of
1848 2943 55 75 the
1930 2943 64 75 fign
2009 2943 59 75 —,
2094 2943 71 75 that

1141 2991 60 75 one
1216 2991 173 75 imaginary
1403 2991 74 75 root
1499 2991 28 75 is
1548 2991 35 75 to
1604 2991 41 75 be
1672 2991 160 75 reckoned
1848 2991 157 75 negative,
2031 2991 62 75 and
2109 2991 66 75 the.

1664 3037 35 75 G
1716 3037 22 75 g

2066 3037 33 75 te
2116 3037 51 75 ms
