2397 3387
522 127 35 75 B
618 127 34 75 E
711 127 43 75 A

1098 127 18 75 (
1175 127 86 75 534
1319 127 19 75 )

1686 127 36 75 B
1780 127 34 75 E
1874 127 40 75 A

162 199 91 75 High
271 199 179 75 Bearing
469 199 84 75 cock,
578 199 60 75 one
655 199 103 75 larger
777 199 77 75 than
870 199 57 75 the
943 199 83 75 cock
1042 199 43 75 he
1098 199 98 75 fights

161 290 180 75 Bearing
361 290 114 75 claws,
502 290 116 75 among
634 290 244 75 cock-fighters,
896 290 55 75 the
966 290 149 75 foremoft
1127 290 70 75 toes

209 337 41 75 of
257 337 19 75 a
286 337 91 75 cock.
408 337 36 75 If
448 337 87 75 thefe
545 337 53 75 are
607 337 76 75 hurt
692 337 38 75 or
742 337 178 75 gravelled,
930 337 39 75 he
980 337 114 75 cannot
1104 337 93 75 fight.

161 384 181 75 BEARN,
368 384 17 75 a
399 384 149 75 province
564 384 33 75 in
613 384 57 75 the
682 384 92 75 fouth
784 384 41 75 of
837 384 134 75 France,
989 384 150 75 bounded
1155 384 43 75 by

210 429 153 75 Gafcony
378 429 41 75 on
448 429 55 75 the
520 429 124 75 North,
670 429 62 75 and
760 429 43 75 by
820 429 56 75 the
893 429 166 75 Pyrenean
1084 429 112 75 moun-

208 475 96 75 tains,
330 475 106 75 which
448 475 142 75 feparate
605 475 25 75 it
648 475 85 75 from
751 475 111 75 Spain,
879 475 41 75 on
938 475 56 75 the
1007 475 106 75 fouth.

161 523 64 75 BE
230 523 92 75 AST
359 523 117 75 among
500 523 182 75 gamefters,
708 523 18 75 a
742 523 91 75 game
841 523 41 75 "at
899 523 105 75 cards,
1033 523 118 75 played
1165 523 33 75 in

210 570 65 75 this
291 570 151 75 manner:
469 570 76 75 The
562 570 66 75 heft
641 570 92 75 cards
751 570 53 75 are
821 570 56 75 the
890 570 88 75 king,
996 570 116 75 queen,
1132 570 65 75 eirc.

208 615 148 75 whereof
367 615 78 75 they
461 615 93 75 make
581 615 92 75 three
697 615 112 75 heaps,
834 615 55 75 the
916 615 90 75 king,
1031 615 55 75 the
1110 615 86 75 play,

211 663 63 75 and
291 663 120 75 triolet.

264 709 19 75 T
293 709 88 75 hree,
407 709 85 75 four,
518 709 37 75 or
572 709 61 75 five
645 709 74 75 may
732 709 94 75 play;
854 709 61 75 and
932 709 36 75 to
980 709 96 75 every
1093 709 61 75 one
1171 709 27 75 is

209 754 86 75 dealt
320 754 62 75 five
406 754 106 75 cards.
560 754 177 75 However,
762 754 111 75 before
899 754 57 75 the
983 754 74 75 play
1074 754 123 75 begins,

210 801 96 75 every
322 801 60 75 one
410 801 101 75 flakes
539 801 36 75 to
591 801 56 75 the
672 801 91 75 three
787 801 112 75 heaps.
950 801 52 75 He
1031 801 70 75 that
1119 801 79 75 wins

210 848 80 75 moll
319 848 110 75 tricks,
456 848 90 75 takes
564 848 41 75 up
622 848 54 75 the
704 848 82 75 heap
810 848 102 75 called
930 848 55 75 the
1013 848 94 75 play:
1146 848 53 75 He

211 894 71 75 that
300 894 79 75 hath
405 894 55 75 the
476 894 89 75 king,
591 894 90 75 takes
698 894 42 75 up
756 894 56 75 the
835 894 81 75 heap
934 894 33 75 fo
984 894 125 75 called;
1138 894 62 75 and

213 941 40 75 he
271 941 70 75 that
359 941 78 75 hath
462 941 92 75 three
579 941 39 75 of
642 941 61 75 any
721 941 77 75 fort,
831 941 70 75 that
918 941 39 75 is,
983 941 91 75 three
1097 941 103 75 fours,

212 987 92 75 three
320 987 89 75 fitfes,
435 987 93 75 three
544 987 80 75 fixes
657 987 64 75 &sc.
747 987 90 75 takes
850 987 42 75 up
905 987 55 75 the
978 987 108 75 triolet
1105 987 94 75 heap.

164 1033 53 75 Be
227 1033 71 75 ast
308 1033 4 75 ,
326 1033 34 75 in
372 1033 18 75 a
400 1033 127 75 general
539 1033 97 75 fenfe,
651 1033 38 75 an
703 1033 192 75 appellation
905 1033 93 75 given
1008 1033 35 75 to
1056 1033 42 75 all
1111 1033 89 75 four-

213 1080 109 75 footed
340 1080 144 75 animals,
510 1080 159 75 Ik'either
686 1080 51 75 for
754 1080 90 75 food,
870 1080 125 75 labour,
1021 1080 37 75 or
1075 1080 100 75 fport.

166 1126 153 75 Beasts
335 1126 39 75 of
385 1126 139 75 burden,
535 1126 35 75 in
584 1126 17 75 a
613 1126 201 75 commercial
828 1126 97 75 fenfe,
945 1126 41 75 all
999 1126 204 75 four-footed

212 1172 131 75 animals
369 1172 104 75 which
499 1172 89 75 ferve
615 1172 34 75 to
679 1172 91 75 carry
789 1172 239 75 merchandizes
1058 1172 41 75 on
1118 1172 83 75 their

211 1218 110 75 backs.
369 1218 76 75 The
474 1218 99 75 beads
603 1218 162 75 generally
782 1218 75 75 ufed
884 1218 52 75 for
960 1218 63 75 this
1053 1218 147 75 purpofe,

213 1265 51 75 are
292 1265 181 75 elephants,
504 1265 228 75 dromedaries,
770 1265 129 75 camels,
930 1265 121 75 horfes.
1084 1265 113 75 mules,

213 1311 88 75 affes,
328 1311 61 75 and
409 1311 55 75 the
481 1311 91 75 Iheep
590 1311 40 75 of
642 1311 137 75 Mexico
797 1311 62 75 and
875 1311 97 75 Peru.

165 1358 150 75 Beasts
334 1358 39 75 of
384 1358 56 75 the
464 1358 97 75 chace
583 1358 53 75 are
653 1358 82 75 five;
761 1358 70 75 viz.
857 1358 54 75 the
930 1358 95 75 buck,
1051 1358 56 75 the
1124 1358 75 75 doe,

214 1404 55 75 the
287 1404 70 75 fox,
383 1404 56 75 the
455 1404 68 75 roe,
549 1404 64 75 and
628 1404 56 75 the
700 1404 130 75 martin.

166 1451 150 75 Beasts
335 1451 63 75 and
403 1451 107 75 fevils
526 1451 40 75 of
578 1451 56 75 the
651 1451 137 75 warren,
814 1451 54 75 are
887 1451 56 75 the
959 1451 89 75 hare,
1074 1451 55 75 the
1145 1451 55 75 co-

215 1497 72 75 ney,
314 1497 55 75 the
388 1497 163 75 pheafant,
577 1497 62 75 and
655 1497 175 75 partridge.

165 1543 152 75 Beasts
345 1543 40 75 of
408 1543 55 75 the
490 1543 95 75 forell
610 1543 52 75 are
686 1543 55 75 the
758 1543 85 75 hart,
868 1543 92 75 hind,
985 1543 89 75 hare,
1108 1543 91 75 boar,

215 1590 62 75 and
293 1590 83 75 wolf

168 1634 191 75 Rether-^z
364 1634 70 75 AST
444 1634 31 75 S.
527 1634 62 75 See
605 1634 187 75 Rother.

165 1683 148 75 BEAT,
336 1683 32 75 in
394 1683 18 75 a
435 1683 130 75 general
592 1683 218 75 figmfication,
834 1683 137 75 fignifies
999 1683 35 75 to
1058 1683 143 75 chaflife,

214 1729 107 75 ftrike,
346 1729 119 75 knock,
490 1729 37 75 or
544 1729 151 75 vanquilh

261 1775 85 75 This
363 1775 92 75 word
471 1775 56 75 has
540 1775 119 75 feveral
677 1775 94 75 other
788 1775 219 75 fignifications
1019 1775 31 75 in
1068 1775 55 75 the
1136 1775 63 75 ma-

216 1821 191 75 nufadtures,
433 1821 63 75 and
513 1821 33 75 in
563 1821 55 75 the
636 1821 66 75 arts
719 1821 62 75 and
812 1821 107 75 rades.
969 1821 192 75 Sometimes
1177 1821 25 75 it

203 1868 142 75 Signifies
363 1868 36 75 to
422 1868 92 75 forge
539 1868 63 75 and
629 1868 155 75 hammer,
810 1868 31 75 in
861 1868 103 75 which
982 1868 85 75 fenfe
1090 1868 112 75 fmiths

214 1913 62 75 and
293 1913 134 75 farriers
439 1913 67 75 fay,
531 1913 35 75 to
590 1913 75 75 beat
679 1913 93 75 iron;
797 1913 181 75 fometimes
1000 1913 25 75 it
1042 1913 107 75 means
1167 1913 38 75 to

214 1961 121 75 pound,
360 1961 35 75 to
413 1961 116 75 reduce
545 1961 68 75 into
630 1961 153 75 powder:
811 1961 94 75 Thus
923 1961 48 75 we
986 1961 67 75 fay,
1078 1961 34 75 to
1128 1961 73 75 heat

215 2007 113 75 drugs,
355 2007 31 75 to
404 2007 69 75 beat
485 2007 132 75 pepper,
634 2007 31 75 to
677 2007 71 75 beat
756 2007 105 75 fpices
873 2007 13 75 ;
903 2007 70 75 that
990 2007 27 75 is
1038 2007 35 75 to
1084 2007 67 75 fay,
1169 2007 33 75 to

211 2054 163 75 putverife
396 2054 96 75 them.

168 2099 108 75 Beat
300 2099 42 75 of
354 2099 108 75 drum,
488 2099 31 75 in
536 2099 56 75 the
609 2099 141 75 military
766 2099 62 75 art,
853 2099 27 75 is
897 2099 38 75 to
949 2099 72 75 give
1037 2099 105 75 notice
1159 2099 45 75 by

217 2145 71 75 beat
304 2145 39 75 of
362 2145 94 75 drum
480 2145 39 75 of
540 2145 18 75 a
573 2145 120 75 fudden
710 2145 119 75 danger
845 2145 10 75 ;
882 2145 51 75 or,
958 2145 72 75 that
1045 2145 158 75 fcattered

215 2192 132 75 foldiers
375 2192 74 75 may
465 2192 103 75 repair
595 2192 36 75 to
648 2192 85 75 their
749 2192 84 75 arms
857 2192 61 75 and
937 2192 160 75 quarters,
1123 2192 26 75 is
1166 2192 39 75 to

217 2238 73 75 beat
307 2238 39 75 an
375 2238 112 75 alarm,
512 2238 39 75 or
565 2238 39 75 to
618 2238 83 75 arms
716 2238 11 75 ;
754 2238 65 75 alfo
842 2238 35 75 to
893 2238 127 75 fignify,
1049 2238 43 75 by
1108 2238 93 75 diffe-

219 2284 68 75 rent
316 2284 146 75 manners
479 2284 39 75 df
540 2284 156 75 founding
725 2284 19 75 a
759 2284 106 75 drum,
890 2284 72 75 that
987 2284 56 75 the
1070 2284 132 75 foldiers

217 2332 54 75 are
285 2332 34 75 to
331 2332 56 75 fall
404 2332 41 75 on
457 2332 56 75 the
525 2332 133 75 enemy;
684 2332 35 75 to
731 2332 119 75 retreat
865 2332 125 75 before,
1007 2332 45 75 in,
1070 2332 38 75 or
1119 2332 84 75 after

219 2378 38 75 an
275 2378 126 75 attack;
428 2378 35 75 to
480 2378 105 75 move,
611 2378 37 75 or
664 2378 123 75 march,
812 2378 85 75 from
914 2378 60 75 one
991 2378 88 75 place
1096 2378 35 75 to
1147 2378 55 75 an-

218 2422 95 75 other
324 2422 10 75 ;
361 2422 36 75 to
413 2422 83 75 treat
523 2422 85 75 upon
625 2422 112 75 terms,
763 2422 37 75 or
816 2422 110 75 confer
954 2422 78 75 with
1057 2422 55 75 the
1129 2422 74 75 ene-

218 2471 56 75 my
285 2471 10 75 ;
322 2471 35 75 to
373 2471 114 75 permit
505 2471 55 75 the
571 2471 133 75 foldiers
723 2471 36 75 to
776 2471 89 75 come
883 2471 57 75 out
955 2471 41 75 of
1006 2471 84 75 their
1106 2471 96 75 quar-

219 2517 66 75 ters
303 2517 32 75 at
363 2517 97 75 break
476 2517 40 75 of
538 2517 63 75 day
613 2517 9 75 :
649 2517 36 75 to
701 2517 97 75 order
815 2517 37 75 to
867 2517 104 75 repair
986 2517 35 75 to
1048 2517 85 75 their
1150 2517 53 75 co-

220 2562 101 75 lours,
340 2562 63 75 <bc.
429 2562 26 75 is
473 2562 34 75 to
519 2562 73 75 beat
609 2562 18 75 a
644 2562 127 75 charge,
790 2562 19 75 a
821 2562 130 75 retreat,
969 2562 19 75 a
1000 2562 122 75 march,
1140 2562 65 75 &c.

174 2606 231 75 BEATIFIC
420 2606 157 75 Vision.
628 2606 61 75 See
706 2606 160 75 Vision.

174 2654 398 75 BEATIFICATION,
591 2654 113 75 among
720 2654 127 75 papills,
866 2654 38 75 an
917 2654 48 75 adl
976 2654 45 75 by
1032 2654 105 75 which
1151 2654 56 75 the

222 2702 82 75 pope
316 2702 143 75 declares
475 2702 18 75 a
509 2702 110 75 perfon
632 2702 159 75 beatified,
810 2702 37 75 or
860 2702 117 75 bleffed
990 2702 83 75 after
1086 2702 113 75 death.

269 2747 85 75 This
371 2747 25 75 is
414 2747 55 75 the
486 2747 63 75 firft
567 2747 66 75 Hep
646 2747 139 75 towards
803 2747 235 75 canonization,
1064 2747 61 75 and
1142 2747 65 75 dif-

223 2794 65 75 fers
305 2794 84 75 from
401 2794 49 75 it;
477 2794 130 75 becaufe
624 2794 32 75 in
668 2794 55 75 the
741 2794 130 75 former,
889 2794 56 75 the
958 2794 81 75 pope
1055 2794 79 75 does
1150 2794 58 75 not

223 2842 47 75 adl
289 2842 34 75 as
340 2842 18 75 a
378 2842 114 75 judge,
516 2842 213 75 determining
745 2842 56 75 the
817 2842 76 75 ftate
910 2842 40 75 of
973 2842 54 75 the
1044 2842 162 75 beatified,

215 2887 63 75 -but
297 2887 76 75 only
389 2887 86 75 gives
493 2887 18 75 a
527 2887 152 75 privilege
695 2887 35 75 to
746 2887 118 75 certain
882 2887 127 75 perfons
1027 2887 35 75 to
1082 2887 126 75 honour

222 2932 67 75 him
304 2932 44 75 by
370 2932 19 75 a
406 2932 174 75 particular
604 2932 150 75 religious
772 2932 145 75 worlhip,
943 2932 136 75 without
1102 2932 105 75 incur-

223 2979 71 75 ring
310 2979 55 75 the
387 2979 136 75 penalty
540 2979 41 75 of
596 2979 215 75 fuperftitious
835 2979 157 75 worlhip;
1019 2979 140 75 whereas
1176 2979 34 75 in

1292 197 236 75 canonization,
1553 197 57 75 the
1626 197 81 75 pope
1724 197 109 75 fpeaks
1846 197 64 75 like
1923 197 18 75 a
1954 197 112 75 judge,
2093 197 62 75 and
2171 197 106 75 deter-

1292 240 100 75 mines
1409 240 86 75 upon
1512 240 55 75 the
1584 240 77 75 Hate
1678 240 40 75 of
1735 240 56 75 the
1808 240 187 75 canonized.

1341 287 55 75 No
1408 287 111 75 perfon
1533 287 57 75 can
1604 287 42 75 be
1655 287 148 75 beatified
1816 287 53 75 till
1887 287 73 75 fifty
1971 287 91 75 years
2076 287 84 75 after
2168 287 109 75 death.

1292 335 56 75 All
1366 335 189 75 certificates
1579 335 37 75 or
1633 335 197 75 attellations
1847 335 40 75 of
1909 335 120 75 virtues
2047 335 61 75 and
2134 335 145 75 miracles

1293 380 53 75 are
1359 380 169 75 examined
1537 380 110 75 before
1657 380 54 75 the
1720 380 227 75 congregation
1960 380 41 75 of
2003 380 95 75 rites:
2113 380 77 75 The
2203 380 77 75 exa-

1295 427 153 75 mination
1459 427 164 75 continues
1634 427 52 75 for
1697 427 118 75 feveral
1829 427 104 75 years,
1947 427 84 75 after
2039 427 104 75 which
2154 427 49 75 his
2219 427 61 75 ho-

1294 473 92 75 linefs
1395 473 131 75 decrees
1540 473 55 75 the
1607 473 228 75 beatification.
1863 473 77 75 The
1953 473 112 75 corpfe
2074 473 61 75 and
2144 473 92 75 relics
2245 473 43 75 of

1293 520 56 75 the
1357 520 111 75 future
1474 520 80 75 faint
1564 520 53 75 are
1626 520 205 75 thenceforth
1840 520 140 75 expofed
1992 520 34 75 to
2035 520 56 75 the
2097 520 184 75 veneration

1292 566 40 75 of
1343 566 96 75 every
1450 566 86 75 body
1548 566 9 75 ;
1584 566 50 75 his
1651 566 119 75 images
1787 566 54 75 are
1858 566 150 75 crowned
2023 566 78 75 with
2116 566 85 75 rays,
2220 566 62 75 and

1293 612 18 75 a
1327 612 174 75 particular
1517 612 92 75 office
1626 612 26 75 is
1669 612 47 75 fet
1732 612 90 75 apart
1840 612 50 75 for
1907 612 80 75 him.

1249 660 239 75 BEATING,
1505 660 36 75 or
1551 660 245 75 Pulsation,
1813 660 34 75 in
1864 660 168 75 medicine,
2043 660 55 75 the
2105 660 175 75 reciprocal

1296 705 151 75 agitation
1473 705 37 75 or
1530 705 190 75 palpitation
1744 705 40 75 of
1808 705 55 75 the
1887 705 92 75 heart
2004 705 36 75 or
2067 705 99 75 pulfe.
2220 705 63 75 See

1296 751 144 75 Pulse.

1247 798 181 75 Beating
1441 798 83 75 geld
1535 798 68 75 and
1606 798 118 75 fiver.
1776 798 62 75 See
1850 798 325 75 Gold-beating,
2191 798 65 75 i&e.

1246 844 182 75 Beating
1456 844 78 75 with
1562 844 145 75 hunters,
1733 844 19 75 a
1768 844 83 75 term
1876 844 76 75 ufed
1968 844 40 75 of
2031 844 18 75 a
2072 844 78 75 Hag,
2176 844 105 75 which

1295 890 74 75 runs
1386 890 64 75 firft
1466 890 63 75 one
1544 890 83 75 way,
1646 890 62 75 and
1724 890 76 75 then
1817 890 148 75 another.
2013 890 54 75 He
2084 890 26 75 is
2128 890 74 75 then
2216 890 67 75 faid

1295 937 32 75 to
1339 937 72 75 beat
1430 937 40 75 up
1487 937 70 75 and
1570 937 108 75 down.

1343 984 75 75 The
1444 984 86 75 noife
1558 984 92 75 made
1678 984 44 75 by
1745 984 105 75 conies
1867 984 33 75 in
1917 984 122 75 rutting
2067 984 77 75 time
2172 984 26 75 is
2216 984 66 75 alio

1297 1030 104 75 called
1417 1030 132 75 beating
1564 1030 37 75 or
1618 1030 147 75 tapping.

1249 1078 172 75 BEATS,
1446 1078 33 75 in
1497 1078 18 75 a
1532 1078 105 75 watch
1655 1078 37 75 or
1709 1078 107 75 clock,
1842 1078 53 75 are
1920 1078 55 75 the
1993 1078 119 75 ftrokes
2130 1078 91 75 made
2238 1078 45 75 by

1296 1124 55 75 the
1368 1124 92 75 fangs
1478 1124 37 75 or
1531 1124 114 75 pallets
1665 1124 39 75 of
1716 1124 56 75 the
1788 1124 121 75 fpindle
1926 1124 43 75 of
1991 1124 56 75 the
2064 1124 154 75 balance,
2244 1124 37 75 or

1296 1169 40 75 of
1358 1169 55 75 the
1442 1169 77 75 pads
1547 1169 33 75 in
1605 1169 19 75 a
1652 1169 89 75 royal
1769 1169 186 75 pendulum.
2018 1169 61 75 See
2108 1169 173 75 Watch-

1300 1216 169 75 making.

1247 1262 295 75 BEAUCAIRE,
1569 1262 18 75 a
1602 1262 86 75 town
1712 1262 41 75 of
1772 1262 211 75 Languedoc,
2008 1262 134 75 fituated
2166 1262 40 75 on
2223 1262 60 75 the

1294 1308 130 75 weftern
1442 1308 89 75 ihore
1556 1308 43 75 of
1619 1308 56 75 the
1694 1308 82 75 river
1794 1308 128 75 Rhone,
1948 1308 97 75 about
2067 1308 92 75 feven
2188 1308 96 75 miles

1296 1354 94 75 north
1403 1354 40 75 of
1452 1354 113 75 Arles;
1585 1354 31 75 in
1636 1354 42 75 4
1693 1354 56 75 40'
1765 1354 45 75 E.
1823 1354 87 75 long,
1929 1354 63 75 and
2009 1354 45 75 43
2054 1336 23 49 0
2093 1354 55 75 40'
2161 1354 46 75 N.
2221 1354 60 75 fat.

1249 1401 210 75 BEAVER,
1485 1401 31 75 in
1534 1401 152 75 zoology.
1737 1401 63 75 See
1816 1401 177 75 Castor.

1248 1448 61 75 BE
1317 1448 209 75 AUFORT,
1545 1448 18 75 a
1580 1448 85 75 town
1679 1448 39 75 of
1729 1448 56 75 the
1802 1448 108 75 duchy
1922 1448 39 75 of
1973 1448 110 75 Anjou
2100 1448 31 75 in
2146 1448 138 75 France,

1295 1494 134 75 fituated
1452 1494 36 75 15
1508 1494 90 75 miles
1614 1494 65 75 call
1698 1494 40 75 of
1753 1494 146 75 Angers;
1925 1494 34 75 in
1981 1494 50 75 15'
2048 1494 43 75 E.
2112 1494 89 75 long,
2219 1494 65 75 and

1297 1541 66 75 47
1385 1541 54 75 30'
1456 1541 48 75 N.
1521 1541 60 75 lat.

1249 1587 220 75 Beaufort
1486 1587 27 75 is
1526 1587 64 75 alfo
1607 1587 19 75 a
1642 1587 87 75 town
1741 1587 41 75 of
1795 1587 120 75 Savoy,
1941 1587 98 75 about
2058 1587 43 75 30
2117 1587 90 75 miles
2220 1587 64 75 eaft

1297 1633 38 75 of
1348 1633 224 75 Chamberry;
1591 1633 31 75 in
1637 1633 42 75 6
1696 1633 55 75 40'
1768 1633 43 75 E.
1825 1633 88 75 long,
1932 1633 62 75 and
2013 1633 41 75 45
2054 1615 24 49 0
2096 1633 110 75 30^.
2221 1633 59 75 lat.

1249 1681 314 75 BEAUGENCY,
1590 1681 17 75 a
1624 1681 85 75 town
1724 1681 39 75 of
1774 1681 183 75 Orleanois,
1983 1681 31 75 in
2032 1681 122 75 France
2169 1681 11 75 ;
2206 1681 75 75 fitu-

1296 1727 74 75 ated
1386 1727 42 75 on
1444 1727 56 75 the
1522 1727 82 75 river
1619 1727 115 75 Loire,
1760 1727 97 75 about
1883 1727 34 75 15
1937 1727 89 75 miles
2045 1727 185 75 fouth-weft
2247 1727 41 75 of

1298 1773 149 75 Orleans,
1472 1773 33 75 in
1523 1773 34 75 i
1575 1773 46 75 36
1621 1755 11 49 /
1648 1773 44 75 E.
1711 1773 89 75 long,
1819 1773 63 75 and
1900 1773 67 75 47
1986 1773 115 75 48'N.
2119 1773 63 75 lat.

1251 1820 236 75 BEAUJEU,
1513 1820 18 75 a
1543 1820 88 75 town
1644 1820 40 75 of
1695 1820 54 75 the
1763 1820 145 75 Lyonois
1925 1820 32 75 in
1972 1820 136 75 France,
2126 1820 97 75 about
2238 1820 41 75 25

1298 1866 90 75 miles
1413 1866 187 75 north-weft
1624 1866 40 75 of
1678 1866 137 75 Lyons;
1840 1866 32 75 in
1900 1866 45 75 4
1964 1866 54 75 3c/
2034 1866 45 75 E.
2102 1866 89 75 long,
2221 1866 63 75 and

1300 1913 66 75 46
1390 1913 51 75 15'
1457 1913 49 75 N.
1523 1913 58 75 lat.

1252 1958 314 75 BEAUJOLOIS,
1592 1958 55 75 the
1664 1958 173 75 fouth-eaft
1853 1958 131 75 divifion
1997 1958 40 75 of
2048 1958 56 75 the
2121 1958 162 75 Lyonois,

1299 2003 62 75 and
1376 2003 34 75 fo
1427 2003 103 75 called
1546 2003 85 75 from
1652 2003 157 75 Beaujeu.

1253 2051 300 75 BEAUMARIS,
1580 2051 18 75 a
1614 2051 123 75 market
1755 2051 87 75 town
1862 2051 40 75 of
1913 2051 161 75 Anglefey
2094 2051 32 75 in
2143 2051 115 75 Wales
2271 2051 11 75 ;

1299 2097 132 75 fituated
1448 2097 96 75 about
1569 2097 72 75 nine
1659 2097 91 75 miles
1774 2097 97 75 north
1894 2097 40 75 of
1945 2097 143 75 Bangor,
2114 2097 32 75 in
2164 2097 21 75 4
2185 2079 22 49 0
2231 2097 54 75 15'

1300 2143 60 75 W.
1379 2143 88 75 long,
1487 2143 62 75 and
1568 2143 40 75 53
1608 2125 25 49 Q
1633 2143 54 75 25
1687 2125 16 49 ,
1717 2143 48 75 N.
1782 2143 62 75 lat.

1254 2191 291 75 BEAU-MASS.
1596 2191 60 75 See
1674 2191 122 75 Mass.

1253 2238 292 75 BEAUMONT,
1563 2238 19 75 a
1593 2238 89 75 town
1693 2238 40 75 of
1744 2238 146 75 Hainalt,
1908 2238 97 75 about
2018 2238 42 75 17
2070 2238 67 75 mih
2147 2238 14 75 s
2174 2238 109 75 fouth-

1301 2283 62 75 eaft
1376 2283 40 75 of
1428 2283 122 75 Mons;
1577 2283 32 75 in
1629 2283 41 75 4
1692 2283 54 75 15'
1761 2283 43 75 E.
1823 2283 89 75 long,
1930 2283 63 75 and
2012 2283 62 75 50
2090 2283 55 75 20'
2164 2283 35 75 N
2221 2283 60 75 lat.

1251 2329 223 75 Beaumont
1501 2329 26 75 is
1555 2329 65 75 alfo
1637 2329 19 75 a
1678 2329 88 75 town
1781 2329 40 75 of
1844 2329 135 75 France,
2013 2329 98 75 about
2132 2329 41 75 x6
2190 2329 93 75 miles

1301 2376 91 75 fouth
1405 2376 38 75 of
1452 2376 150 75 Alenin
1614 2376 9 75 ;
1643 2376 31 75 in
1696 2376 30 75 5'
1742 2376 44 75 E.
1804 2376 89 75 long,
1912 2376 63 75 and
1988 2376 65 75 48
2070 2376 53 75 20'
2139 2376 48 75 N.
2200 2376 60 75 lat.

1254 2423 60 75 BE
1338 2423 129 75 iUNE,
1486 2423 18 75 a
1512 2423 86 75 town
1612 2423 39 75 of
1663 2423 178 75 Burgundy
1855 2423 32 75 in
1904 2423 135 75 France,
2048 2423 132 75 fituated
2189 2423 33 75 in
2241 2423 17 75 5
2258 2405 25 49 0

1304 2470 44 75 20
1376 2470 43 75 E.
1433 2470 89 75 long,
1540 2470 61 75 and
1620 2470 67 75 47
1708 2470 16 75 2
1751 2470 47 75 N.
1817 2470 56 75 lat.

1256 2515 209 75 BEAUTY,
1492 2515 32 75 in
1541 2515 40 75 its
1599 2515 104 75 native
1725 2515 218 75 fignification,
1968 2515 28 75 is
2012 2515 223 75 appropriated
2250 2515 36 75 to

1303 2560 119 75 objects
1440 2560 41 75 of
1502 2560 94 75 fight.
1645 2560 134 75 Objedls
1796 2560 40 75 of
1853 2560 55 75 the
1924 2560 96 75 other
2040 2560 100 75 lenfes
2158 2560 72 75 may
2246 2560 41 75 be

1303 2608 178 75 agreeable,
1506 2608 74 75 fuch
1599 2608 34 75 as
1650 2608 55 75 the
1730 2608 115 75 founds
1870 2608 39 75 of
1921 2608 127 75 mufical
2072 2608 213 75 inftruments,

1304 2653 56 75 the
1377 2653 195 75 fmoothnefs
1596 2653 62 75 and
1670 2653 132 75 foftnefs
1820 2653 41 75 of
1866 2653 85 75 feme
1963 2653 160 75 furfaces;
2157 2653 57 75 but
2232 2653 56 75 the

1303 2701 237 75 agreeablenefs
1558 2701 105 75 called
1675 2701 116 75 beauty
1808 2701 134 75 belongs
1958 2701 37 75 to
2011 2701 118 75 objefts
2143 2701 40 75 of
2193 2701 94 75 fight.

1353 2748 132 75 Objects
1497 2748 40 75 of
1548 2748 82 75 fight
1647 2748 53 75 are
1712 2748 88 75 more
1814 2748 148 75 complex
1979 2748 76 75 than
2073 2748 89 75 thofe
2175 2748 40 75 of
2227 2748 62 75 any

1305 2793 94 75 other
1415 2793 104 75 fenfe:
1560 2793 37 75 In
1614 2793 55 75 the
1694 2793 147 75 fimpleft,
1868 2793 47 75 we
1933 2793 144 75 perceive
2101 2793 123 75 colour,
2251 2793 37 75 fi-

1305 2841 92 75 gure,
1421 2841 124 75 length,
1571 2841 150 75 breadth,
1739 2841 172 75 thicknefs.
1950 2841 31 75 A
1994 2841 68 75 tree
2078 2841 27 75 is
2122 2841 168 75 compofed

1306 2887 40 75 of
1357 2887 18 75 a
1387 2887 107 75 trunk,
1514 2887 168 75 branches,
1699 2887 62 75 and
1773 2887 126 75 leaves;
1925 2887 26 75 it
1963 2887 57 75 has
2033 2887 123 75 colour,
2175 2887 124 75 figure,,

1306 2933 73 75 fize,
1398 2933 61 75 and
1471 2933 178 75 fometimes
1662 2933 120 75 motion
1795 2933 8 75 :
1830 2933 53 75 By
1894 2933 108 75 means
2014 2933 40 75 of
2060 2933 76 75 each
2151 2933 40 75 of
2201 2933 97 75 thefe;

1304 2983 203 75 particulars,
1541 2983 177 75 feparately
1734 2983 194 75 confidered,
1958 2983 27 75 it
2009 2983 131 75 appears
2166 2983 125 75 beauti-
