2477 3395
560 174 236 75 BUR

1127 174 17 75 (
1204 174 78 75 691
1343 174 18 75 )

1657 174 248 75 'BUR

223 244 69 75 teen
311 244 88 75 miles
416 244 75 75 weft
507 244 40 75 of
558 244 153 75 Oxford:
737 244 62 75 W.
817 244 89 75 long.
928 244 34 75 x°
989 244 68 75 40',
1083 244 47 75 N.
1148 244 59 75 lat.

225 291 37 75 51
262 273 34 49 0,
312 291 67 75 4°'.

269 337 31 75 It
316 337 85 75 gives
419 337 55 75 the
491 337 72 75 title
575 337 40 75 of
625 337 66 75 earl
704 337 34 75 to
750 337 55 75 the
817 337 94 75 noble
924 337 113 75 family
1049 337 40 75 of
1101 337 104 75 Beau-

222 383 96 75 clerc.

175 431 147 75 BURG,
348 431 17 75 a
382 431 85 75 town
485 431 40 75 of
538 431 160 75 Zutphen,
724 431 32 75 in
773 431 56 75 the
846 431 112 75 Dutch
972 431 232 75 Netherlands,

220 475 131 75 lituated
367 475 83 75 upon
463 475 55 75 the
530 475 69 75 Old
615 475 83 75 Iffel,
712 475 98 75 about
825 475 147 75 eighteen
989 475 90 75 miles
1096 475 62 75 call
1170 475 40 75 of

222 522 178 75 Nimeguen
414 522 9 75 :
450 522 43 75 E.
511 522 89 75 long.
619 522 44 75 6°
681 522 42 75 io
723 504 11 49 /
734 522 12 75 ,
772 522 63 75 and
858 522 47 75 N.
923 522 56 75 lat.
1010 522 40 75 52
1050 504 21 49 0
1071 522 14 75 .

175 569 182 75 BURGA,
381 569 18 75 a
416 569 76 75 cape
507 569 41 75 of
560 569 129 75 Algiers
706 569 32 75 in
754 569 128 75 Africa,
910 569 134 75 running
1065 569 57 75 out
1135 569 68 75 into

221 615 54 75 the
291 615 82 75 Med
387 615 165 75 terranean
569 615 62 75 fea.

173 660 250 75 BURGAGE,
450 660 181 75 an-ancient
647 660 111 75 tenure
786 660 31 75 in
850 660 176 75 boroughs,
1052 660 152 75 whereby

219 707 55 75 the
298 707 207 75 inhabitants,
530 707 44 75 by
597 707 131 75 cuftom,
753 707 79 75 hold
849 707 82 75 their
948 707 102 75 lands,
1077 707 65 75 <&c.
1168 707 41 75 of

218 754 55 75 the
290 754 87 75 king,
402 754 37 75 or
455 754 94 75 other
565 754 141 75 fuperior
732 754 72 75 lord
820 754 40 75 of
878 754 56 75 the
950 754 158 75 borough,
1135 754 33 75 at
1184 754 19 75 a

218 799 120 75 certain
353 799 111 75 yearly
481 799 93 75 rent:
619 799 79 75 Alfo
725 799 18 75 a
769 799 264 75 dwelling-houfe
1060 799 33 75 in
1109 799 19 75 a
1144 799 56 75 bo-

220 846 113 75 rough,
359 846 64 75 was
440 846 160 75 anciently
614 846 102 75 called
732 846 19 75 a
766 846 154 75 burgage.

173 893 250 75 BURGEON,
449 893 18 75 a
494 893 81 75 term
604 893 75 75 ufed
706 893 44 75 by
778 893 171 75 gardeners
976 893 33 75 in
1038 893 54 75 the
1119 893 83 75 fame

218 939 83 75 fenfe
318 939 77 75 with
411 939 77 75 bud.
541 939 61 75 See
619 939 98 75 Bud.

172 985 233 75 BURGESS,
431 985 39 75 an
499 985 178 75 inhabitant
701 985 40 75 of
761 985 19 75 a
804 985 159 75 borough,
988 985 38 75 or
1049 985 61 75 one
1127 985 75 75 who

218 1031 141 75 poflefles
376 1031 19 75 a
411 1031 159 75 tenement
586 1031 137 75 therein.

265 1076 38 75 In
328 1076 94 75 other
450 1076 173 75 countries,
656 1076 129 75 burgefs
813 1076 62 75 and
901 1076 118 75 citizen
1047 1076 53 75 are
1127 1076 74 75 con-

219 1122 142 75 founded
377 1122 167 75 together;
571 1122 58 75 but
647 1122 76 75 with
742 1122 36 75 us
796 1122 78 75 they
886 1122 53 75 are
955 1122 220 75 diftinguilhed
1188 1122 9 75 :

218 1169 77 75 The
310 1169 92 75 word
425 1169 27 75 is
480 1169 66 75 alfo
572 1169 126 75 applied
722 1169 35 75 to
784 1169 56 75 the
856 1169 193 75 magiftrates
1066 1169 39 75 of
1117 1169 86 75 fome

219 1215 115 75 towns.

267 1261 137 75 Burgefs
421 1261 26 75 is
464 1261 74 75 now
553 1261 176 75 ordinarily
752 1261 77 75 ufed
856 1261 51 75 for
935 1261 55 75 the
1006 1261 194 75 reprefenta-

219 1309 64 75 tive
299 1309 40 75 of
350 1309 19 75 a
385 1309 248 75 borough-town
651 1309 30 75 in
702 1309 199 75 parliament.

172 1354 305 75 BURGGRAVE
507 1354 149 75 properly
686 1354 134 75 denotes
853 1354 54 75 the
934 1354 183 75 hereditary
1145 1354 56 75 go-

220 1399 115 75 vernor
349 1399 40 75 of
408 1399 19 75 a
451 1399 93 75 caftle
567 1399 37 75 or
631 1399 142 75 fortified
794 1399 100 75 town,
920 1399 114 75 chiefly
1057 1399 33 75 in
1114 1399 87 75 Ger-

220 1444 106 75 many.

174 1491 183 75 BURGH,
409 1491 62 75 See
487 1491 212 75 Borough.

173 1538 229 75 BuRGH-^o/e
424 1538 133 75 fignifies
585 1538 19 75 a
630 1538 214 75 contribution
870 1538 138 75 towards
1025 1538 55 75 the
1095 1538 106 75 build-

220 1583 53 75 ing
289 1583 37 75 or
343 1583 156 75 repairing
515 1583 41 75 of
566 1583 122 75 caftles,
705 1583 38 75 or
760 1583 101 75 walls,
886 1583 52 75 for
949 1583 55 75 the
1021 1583 132 75 defence
1166 1583 41 75 of

220 1629 17 75 a
253 1629 159 75 borough,
438 1629 36 75 or
491 1629 79 75 city.

172 1675 268 75 Burgh-breche
463 1675 27 75 is
507 1675 150 75 properly
680 1675 56 75 the
762 1675 152 75 breaking
930 1675 82 75 open
1040 1675 19 75 a
1082 1675 116 75 burgh,

218 1723 110 75 houfe,
352 1723 168 75 inclofure,
540 1723 63 75 ebc.
629 1723 62 75 and
707 1723 32 75 in
756 1723 54 75 the
827 1723 77 75 laws
921 1723 39 75 of
971 1723 139 75 Canute,
1128 1723 71 75 cap.

218 1768 45 75 Iv.
288 1768 134 75 fignifies
439 1768 18 75 a
486 1768 61 75 fine
570 1768 140 75 impofed
735 1768 84 75 upon
846 1768 18 75 a
892 1768 196 75 community
1116 1768 39 75 of
1179 1768 20 75 a

218 1814 84 75 town
327 1814 51 75 for
396 1814 18 75 a
433 1814 115 75 breach
564 1814 40 75 of
627 1814 54 75 the
697 1814 108 75 peace.
854 1814 186 75 According
1065 1814 34 75 to
1116 1814 82 75 Raf-

217 1862 108 75 tallus,
350 1862 237 75 burgh-breche
603 1862 39 75 is,
667 1862 35 75 to
718 1862 39 75 be
784 1862 71 75 quit
871 1862 39 75 of
930 1862 161 75 trefpafles
1110 1862 88 75 com-

218 1907 113 75 mitted
347 1907 116 75 againft
481 1907 54 75 the
551 1907 107 75 peace,
682 1907 32 75 in
732 1907 66 75 city
814 1907 37 75 or
867 1907 158 75 borough.

171 1956 481 75 BURGHERMESTERS.
702 1956 61 75 See
780 1956 312 75 Burgomaster.

169 2000 388 75 BURGHMASTER,
575 2000 115 75 among
701 2000 130 75 miners.
866 2000 62 75 See
939 2000 256 75 Barmaster.

170 2045 327 75 BURGHMOTE,
523 2045 56 75 the
599 2045 91 75 court
710 2045 39 75 of
762 2045 19 75 a
796 2045 158 75 borough.

171 2089 282 75 BURGLARY,
479 2089 17 75 a
523 2089 156 75 felonious
702 2089 154 75 breaking
880 2089 63 75 and
970 2089 143 75 entering
1129 2089 70 75 into

216 2135 56 75 the
297 2135 263 75 dwelling-houfe
588 2135 39 75 of
653 2135 135 75 another
812 2135 110 75 perfon
950 2135 32 75 in
1008 2135 57 75 the
1088 2135 108 75 night-

217 2181 88 75 time,
330 2181 77 75 with
426 2181 37 75 an
481 2181 101 75 intent
599 2181 34 75 to
649 2181 133 75 commit
796 2181 85 75 fome
905 2181 122 75 felony,
1052 2181 146 75 whether

217 2226 55 75 the
287 2226 83 75 fame
386 2226 40 75 be
450 2226 170 75 executed,
645 2226 38 75 or
705 2226 69 75 not.

262 2273 75 75 The
353 2273 64 75 like
430 2273 120 75 offence
567 2273 187 75 committed
766 2273 42 75 by
821 2273 75 75 day,
921 2273 26 75 is
966 2273 103 75 called
1084 2273 126 75 houfe--

216 2319 164 75 breaking.

263 2364 159 75 Burglary
434 2364 26 75 is
473 2364 39 75 an
523 2364 123 75 offence
658 2364 160 75 excluded
830 2364 55 75 the
894 2364 118 75 benefit
1023 2364 40 75 of
1074 2364 138 75 clergy,.

216 2411 60 75 and
293 2411 72 75 may
383 2411 38 75 be
449 2411 185 75 committed
650 2411 43 75 by
717 2411 110 75 taking
844 2411 89 75 away
961 2411 100 75 goods
1079 2411 84 75 from
1178 2411 19 75 a

215 2458 277 75 dwelling-houfe,
517 2458 60 75 any
603 2458 109 75 perfon
737 2458 94 75 being
857 2458 145 75 therein;
1028 2458 38 75 or
1082 2458 113 75 break-

213 2503 54 75 ing
283 2503 61 75 any
360 2503 87 75 Ihop,
472 2503 194 75 warehoufe,
684 2503 64 75 &c.
776 2503 120 75 though
910 2503 31 75 in
958 2503 55 75 the
1025 2503 169 75 day-time,

215 2548 60 75 and
291 2548 109 75 taking
416 2548 101 75 goods
533 2548 83 75 from
633 2548 114 75 thence
764 2548 40 75 of
815 2548 59 75 five
891 2548 140 75 {hillings
1047 2548 105 75 value,
1169 2548 32 75 if

213 2595 41 75 no
269 2595 111 75 perfon
399 2595 39 75 be
455 2595 133 75 therein.

167 2642 239 75 BURGLES,
432 2642 18 75 a
466 2642 87 75 town
566 2642 39 75 of
615 2642 231 75 Tranfilvania,
873 2642 97 75 about
987 2642 101 75 thirty
1103 2642 91 75 miles

213 2687 93 75 north
324 2687 40 75 of
376 2687 228 75 Claufenburg,
622 2687 118 75 fubje<ft
752 2687 35 75 to
804 2687 55 75 the
875 2687 96 75 houfe
987 2687 40 75 of
1038 2687 131 75 Auftria
1181 2687 8 75 :
1206 2687 4 75 .

212 2733 43 75 E.
273 2733 87 75 long.
388 2733 42 75 22
430 2715 23 49 0
474 2733 68 75 40',
568 2733 62 75 and
648 2733 48 75 N.
713 2733 58 75 lat.
791 2733 42 75 47
833 2715 22 49 0
855 2733 56 75 40
911 2715 9 49 /
920 2733 14 75 .

150 2780 401 75 JBURGOMASTER,
578 2780 55 75 the
651 2780 89 75 chief
758 2780 178 75 magiftrate
959 2780 40 75 of
1021 2780 55 75 the
1104 2780 90 75 great

211 2826 102 75 towns
345 2826 32 75 in
405 2826 166 75 Flanders,
607 2826 157 75 Holland,
802 2826 61 75 and
888 2826 177 75 Germany.
1115 2826 77 75 The

210 2872 108 75 power
335 2872 61 75 and
409 2872 198 75 jurifdidlion
638 2872 39 75 of
695 2872 54 75 the
774 2872 212 75 burgomafter
1013 2872 26 75 is
1064 2872 56 75 not
1138 2872 55 75 the

209 2919 82 75 lame
308 2919 31 75 in
357 2919 41 75 all
416 2919 117 75 places,
551 2919 95 75 every
662 2919 87 75 town
761 2919 115 75 having
891 2919 41 75 its
951 2919 170 75 particular
1136 2919 55 75 eu-

208 2964 95 75 ftoms
328 2964 62 75 and
412 2964 217 75 regulations:
658 2964 47 75 At
721 2964 201 75 Amfterdam
939 2964 91 75 there
1047 2964 53 75 are
1116 2964 75 75 four

212 3012 114 75 chofen
344 3012 43 75 by
411 3012 55 75 the
484 3012 106 75 voices
610 3012 39 75 of
661 3012 43 75 all
721 3012 89 75 thofe
824 3012 114 75 people
954 3012 31 75 in
1003 3012 55 75 the
1074 3012 116 75 fenate.

1302 237 74 75 who
1393 237 79 75 have
1489 237 104 75 either
1608 237 79 75 been
1705 237 230 75 burgomafters
1952 237 38 75 or
2001 237 159 75 echevins.
2184 237 108 75 Their

1302 282 165 75 authority
1483 282 166 75 refembles
1666 282 70 75 that
1753 282 40 75 of
1810 282 59 75 our
1890 282 200 75 lord-mayor
2106 282 62 75 and
2185 282 103 75 aider-

1301 330 72 75 men
1385 330 10 75 ;
1423 330 76 75 they
1510 330 121 75 difpofe
1647 330 40 75 of
1699 330 42 75 all
1758 330 224 75 under-offices
2003 330 69 75 that
2089 330 58 75 fail
2163 330 29 75 in
2205 330 85 75 their

1301 377 90 75 time,
1408 377 80 75 keep
1505 377 55 75 the
1576 377 64 75 key
1655 377 41 75 of
1708 377 54 75 the
1779 377 95 75 bank,
1893 377 62 75 and
1967 377 95 75 enjoy
2080 377 17 75 a
2114 377 101 75 ialary
2228 377 58 75 but

1299 423 40 75 of
1356 423 60 75 five
1443 423 146 75 hundred
1607 423 153 75 guilders,
1792 423 42 75 all
1852 423 105 75 fe-.fts,
1982 423 109 75 public
2114 423 173 75 entertain-

1299 470 115 75 ments,
1440 470 64 75 &c.
1531 470 94 75 being
1641 470 156 75 defrayed
1813 470 57 75 out
1899 470 40 75 of
1958 470 55 75 the
2037 470 147 75 common
2201 470 84 75 trea-

1298 516 85 75 fury.

1251 562 218 75 BURGOO,
1496 562 18 75 a
1541 562 67 75 dilh
1636 562 151 75 frequent
1805 562 32 75 at
1855 562 63 75 fea,
1944 562 96 75 being
2056 562 93 75 made
2167 562 40 75 of
2217 562 71 75 oat-

1296 609 95 75 meal,
1416 609 38 75 or
1476 609 119 75 greets,
1620 609 108 75 boiled
1744 609 32 75 in
1794 609 99 75 water
1917 609 49 75 till
1992 609 78 75 they
2100 609 97 75 burft,
2223 609 63 75 and

1299 654 74 75 then
1391 654 84 75 fome
1491 654 108 75 butter
1616 654 116 75 added.

1249 702 210 75 BURGOS,
1485 702 55 75 the
1564 702 115 75 capital
1707 702 40 75 of
1769 702 68 75 Old
1865 702 118 75 Caftile
1999 702 32 75 in
2050 702 109 75 Spain,
2185 702 99 75 about

1296 748 59 75 one
1371 748 145 75 hundred
1533 748 62 75 and
1607 748 53 75 ten
1673 748 89 75 miles
1780 748 96 75 north
1892 748 40 75 of
1943 748 134 75 Madrid
2089 748 8 75 :
2118 748 61 75 W.
2192 748 91 75 long.

1298 794 21 75 4
1319 776 17 49 0
1353 794 54 75 5',
1434 794 61 75 and
1511 794 48 75 N.
1577 794 59 75 lat.
1655 794 43 75 42
1698 776 20 49 0
1739 794 54 75 30'
1793 794 12 75 .

1249 841 232 75 BURGOW,
1507 841 18 75 a
1541 841 91 75 town,
1639 841 41 75 of
1688 841 127 75 Swabia
1827 841 32 75 in
1872 841 180 75 Germany,
2071 841 97 75 about
2181 841 103 75 twen-

1296 886 35 75 ty
1347 886 89 75 miles
1454 886 73 75 weft
1543 886 40 75 of
1595 886 172 75 Auglburg
1782 886 8 75 :
1817 886 45 75 E.
1878 886 90 75 long.
1992 886 64 75 io°
2072 886 44 75 20
2116 868 10 49 /
2126 886 13 75 ,
2158 886 47 75 N.
2219 886 61 75 lat.

1297 934 65 75 48°
1382 934 68 75 30'.

1249 980 290 75 BURGUNDY,
1565 980 37 75 or
1628 980 238 75 Burgogne,
1892 980 18 75 a
1926 980 149 75 province
2090 980 38 75 or
2145 980 135 75 govern-

1296 1025 86 75 ment
1398 1025 32 75 in
1447 1025 134 75 France,
1603 1025 117 75 having
1736 1025 200 75 Champaign
1952 1025 42 75 on
2011 1025 55 75 the
2082 1025 110 75 north,
2218 1025 64 75 and

1300 1072 173 75 Dauphine
1489 1072 42 75 on
1548 1072 54 75 the
1619 1072 105 75 fouth.

1250 1119 197 75 BURIAL,
1473 1119 54 75 the
1542 1119 171 75 interment
1729 1119 40 75 of
1780 1119 18 75 a
1814 1119 151 75 deceafed
1982 1119 123 75 perfon.

1342 1165 77 75 The
1435 1165 77 75 rites
1530 1165 39 75 of
1580 1165 102 75 burial
1699 1165 52 75 are
1763 1165 121 75 looked
1896 1165 85 75 upon
1998 1165 32 75 in
2048 1165 41 75 all
2106 1165 174 75 countries,

1299 1212 61 75 and
1378 1212 32 75 at
1427 1212 43 75 all
1486 1212 107 75 times,
1622 1212 32 75 as
1674 1212 17 75 a
1707 1212 76 75 debt
1800 1212 33 75 fo
1851 1212 120 75 facred,
1996 1212 71 75 that
2082 1212 76 75 fuch
2176 1212 33 75 as
2226 1212 55 75 ne-

1298 1258 123 75 glected
1436 1258 35 75 to
1490 1258 168 75 difcharge
1673 1258 27 75 it
1716 1258 84 75 were
1819 1258 139 75 thought
1975 1258 148 75 accurfed
2135 1258 8 75 :
2171 1258 114 75 Hence

1298 1305 55 75 the
1369 1305 143 75 Romans
1525 1305 103 75 called
1640 1305 88 75 them
1735 1305 110 75 jujia,
1862 1305 63 75 and
1942 1305 55 75 the
2013 1305 128 75 Greeks
2161 1305 123 75 [nomi*

1299 1351 63 75 nia,
1380 1351 124 75 dikuia,
1522 1351 117 75 hofia,~\
1659 1351 62 75 &c.
1747 1351 104 75 words
1870 1351 154 75 implying
2042 1351 54 75 the
2113 1351 171 75 inviolable
2297 1351 5 75 .

1298 1398 190 75 obligations
1516 1398 106 75 which
1648 1398 111 75 nature
1777 1398 57 75 has
1852 1398 64 75 laid
1933 1398 85 75 upon
2035 1398 56 75 the
2122 1398 99 75 living
2245 1398 37 75 to

1298 1443 74 75 take
1396 1443 71 75 care
1483 1443 41 75 of
1546 1443 54 75 the
1616 1443 166 75 obfequies
1807 1443 40 75 of
1858 1443 55 75 the
1929 1443 95 75 dead.
2072 1443 73 75 Nor
2162 1443 53 75 are
2233 1443 48 75 we

1297 1489 35 75 to
1350 1489 142 75 wonder,
1517 1489 71 75 that
1604 1489 54 75 the
1671 1489 124 75 ancient
1811 1489 128 75 Greeks
1958 1489 62 75 and
2036 1489 144 75 Romans
2197 1489 93 75 were,

1297 1537 178 75 extremely
1494 1537 162 75 folicitous
1673 1537 97 75 about
1793 1537 54 75 the
1867 1537 171 75 interment
2054 1537 36 75 of
2113 1537 84 75 their
2224 1537 58 75 de-

1296 1583 111 75 ceafed
1418 1583 132 75 friends,
1569 1583 80 75 fince
1667 1583 77 75 they
1757 1583 83 75 were
1853 1583 142 75 ftrongly
2007 1583 185 75 perfuaded,
2211 1583 71 75 that

1294 1629 85 75 their
1394 1629 83 75 fouls
1494 1629 95 75 could
1601 1629 57 75 not
1669 1629 40 75 be
1725 1629 156 75 admitted
1897 1629 69 75 into
1977 1629 56 75 the
2046 1629 126 75 Elyfian
2190 1629 101 75 fields-

1296 1675 48 75 till
1362 1675 84 75 their
1462 1675 110 75 bodies
1590 1675 83 75 were
1689 1675 188 75 committed
1900 1675 35 75 to
1960 1675 54 75 the
2039 1675 111 75 earth;
2177 1675 62 75 and
2256 1675 32 75 if

1294 1721 25 75 it
1335 1721 166 75 happened
1512 1721 70 75 that
1595 1721 77 75 they
1683 1721 97 75 never
1791 1721 150 75 obtained
1957 1721 55 75 the
2026 1721 74 75 rites
2114 1721 39 75 of
2165 1721 115 75 burial,

1294 1769 76 75 they
1387 1769 83 75 were
1486 1769 159 75 excluded
1671 1769 86 75 from
1773 1769 57 75 the
1846 1769 105 75 happy
1967 1769 230 75 manfions-for
2220 1769 58 75 the

1295 1814 81 75 term
1392 1814 41 75 of
1446 1814 39 75 an
1497 1814 146 75 hundred
1656 1814 102 75 years.
1808 1814 66 75 For
1885 1814 64 75 this
1961 1814 109 75 reafon
2084 1814 27 75 it
2128 1814 63 75 was
2204 1814 75 75 con-

1293 1860 121 75 fidered
1440 1860 33 75 as
1498 1860 18 75 a
1542 1860 82 75 duty
1649 1860 182 75 incumbent
1853 1860 85 75 upon
1954 1860 42 75 all
2013 1860 166 75 travellers
2202 1860 75 75 who

1292 1907 111 75 Ihould
1420 1907 82 75 meet
1516 1907 76 75 with
1611 1907 18 75 a
1645 1907 81 75 dead
1742 1907 86 75 body
1841 1907 31 75 in
1885 1907 84 75 their
1982 1907 81 75 way,
2081 1907 35 75 to
2132 1907 64 75 caft
2207 1907 70 75 duft

1293 1953 37 75 or
1346 1953 111 75 mould
1471 1953 84 75 upon
1573 1953 24 75 it
1614 1953 91 75 three
1721 1953 107 75 times,
1846 1953 63 75 and
1925 1953 40 75 of
1974 1953 88 75 thefe
2075 1953 90 75 three
2176 1953 102 75 hand-

1293 2000 77 75 fuls,
1396 2000 60 75 one
1473 2000 32 75 at
1521 2000 76 75 leaft
1614 2000 64 75 was
1701 2000 62 75 caft
1790 2000 85 75 upon
1904 2000 55 75 the
1985 2000 96 75 head.
2129 2000 77 75 The
2222 2000 56 75 an-

1291 2047 98 75 cients
1405 2047 139 75 likewife
1561 2047 184 75 confidered
1761 2047 26 75 it
1811 2047 34 75 as
1873 2047 18 75 a
1914 2047 91 75 great
2033 2047 189 75 misfortune
2249 2047 34 75 if

1292 2091 78 75 they
1386 2091 82 75 were
1496 2091 57 75 not
1568 2091 64 75 laid
1649 2091 32 75 in
1697 2091 55 75 the
1772 2091 180 75 fepulchres
1969 2091 41 75 of
2026 2091 84 75 their
2126 2091 122 75 fathers
2263 2091 11 75 ;

1291 2136 52 75 for
1358 2136 107 75 which
1481 2136 121 75 reafon,
1627 2136 74 75 fuch
1719 2136 34 75 as
1765 2136 75 75 died
1851 2136 32 75 in
1895 2136 124 75 foreign
2036 2136 159 75 countries
2211 2136 66 75 had
2291 2136 4 75 :

1291 2183 123 75 ufually
1430 2183 84 75 their
1530 2183 85 75 afhes
1640 2183 140 75 brought
1804 2183 108 75 home,
1939 2183 61 75 and
2028 2183 141 75 interred
2196 2183 80 75 with

1290 2229 89 75 thofe
1395 2229 40 75 of
1452 2229 85 75 their
1561 2229 168 75 anceftors.
1779 2229 67 75 But
1877 2229 283 75 notwithftanding
2191 2229 85 75 their

1291 2275 88 75 great
1396 2275 71 75 care
1484 2275 31 75 in
1536 2275 54 75 the
1613 2275 103 75 burial
1736 2275 39 75 of
1787 2275 54 75 the
1856 2275 95 75 dead,
1976 2275 91 75 there
2084 2275 82 75 were
2190 2275 85 75 fome

1290 2322 126 75 perfons
1432 2322 106 75 whom
1555 2322 79 75 they
1648 2322 141 75 thought
1808 2322 172 75 unworthy
2002 2322 41 75 of
2061 2322 71 75 that
2148 2322 9 75 1
2161 2322 43 75 aft
2223 2322 50 75 of-

1290 2368 69 75 fice,
1384 2368 63 75 and
1474 2368 36 75 to
1535 2368 107 75 whom
1668 2368 163 75 therefore
1853 2368 231 75 they.refufed
2110 2368 46 75 it:
2186 2368 88 75 Such
2289 2368 6 75 ^

1290 2414 94 75 were,
1413 2414 30 75 1.
1469 2414 115 75 Public
1600 2414 37 75 or
1654 2414 120 75 private
1802 2414 148 75 enemies.
2001 2414 33 75 2.
2062 2414 86 75 Such
2166 2414 34 75 as
2217 2414 55 75 be-

1289 2460 124 75 trayed,
1431 2460 37 75 or
1481 2460 164 75 confpired
1656 2460 117 75 againft
1785 2460 85 75 their
1881 2460 150 75 country.
2068 2460 34 75 3.
2113 2460 159 75 Tyrants,

1289 2507 74 75 who
1379 2507 83 75 were
1475 2507 116 75 always
1602 2507 120 75 looked
1736 2507 83 75 upon
1832 2507 37 75 as
1882 2507 135 75 enemies
2028 2507 37 75 to
2079 2507 82 75 their
2174 2507 96 75 coun-

1289 2551 64 75 try.
1404 2551 33 75 4.
1455 2551 136 75 Villains
1608 2551 104 75 guilty
1723 2551 40 75 of
1775 2551 163 75 facrilege.
1988 2551 33 75 y.
2040 2551 88 75 Such
2144 2551 34 75 as
2196 2551 76 75 died

1289 2598 30 75 in
1348 2598 88 75 debt,
1469 2598 105 75 whofe
1601 2598 110 75 bodies
1738 2598 159 75 belonged
1924 2598 36 75 to
1990 2598 82 75 their
2100 2598 168 75 creditors.

1287 2645 90 75 And,
1403 2645 34 75 6.
1464 2645 96 75 Some
1583 2645 171 75 particular
1777 2645 174 75 offenders,
1976 2645 73 75 who
2064 2645 138 75 fuffered
2215 2645 53 75 ca-

1287 2691 77 75 pital
1381 2691 206 75 punifhment.

1335 2738 51 75 Of
1397 2738 90 75 thofe
1503 2738 73 75 who
1592 2738 85 75 were
1694 2738 135 75 allowed
1844 2738 55 75 the
1911 2738 75 75 rites
1999 2738 41 75 of
2051 2738 113 75 burial,
2182 2738 85 75 fome

1287 2784 83 75 were
1386 2784 219 75 diftinguifhed
1632 2784 43 75 by
1700 2784 172 75 particular
1898 2784 237 75 circumftances
2153 2784 40 75 of
2203 2784 64 75 dif-

1287 2832 92 75 grace
1394 2832 165 75 attending
1583 2832 83 75 their
1693 2832 189 75 interment:
1911 2832 95 75 Thus
2023 2832 127 75 perfons
2166 2832 101 75 killed

1287 2875 42 75 by
1342 2875 176 75 lightening
1545 2875 85 75 were
1655 2875 114 75 buried
1783 2875 89 75 apart
1887 2875 44 75 by
1947 2875 199 75 themfelves,
2172 2875 93 75 being

1286 2924 138 75 thought
1440 2924 115 75 odious
1570 2924 35 75 to
1621 2924 58 75 the
1699 2924 101 75 gods;
1826 2924 91 75 thofe
1945 2924 74 75 who
2043 2924 115 75 wafted
2181 2924 85 75 their

1285 2969 192 75 patrimony,
1501 2969 152 75 forfeited
1670 2969 55 75 the
1750 2969 87 75 right
1853 2969 39 75 of
1903 2969 93 75 being
2013 2969 113 75 buried
2149 2969 32 75 in
2209 2969 57 75 the

1287 3017 178 75 fepulchres
1482 3017 40 75 of
1533 3017 83 75 their
1633 3017 141 75 fathers;
1794 3017 63 75 atd
1867 3017 90 75 thofe
1973 3017 73 75 who
2062 3017 84 75 were
2161 3017 104 75 guilty

2228 3071 56 75 of;
