2477 3395
189 186 88 75 m

820 186 36 75 B
974 186 36 75 R
1127 186 36 75 E

191 256 75 75 Yti:.
293 256 56 75 the
376 256 203 75 ftraw-dried
602 256 27 75 is
658 256 56 75 the
740 256 86 75 bcft;
859 256 58 75 the
937 256 179 75 wood-fort
1143 256 56 75 has
1218 256 18 75 a

203 304 78 75 mofl:
298 304 181 75 ungrateful
501 304 91 75 tafte,
617 304 63 75 and
705 304 63 75 few
795 304 58 75 can
865 304 81 75 .bear
969 304 38 75 it,
1033 304 59 75 but
1108 304 56 75 the
1180 304 54 75 ne-

203 350 155 75 ceffitous,
391 350 63 75 and
482 350 88 75 thofe
597 350 71 75 that
690 350 53 75 are
770 350 199 75 accuftomed
997 350 35 75 to
1059 350 42 75 its
1129 350 107 75 ftrong

204 397 129 75 fmoaky
350 397 96 75 tang;
466 397 55 75 yet
537 397 26 75 it
585 397 26 75 is
629 397 94 75 much
742 397 74 75 ufed
829 397 32 75 in
878 397 86 75 feme
977 397 39 75 of
1027 397 54 75 the
1103 397 132 75 weftern

203 444 87 75 parts
303 444 39 75 of
355 444 163 75 England.

249 489 76 75 The
343 489 180 75 fern-dried
538 489 79 75 malt
634 489 26 75 is
686 489 65 75 alTo
768 489 154 75 attended
938 489 76 75 with
1042 489 17 75 a
1077 489 78 75 rank
1172 489 62 75 dif-

205 536 165 75 agreeable
383 536 76 75 talle
477 536 85 75 from
578 536 56 75 the
650 536 109 75 fmoak
771 536 39 75 of
821 536 65 75 this
903 536 178 75 vegetable.

512 641 59 75 Of
576 641 189 75 ^grinding
780 641 134 75 Malts.

249 725 102 75 Twts
368 725 115 75 article'
483 725 84 75 Well
596 725 144 75 deferves
758 725 55 75 the
838 725 106 75 notice
961 725 41 75 of
1012 725 42 75 all
1082 725 152 75 brewers,

203 772 51 75 for
270 772 40 75 on
327 772 25 75 it
370 772 54 75 the
442 772 154 75 goodnefs
613 772 40 75 of
667 772 59 75 our
744 772 94 75 drink
855 772 123 75 greatly
995 772 139 75 depends
1149 772 10 75 ;
1179 772 55 75 be-

203 817 101 75 caufe,
330 817 31 75 if
371 817 24 75 it
406 817 25 75 is
449 817 125 75 ground
589 817 56 75 too
662 817 102 75 fmall,
790 817 55 75 the
861 817 82 75 flour
955 817 40 75 of
1006 817 55 75 the
1078 817 78 75 malt
1169 817 65 75 will

195 865 45 75 -be
258 865 54 75 the
329 865 94 75 eafier
440 865 61 75 and
518 865 88 75 more
623 865 101 75 freely
741 865 110 75 mixed
868 865 78 75 with
964 865 55 75 the
1035 865 112 75 water,
1173 865 62 75 and

202 910 66 75 will
285 910 91 75 caufe
392 910 55 75 the
460 910 84 75 wort
559 910 35 75 to
606 910 58 75 run
681 910 112 75 thick;
819 910 162 75 therefore
994 910 54 75 the
1064 910 79 75 malt
1155 910 79 75 muft

201 957 40 75 be
258 957 77 75 only
355 957 64 75 juft
435 957 100 75 broke
551 957 32 75 in
600 957 55 75 the
672 957 80 75 mill,
778 957 35 75 to
831 957 91 75 make
946 957 25 75 it
988 957 76 75 emit
1080 957 42 75 its
1145 957 89 75 fpirit

201 1005 180 75 gradually,
407 1005 61 75 and
493 1005 200 75 incorporate
715 1005 41 75 its
777 1005 84 75 flour
888 1005 78 75 with
993 1005 56 75 the
1074 1005 100 75 water
1199 1005 33 75 in

203 1051 74 75 fuch
296 1051 18 75 a
337 1051 142 75 manner,
504 1051 72 75 that
592 1051 65 75 fir-ft
674 1051 18 75 a
708 1051 82 75 ftout
813 1051 89 75 beer,
902 1033 11 49 :
926 1051 76 75 then
1020 1051 37 75 an
1083 1051 62 75 ale,
1171 1051 62 75 and

201 1095 187 75 afterwards
406 1095 17 75 a
440 1095 91 75 fmall
545 1095 75 75 beer
636 1095 73 75 may
738 1095 38 75 be
793 1095 63 75 had
870 1095 35 75 at
922 1095 59 75 one
999 1095 63 75 and
1078 1095 55 75 the
1149 1095 83 75 fame

202 1142 155 75 brewing,
383 1142 62 75 and
461 1142 55 75 the
539 1142 82 75 wort
638 1142 58 75 run
714 1142 51 75 off
777 1142 61 75 fine
849 1142 68 75 and
933 1142 85 75 clear
1042 1142 35 75 to
1093 1142 55 75 the
1161 1142 69 75 laft.

202 1189 103 75 Many
330 1189 53 75 are
399 1189 140 75 likewife
556 1189 33 75 fo
616 1189 160 75 fagacious
793 1189 35 75 as
844 1189 35 75 to
897 1189 92 75 grind
1003 1189 8 75 '
1011 1189 85 75 their
1122 1189 109 75 brown

201 1236 78 75 malt
296 1236 18 75 a
331 1236 157 75 fortnight
505 1236 111 75 before
633 1236 77 75 they
726 1236 53 75 ufe
801 1236 38 75 it,
866 1236 62 75 and
949 1236 81 75 keep
1047 1236 24 75 it
1089 1236 32 75 in
1138 1236 18 75 a
1172 1236 61 75 dry

200 1282 102 75 place,
326 1282 71 75 that
414 1282 24 75 it
458 1282 71 75 may
546 1282 130 75 become
694 1282 175 75 mellower,
887 1282 157 75 by.lofing
1068 1282 31 75 in
1112 1282 19 75 a
1143 1282 89 75 great

201 1328 142 75 meafure
359 1328 145 75 the.fury
516 1328 40 75 of
567 1328 40 75 its
624 1328 90 75 harlh
731 1328 80 75 fiery
826 1328 161 75 particles,
1005 1328 62 75 and
1083 1328 41 75 its
1137 1328 96 75 fteely

201 1377 126 75 nature,
352 1377 104 75 which
483 1377 66 75 this
569 1377 70 75 -fort
663 1377 41 75 of
727 1377 77 75 malt
833 1377 144 75 acquires
1001 1377 42 75 on
1068 1377 55 75 the
1150 1377 80 75 kiln.

199 1420 177 75 However,
400 1420 78 75 this,
504 1420 32 75 as
554 1420 73 75 well
644 1420 33 75 as
695 1420 95 75 many
801 1420 192 75 other-hard
1008 1420 121 75 bodies,
1159 1420 73 75 may

199 1467 43 75 be
257 1467 138 75 reduced
413 1467 44 75 by
473 1467 75 75 time
566 1467 61 75 and
644 1467 47 75 air
706 1467 69 75 into
793 1467 18 75 a
826 1467 90 75 more
931 1467 134 75 foluble,
1091 1467 140 75 mellow,

202 1514 63 75 and
279 1514 61 75 foft
357 1514 178 75 condition,
551 1514 61 75 and
626 1514 75 75 then
718 1514 25 75 it
759 1514 65 75 will
840 1514 118 75 imbibe
974 1514 56 75 the
1042 1514 110 75 water,
1171 1514 63 75 and

202 1560 73 75 give
305 1560 17 75 a
351 1560 125 75 natural
503 1560 78 75 kind
608 1560 135 75 tinfhire
771 1560 100 75 more,
887 1560 115 75 freely,
1026 1560 44 75 by
1093 1560 106 75 which
1214 1560 20 75 a

204 1604 290 75 greater-quantity
518 1604 61 75 and
596 1604 141 75 ftronger
754 1604 94 75 drink
872 1604 74 75 may
970 1604 40 75 be
1038 1604 91 75 made
1155 1604 77 75 than

203 1653 30 75 if
259 1653 26 75 it
315 1653 68 75 was
408 1653 76 75 ufed
507 1653 135 75 directly
666 1653 85 75 from
779 1653 55 75 the
867 1653 80 75 mill,
979 1653 63 75 and
1068 1653 39 75 be
1138 1653 93 75 much

202 1698 161 75 fmoother
392 1698 62 75 and
477 1698 106 75 better
607 1698 113 75 tafted.
769 1698 67 75 But
853 1698 69 75 pale
946 1698 94 75 malts
1057 1698 66 75 will
1141 1698 40 75 be
1197 1698 37 75 fit

201 1745 53 75 for
271 1745 52 75 ufe
340 1745 32 75 at
390 1745 18 75 a
424 1745 117 75 week’s
566 1745 72 75 end,
665 1745 130 75 becaufe
812 1745 55 75 the
891 1745 180 75 leifurenefs
1089 1745 40 75 of
1151 1745 83 75 their

202 1792 117 75 drying
336 1792 128 75 endows
490 1792 87 75 them
602 1792 77 75 with
698 1792 18 75 a
732 1792 132 75 foftnefs
881 1792 84 75 from
981 1792 57 75 the
1065 1792 76 75 time
1158 1792 78 75 they

204 1838 53 75 are
275 1838 94 75 taken
386 1838 53 75 off
461 1838 56 75 the
533 1838 67 75 kiln
617 1838 34 75 to
669 1838 59 75 the
741 1838 77 75 time
843 1838 77 75 they
937 1838 52 75 are
1006 1838 140 75 brewed,
1171 1838 63 75 and

201 1884 136 75 fupplies
354 1884 31 75 in
402 1884 88 75 them
507 1884 85 75 what
609 1884 77 75 time
703 1884 63 75 and
782 1884 46 75 air
845 1884 79 75 muft
940 1884 43 75 do
1000 1884 31 75 in
1048 1884 54 75 the
1120 1884 111 75 brown

201 1931 96 75 forts.
355 1931 86 75 This
466 1931 132 75 method
623 1931 40 75 of
685 1931 148 75 grinding
858 1931 78 75 malt
952 1931 34 75 fo
1012 1931 77 75 long
1104 1931 127 75 before-

202 1978 87 75 hand
306 1978 115 75 cannot
436 1978 40 75 be
496 1978 33 75 fo
545 1978 223 75 conveniently
784 1978 154 75 pratftifed
964 1978 42 75 by
1023 1978 86 75 fome
1125 1978 40 75 of
1177 1978 56 75 the

202 2024 91 75 great
308 2024 149 75 brewers,
476 2024 133 75 becaufe
624 2024 116 75 feveral
753 2024 40 75 of
804 2024 88 75 them
910 2024 86 75 brew
1013 2024 66 75 two
1096 2024 36 75 or
1142 2024 90 75 three

202 2070 94 75 times
313 2070 18 75 a
344 2070 90 75 week
446 2070 9 75 ;
482 2070 59 75 but
569 2070 72 75 now
661 2070 79 75 moft
757 2070 39 75 of
815 2070 88 75 them
928 2070 93 75 grind
1036 2070 84 75 their
1137 2070 94 75 malts

202 2116 69 75 into
288 2116 55 75 the
365 2116 56 75 tun
438 2116 42 75 by
497 2116 55 75 the
568 2116 74 75 help
660 2116 38 75 of
722 2116 18 75 a
755 2116 89 75 long,
869 2116 202 75 defcending,
1096 2116 135 75 wooden

203 2163 113 75 fpout;
343 2163 62 75 and
421 2163 76 75 here
514 2163 78 75 they
604 2163 71 75 fave
690 2163 55 75 the
763 2163 117 75 charge
892 2163 39 75 of
942 2163 163 75 emptying
1124 2163 38 75 or
1174 2163 56 75 un-

203 2209 103 75 cafing
323 2209 25 75 it
365 2209 56 75 out
438 2209 40 75 of
488 2209 55 75 the
555 2209 147 75 bin,-and
717 2209 64 75 alfo
798 2209 55 75 the
867 2209 91 75 wafte
970 2209 40 75 of
1023 2209 17 75 a
1057 2209 90 75 great
1159 2209 72 75 deal

206 2257 40 75 of
257 2257 56 75 the
340 2257 188 75 mhit-flour,
553 2257 71 75 that
648 2257 26 75 is
690 2257 59 75 loft
776 2257 92 75 when
896 2257 122 75 carried
1047 2257 32 75 in
1095 2257 137 75 balkets.

204 2304 33 75 A
255 2304 74 75 fteel
356 2304 183 75 hand-mill,
564 2304 78 75 will,
667 2304 44 75 by
733 2304 55 75 the
805 2304 74 75 help
903 2304 41 75 of
965 2304 76 75 only
1057 2304 61 75 one
1145 2304 86 75 man,

204 2349 93 75 grind
314 2349 46 75 fix
376 2349 37 75 or
428 2349 89 75 eight
533 2349 123 75 bufhels
680 2349 31 75 in
729 2349 38 75 an
784 2349 94 75 hour,
904 2349 62 75 and
983 2349 64 75 will
1077 2349 56 75 laft
1150 2349 18 75 a
1185 2349 47 75 fa-

205 2396 78 75 mily
299 2396 95 75 many
421 2396 92 75 years
530 2396 137 75 without
691 2396 175 75 hardening
882 2396 38 75 or
936 2396 137 75 cutting.
1121 2396 114 75 There

206 2442 52 75 are
278 2442 87 75 fome
392 2442 56 75 old
465 2442 162 75 fafhioned
650 2442 87 75 ftone
761 2442 186 75 hand-mills
974 2442 32 75 in
1031 2442 105 75 being,
1163 2442 71 75 that

204 2488 87 75 fome
303 2488 109 75 prefer
431 2488 35 75 to
483 2488 54 75 the
553 2488 70 75 iron
649 2488 89 75 ones,
763 2488 131 75 becaufe
910 2488 77 75 they
1009 2488 125 75 alledge
1162 2488 72 75 that

205 2535 87 75 thefe
316 2535 97 75 break
435 2535 55 75 the
516 2535 106 75 corn’s
640 2535 99 75 body,
764 2535 92 75 when
874 2535 55 75 the
956 2535 69 75 iron
1054 2535 76 75 ones
1157 2535 77 75 only

206 2581 54 75 cut
275 2581 26 75 it
318 2581 31 75 in
366 2581 79 75 two,
469 2581 104 75 which
592 2581 158 75 occafions
767 2581 54 75 the
838 2581 91 75 malt,
954 2581 34 75 fo
1005 2581 99 75 broke
1120 2581 43 75 by
1179 2581 55 75 the

206 2626 114 75 ftones,
345 2626 35 75 to
396 2626 71 75 give
484 2626 55 75 the
562 2626 99 75 water
677 2626 19 75 a
711 2626 88 75 more
814 2626 83 75 eafy,
923 2626 81 75 free,
1030 2626 60 75 and
1107 2626 128 75 regular

206 2672 110 75 power
333 2672 34 75 to
383 2672 123 75 extrad
522 2672 42 75 its
577 2672 113 75 virtue,
716 2672 78 75 than
806 2672 59 75 the
881 2672 148 75 cut-malt
1046 2672 58 75 can
1120 2672 71 75 that
1208 2672 25 75 is

206 2720 89 75 more
311 2720 146 75 confined
469 2720 111 75 within
596 2720 42 75 its
654 2720 81 75 hull.
773 2720 307 75 Notwithftanding,
1097 2720 55 75 the
1164 2720 71 75 iron

205 2766 76 75 ones
299 2766 53 75 are
368 2766 73 75 now
457 2766 113 75 moftly
586 2766 33 75 in
635 2766 66 75 ufe,
726 2766 50 75 for
793 2766 84 75 their
904 2766 91 75 great
1012 2766 142 75 difpatch
1172 2766 63 75 and

205 2812 77 75 long
298 2812 161 75 duration.
508 2812 39 75 In
571 2812 56 75 the
652 2812 135 75 country
804 2812 76 75 they
897 2812 179 75 frequently
1094 2812 106 75 throw
1217 2812 18 75 a

204 2859 74 75 fack
306 2859 40 75 of
369 2859 77 75 malt
467 2859 40 75 on
532 2859 19 75 a
566 2859 87 75 ftone
680 2859 37 75 or
745 2859 89 75 brick
849 2859 82 75 floor
947 2859 34 75 as
1006 2859 75 75 foon
1110 2859 35 75 as
1165 2859 27 75 it
1207 2859 27 75 is

205 2904 136 75 ground,
367 2904 62 75 and
445 2904 45 75 let
517 2904 25 75 it
558 2904 54 75 lie,
638 2904 108 75 giving
773 2904 25 75 it
815 2904 61 75 one
899 2904 87 75 turn,
1012 2904 51 75 for
1084 2904 18 75 a
1118 2904 61 75 day
1197 2904 37 75 or

205 2951 78 75 two,
308 2951 71 75 that
395 2951 55 75 the
475 2951 102 75 ftones
601 2951 36 75 or
664 2951 108 75 bricks
800 2951 73 75 may
893 2951 88 75 draw
998 2951 56 75 out
1083 2951 54 75 the
1155 2951 78 75 fiery

203 2997 126 75 quality
345 2997 25 75 it
395 2997 145 75 received
563 2997 86 75 from
673 2997 54 75 the
752 2997 79 75 kiln,
857 2997 62 75 and
936 2997 71 75 give
1032 2997 57 75 the
1104 2997 94 75 drink
1216 2997 17 75 a

204 3045 64 75 foft
284 3045 79 75 mild
374 3045 88 75 tafte.

1281 185 59 75 W
1457 185 18 75 I
1593 185 44 75 N
1753 185 53 75 G.

1282 311 59 75 Of
1349 311 62 75 the
1429 311 150 75 Nature
1611 311 50 75 of
1669 311 155 75 feveral
1848 311 160 75 Waters,
2036 311 78 75 and
2128 311 97 75 their
2242 311 73 75 Ufe

1669 363 39 75 in
1737 363 191 75 Brevsing.

1328 443 152 75 Water
1506 443 27 75 is
1551 443 15 75 a
1585 443 119 75 matter
1726 443 40 75 of
1791 443 89 75 great
1911 443 195 75 importance
2123 443 32 75 in
2172 443 143 75 brewing

1280 490 190 75 wholefome
1486 490 62 75 fine
1565 490 231 75 malt-liquors.
1845 490 99 75 Now,
1964 490 54 75 the
2031 490 88 75 more
2132 490 106 75 fimple
2251 490 63 75 and

1282 535 83 75 freer
1387 535 97 75 every
1500 535 99 75 water
1615 535 27 75 is
1657 535 88 75 from
1760 535 124 75 foreign
1901 535 161 75 particles,
2087 535 26 75 it
2128 535 27 75 is
2173 535 55 75 the
2245 535 67 75 bet-

1282 580 62 75 ter.

1331 628 249 75 Spring-waters
1595 628 54 75 are
1664 628 33 75 in
1715 628 127 75 general
1863 628 94 75 liable
1972 628 35 75 to
2023 628 132 75 partake
2172 628 40 75 of
2223 628 91 75 thofe

1280 675 150 75 minerals
1455 675 141 75 through
1625 675 104 75 which
1758 675 77 75 they
1862 675 81 75 pafs.
1994 675 48 75 At
2061 675 202 75 Uppingham
2280 675 32 75 in

1283 721 157 75 Rutland,
1465 721 85 75 their
1567 721 97 75 water
1680 721 28 75 is
1717 721 75 75 .faid
1807 721 35 75 to
1858 721 91 75 come
1976 721 53 75 off
2051 721 38 75 an
2118 721 84 75 alem
2218 721 94 75 rock,

1283 767 62 75 and
1365 767 38 75 fo.
1413 767 105 75 tinges
1535 767 85 75 their
1637 767 74 75 beer
1728 767 78 75 with
1823 767 40 75 its
1882 767 96 75 faline
1995 767 137 75 quality,
2157 767 71 75 that
2243 767 26 75 it
2286 767 26 75 is

1281 813 93 75 eafily
1391 813 100 75 tafted
1515 813 32 75 at
1574 813 56 75 the
1658 813 65 75 firft
1749 813 153 75 draught.
1951 813 67 75 But
2035 813 71 75 that
2122 813 106 75 which
2246 813 65 75 will

1281 859 105 75 lather
1401 859 81 75 with
1504 859 88 75 foap,
1616 859 38 75 or
1670 859 64 75 foft
1751 859 110 75 water,
1887 859 71 75 that
1973 859 174 75 percolates
2172 859 140 75 through

1283 906 112 75 chalk,,
1415 906 36 75 or
1469 906 19 75 a
1503 906 78 75 grey
1601 906 172 75 fire.-ftone,
1799 906 26 75 is
1848 906 161 75 generally
2026 906 257 75 accounted.heft
2299 906 8 75 ;
2307 906 7 75 .

1282 952 50 75 for
1355 952 95 75 chalk
1466 952 31 75 in
1516 952 63 75 this
1597 952 117 75 refped
1730 952 120 75 excells
1868 952 42 75 all
1931 952 93 75 other
2044 952 118 75 earths,
2182 952 130 75 becaufe

1280 998 25 75 it
1325 998 247 75 communicates
1589 998 134 75 nothing
1739 998 238 75 unwholefome.
1989 998 34 75 to
2039 998 55 75 the
2111 998 126 75 waters,
2256 998 56 75 but

1280 1046 138 75 abforbs.
1432 1046 65 75 any
1527 1046 147 75 minerals
1707 1046 79 75 that,
1805 1046 75 75 may
1900 1046 201 75 .accompany
2128 1046 56 75 the
2213 1046 98 75 water

1280 1092 70 75 that
1367 1092 75 75 runs
1461 1092 136 75 through
1615 1092 88 75 them
1722 1092 9 75 :
1767 1092 64 75 For
1846 1092 107 75 which
1978 1092 108 75 reafon
2104 1092 78 75 they
2205 1092 108 75 throw,

1279 1138 33 75 in
1327 1138 93 75 great
1444 1138 172 75 quantities
1633 1138 41 75 of
1686 1138 96 75 chalk
1798 1138 69 75 into
1886 1138 85 75 their
1986 1138 88 75 wells
2091 1138 35 75 at
2142 1138 169 75 AUeftmry

1280 1184 34 75 to
1330 1184 104 75 foften
1457 1184 84 75 their
1563 1184 112 75 water,
1700 1184 118 75 which,
1845 1184 125 75 coming
1996 1184 50 75 off
2064 1184 19 75 a
2110 1184 93 75 black
2219 1184 90 75 fand-

1280 1231 97 75 ftone,
1403 1231 27 75 is
1457 1231 34 75 fo
1516 1231 81 75 hard
1613 1231 61 75 and
1691 1231 102 75 /harp,
1819 1231 71 75 that
1907 1231 26 75 it
1949 1231 65 75 will
2029 1231 92 75 often
2137 1231 72 75 turn
2227 1231 84 75 their

1281 1276 76 75 beer
1372 1276 73 75 four
1461 1276 32 75 in
1519 1276 18 75 a
1559 1276 118 75 week’s
1700 1276 77 75 time
1793 1276 9 75 ;
1828 1276 34 75 fo
1876 1276 71 75 that
1964 1276 31 75 in
2012 1276 41 75 its
2071 1276 133 75 original
2232 1276 78 75 ftate

1279 1322 25 75 it
1318 1322 25 75 is
1356 1322 122 75 neither
1495 1322 37 75 fit
1548 1322 35 75 to
1594 1322 82 75 walli
1689 1322 59 75 nor
1762 1322 85 75 brew
1865 1322 91 75 with,
1982 1322 57 75 but
2056 1322 34 75 fo
2104 1322 77 75 long
2197 1322 34 75 as
2254 1322 56 75 the

1280 1368 131 75 alcaline
1425 1368 151 75 particles
1598 1368 41 75 of
1660 1368 55 75 the
1740 1368 94 75 chalk
1849 1368 78 75 hold
1942 1368 99 75 good,
2067 1368 75 75 they
2160 1368 56 75 put
2232 1368 25 75 it
2274 1368 36 75 tq

1279 1413 79 75 both
1376 1413 81 75 ufes.

1327 1461 217 75 River-water
1565 1461 27 75 is
1616 1461 60 75 lefs
1700 1461 95 75 liable
1820 1461 34 75 to
1875 1461 39 75 be
1930 1461 117 75 loaded
2062 1461 78 75 with
2156 1461 156 75 metallic,*

1282 1508 184 75 petrifying,
1492 1508 37 75 or
1552 1508 95 75 faline
1671 1508 161 75 particles^
1857 1508 77 75 than
1959 1508 56 75 the
2046 1508 72 75 well
2135 1508 38 75 or
2204 1508 106 75 fpring

1282 1553 94 75 forts,
1401 1553 169 75 efpecially
1601 1553 32 75 at
1664 1553 87 75 fome
1767 1553 137 75 dillance
1921 1553 84 75 from
2022 1553 55 75 the
2094 1553 104 75 fpring
2214 1553 101 75 head,,

1281 1600 132 75 becaufe
1429 1600 56 75 the
1501 1600 185 75 rain-water
1702 1600 103 75 mixes
1822 1600 76 75 with
1927 1600 73 75 and.
2014 1600 120 75 foftens
2156 1600 38 75 it.
2243 1600 72 75 But

1280 1646 32 75 in
1330 1646 146 75 running,
1501 1646 26 75 it
1544 1646 91 75 often
1663 1646 128 75 colleifts
1820 1646 87 75 grofs
1933 1646 162 75 particles,
2121 1646 84 75 from
2222 1646 93 75 ou-zy

1281 1693 123 75 muddy
1429 1693 170 75 mixtures,
1624 1693 206 75 particularly
1857 1693 74 75 near
1955 1693 100 75 town,
2080 1693 105 75 which
2217 1693 95 75 make

1282 1739 55 75 the
1354 1739 75 75 beer
1445 1739 118 75 fubjed
1579 1739 37 75 to
1630 1739 70 75 new
1715 1739 252 75 fermentations,
1992 1739 62 75 and
2064 1739 90 75 g?ow
2167 1739 67 75 foul
2247 1739 61 75 up-

1283 1786 40 75 on
1341 1786 61 75 any
1419 1786 167 75 alteration
1616 1786 40 75 of
1679 1786 55 75 the
1751 1786 153 75 weather,
1929 1786 33 75 as
1979 1786 56 75 the
2046 1786 268 75 ThameS-water.

1283 1832 161 75 generally
1460 1832 78 75 does
1554 1832 10 75 ;
1591 1832 54 75 yet
1662 1832 77 75 this,
1757 1832 52 75 for
1825 1832 42 75 its
1884 1832 145 75 foftnefs,
2053 1832 27 75 is
2097 1832 94 75 much
2205 1832 109 75 betten

1282 1878 74 75 than
1374 1878 56 75 the
1447 1878 80 75 hard
1539 1878 45 75 for
1591 1878 37 75 t;
1654 1878 162 75 however,
1840 1878 81 75 both
1939 1878 85 75 thefe
2037 1878 114 75 waters
2168 1878 54 75 are
2234 1878 82 75 ufed-

1280 1923 42 75 by
1337 1923 86 75 fome
1439 1923 152 75 brewers.
1616 1923 67 75 But
1695 1923 106 75 where
1814 1923 270 75 river-water.can
2098 1923 39 75 be
2149 1923 63 75 had
2224 1923 91 75 clear}

1279 1971 33 75 in
1336 1971 18 75 a
1371 1971 61 75 dry
1449 1971 89 75 time,
1563 1971 92 75 when
1683 1971 41 75 no
1750 1971 90 75 great
1856 1971 66 75 rain
1939 1971 58 75 has
2013 1971 99 75 lately
2128 1971 56 75 fell
2201 1971 57 75 out
2275 1971 39 75 of

1280 2016 146 75 rivulets,
1451 2016 38 75 or
1506 2016 99 75 rivers
1620 2016 72 75 that
1714 2016 81 75 have
1823 2016 18 75 a
1865 2016 153 75 gravelly,
2044 2016 128 75 chalky,
2199 2016 115 75 fandy,'

1280 2062 37 75 or
1332 2062 90 75 ftony
1438 2062 138 75 bottom,
1600 2062 66 75 free
1682 2062 84 75 from
1782 2062 55 75 the
1853 2062 197 75 difturbance
2066 2062 40 75 of
2116 2062 109 75 cattle,
2243 2062 66 75 &c.

1280 2109 61 75 and
1359 2109 30 75 in
1406 2109 85 75 good
1509 2109 58 75 air,
1592 2109 25 75 it
1647 2109 72 75 may
1745 2109 75 75 then
1840 2109 97 75 juftly
1955 2109 92 75 claim
2064 2109 55 75 the
2134 2109 91 75 name
2241 2109 39 75 of
2292 2109 20 75 a

1280 2157 79 75 moft
1374 2157 161 75 excellent
1550 2157 99 75 water
1664 2157 52 75 for
1732 2157 155 75 brewing,
1904 2157 62 75 and
1978 2157 65 75 will
2056 2157 91 75 make
2159 2157 19 75 a
2189 2157 127 75 ftrong-

1281 2200 34 75 er
1330 2200 94 75 drink
1439 2200 78 75 with
1535 2200 56 75 the
1606 2200 84 75 fame
1706 2200 147 75 quantity
1873 2200 40 75 of
1923 2200 79 75 malt
2018 2200 75 75 than
2110 2200 62 75 any
2199 2200 40 75 of
2256 2200 56 75 the

1280 2248 227 75 well-waters;
1525 2248 247 75 infomuch-that
1789 2248 68 75 that
1876 2248 40 75 of
1927 2248 56 75 the
1999 2248 143 75 Thames
2159 2248 55 75 has
2231 2248 81 75 been

1281 2294 119 75 proved
1416 2294 35 75 to
1468 2294 92 75 make
1572 2294 35 75 as
1623 2294 107 75 ftrong
1744 2294 76 75 beer
1831 2294 78 75 with
1920 2294 91 75 feven
2030 2294 122 75 buftiels
2169 2294 40 75 of
2220 2294 91 75 malt,

1282 2341 32 75 as
1331 2341 190 75 well-water
1537 2341 78 75 with
1632 2341 107 75 eight;
1766 2341 62 75 and
1854 2341 35 75 fo
1916 2341 54 75 are
1987 2341 42 75 all
2046 2341 216 75 river-waters
2278 2341 32 75 in

1282 2388 17 75 a
1317 2388 257 75 proportionable
1587 2388 128 75 degree,
1742 2388 74 75 arid,
1833 2388 108 75 where
1962 2388 77 75 they
2055 2388 57 75 can
2129 2388 39 75 be
2185 2388 132 75 obtain-

1282 2434 40 75 ed
1335 2434 88 75 clean
1440 2434 62 75 and
1518 2434 89 75 pure,
1625 2434 93 75 drink
1731 2434 73 75 may
1820 2434 39 75 be
1871 2434 110 75 drawn
1997 2434 62 75 fine
2069 2434 33 75 in
2119 2434 18 75 a
2151 2434 64 75 few
2232 2434 79 75 days

1282 2479 83 75 after
1381 2479 145 75 tunning.

1329 2526 201 75 Rain-water
1545 2526 27 75 is
1587 2526 78 75 very
1679 2526 75 75 foft,
1778 2526 40 75 of
1831 2526 18 75 a
1866 2526 78 75 moft
1961 2526 106 75 fimple
2083 2526 62 75 and
2162 2526 78 75 pure
2254 2526 57 75 na-

1282 2572 83 75 ture,
1391 2572 63 75 and
1470 2572 54 75 the
1541 2572 65 75 beft
1623 2572 118 75 diluter
1767 2572 41 75 of
1830 2572 74 75 any,
1929 2572 166 75 efpecially
2119 2572 30 75 if
2166 2572 147 75 received

1281 2620 68 75 free
1363 2620 84 75 from
1462 2620 66 75 dirt
1544 2620 62 75 and
1637 2620 122 75 mortar
1775 2620 69 75 that
1860 2620 89 75 often
1973 2620 68 75 mix
2068 2620 78 75 with
2170 2620 26 75 it
2224 2620 33 75 as
2285 2620 26 75 it

1281 2665 75 75 runs
1381 2665 51 75 off
1456 2665 79 75 tiled
1562 2665 111 75 roofs;
1700 2665 63 75 this
1790 2665 26 75 is
1844 2665 77 75 very
1945 2665 165 75 agreeable
2134 2665 51 75 for
2209 2665 103 75 brew-

1282 2712 54 75 ing
1351 2712 40 75 of
1403 2712 64 75 ales
1495 2712 69 75 that
1591 2712 53 75 are
1661 2712 56 75 not
1733 2712 35 75 to
1785 2712 39 75 be
1847 2712 77 75 kept
1947 2712 89 75 long,
2061 2712 58 75 but
2145 2712 52 75 for
2220 2712 90 75 beers

1282 2757 70 75 that
1369 2757 53 75 are
1439 2757 35 75 to
1491 2757 119 75 remain
1627 2757 85 75 fome
1729 2757 76 75 time
1822 2757 31 75 in
1870 2757 55 75 the
1947 2757 98 75 calks,
2078 2757 25 75 it
2136 2757 26 75 is
2196 2757 55 75 not
2275 2757 36 75 fo

1283 2804 96 75 good,
1405 2804 94 75 being
1513 2804 55 75 apt
1587 2804 34 75 to
1637 2804 123 75 putrify
1776 2804 55 75 the
1851 2804 120 75 fooneft
1988 2804 40 75 of
2039 2804 74 75 any.

1332 2851 92 75 Pond
1439 2851 129 75 waters.
1590 2851 86 75 This
1693 2851 141 75 includes
1852 2851 199 75 all.ftanding
2067 2851 126 75 waters,
2211 2851 109 75 chief-;

1282 2897 34 75 ly
1340 2897 85 75 from
1449 2897 79 75 rain,
1554 2897 63 75 and
1633 2897 53 75 are
1702 2897 87 75 good
1807 2897 35 75 or
1859 2897 63 75 bad
1938 2897 170 75 according
2125 2897 34 75 to
2175 2897 134 75 circum-

1283 2944 140 75 fiances;
1449 2944 50 75 for
1522 2944 107 75 where
1646 2944 90 75 there
1752 2944 27 75 is
1799 2944 19 75 a
1832 2944 89 75 clean
1939 2944 137 75 bottom,
2101 2944 62 75 and
2180 2944 54 75 the
2246 2944 73 75 wa-.

1281 2990 48 75 ter
1346 2990 57 75 lies
1420 2990 203 75 undifturbed
1641 2990 83 75 from
1747 2990 55 75 the
1819 2990 90 75 tread
1927 2990 40 75 of
1978 2990 109 75 cattle,
2111 2990 38 75 or
2165 2990 55 75 too
2243 2990 66 75 ma-

1282 3040 39 75 ny
1339 3040 67 75 filh,
1430 3040 33 75 in
1479 3040 41 75 an
1544 3040 81 75 open
1653 3040 101 75 found
1770 3040 58 75 air,
1853 3040 32 75 in
1914 3040 19 75 a
1958 3040 87 75 large
2062 3040 159 75 quantity,
2247 3040 64 75 and

2203 3084 105 75 where
