2428 3377
115 134 101 75 Part
236 134 30 75 I.

674 134 361 75 ANA

117 197 108 75 where
252 197 56 75 the
336 197 153 75 glandula
512 197 195 75 innominata
730 197 131 75 Galeni,
903 197 38 75 or
971 197 179 75 lachryma-

117 242 52 75 lis,
194 242 27 75 is
239 242 310 75 lodged.—Behind
564 242 77 75 each
658 242 136 75 internal
819 242 131 75 angular
969 242 138 75 procefs,
1134 242 19 75 a

115 288 92 75 fmall
225 288 46 75 pit
283 288 73 75 may
366 288 41 75 be
424 288 180 75 remarked,
629 288 107 75 where
748 288 55 75 the
819 288 226 75 cartilaginous
1062 288 91 75 pully

118 334 40 75 of
177 334 57 75 the
249 334 158 75 mufculus
425 334 149 75 obliqaus
591 334 103 75 major
706 334 40 75 of
765 334 56 75 the
838 334 58 75 eye
912 334 27 75 is
957 334 99 75 fixed.

117 380 147 75 Betwixt
279 380 57 75 the
352 380 66 75 two
430 380 123 75 orbitar
569 380 167 75 procefles,
754 380 91 75 there
857 380 26 75 is
896 380 20 75 a
927 380 88 75 large
1027 380 125 75 difcon-

117 426 157 75 tinuation
290 426 41 75 of
349 426 56 75 the
420 426 95 75 bone,
540 426 69 75 into
625 426 108 75 which
755 426 57 75 the
829 426 184 75 cribriform
1029 426 71 75 part
1117 426 41 75 of

117 472 56 75 the
190 472 36 75 os
244 472 178 75 ethmoides
438 472 26 75 is
480 472 150 75 incafed.'
630 472 114 75 —The
759 472 120 75 frontal
891 472 82 75 bone
985 472 167 75 frequent-

117 519 35 75 ly
168 519 58 75 has
242 519 84 75 little
342 519 131 75 caverns
490 519 126 75 formed
631 519 33 75 in
680 519 26 75 it
721 519 77 75 here
817 519 107 75 where
944 519 26 75 it
992 519 26 75 is
1039 519 113 75 joined

116 565 36 75 to
167 565 56 75 the
245 565 147 75 ethmoid
408 565 95 75 bone.
597 565 131 75 Behind
751 565 78 75 each
849 565 149 75 external
1021 565 132 75 angular

115 610 139 75 procefs,
268 610 55 75 the
338 610 124 75 furface
478 610 40 75 of
528 610 57 75 the
597 610 120 75 frontal
734 610 82 75 bone
828 610 25 75 is
867 610 217 75 confiderably
1094 610 56 75 de-

115 657 124 75 prefled
254 657 107 75 where
377 657 74 75 part
460 657 40 75 of
511 657 54 75 the
582 657 156 75 temporal
755 657 118 75 mufcle
888 657 27 75 is
931 657 124 75 placed.

163 703 268 75 Thtforamina,
460 703 35 75 or
520 703 105 75 holes,
650 703 184 75 obfervable
858 703 41 75 on
924 703 56 75 the
1005 703 146 75 external

115 749 123 75 furface
255 749 43 75 of
312 749 55 75 the
383 749 119 75 frontal
519 749 94 75 bone,
638 749 54 75 are
719 749 91 75 three
833 749 33 75 in
886 749 78 75 each
980 749 81 75 fide.'

116 796 74 75 One
212 796 33 75 in
262 796 79 75 each
356 796 205 75 fuperciliary
577 796 102 75 ridge,
704 796 18 75 a
740 796 85 75 little
842 796 151 75 removed
1008 796 86 75 from
1109 796 41 75 its

115 842 120 75 middle
251 842 139 75 towards
407 842 55 75 the
478 842 96 75 nofe;
601 842 140 75 through
765 842 107 75 which
889 842 19 75 a
929 842 80 75 twig
1032 842 40 75 of
1094 842 56 75 the

116 887 195 75 ophthalmic
326 887 120 75 branch
462 887 40 75 of
513 887 56 75 the
584 887 73 75 fifth
675 887 67 75 pair
752 887 40 75 of
803 887 113 75 nerves
928 887 97 75 pafles
1042 887 57 75 out
1115 887 42 75 of

115 934 55 75 the
186 934 100 75 orbit,
302 934 81 75 with
400 934 18 75 a
433 934 88 75 fmall
539 934 119 75 artery,
684 934 85 75 from
785 934 55 75 the
856 934 137 75 internal
1010 934 138 75 carotid,

115 980 35 75 to
175 980 40 75 be
238 980 188 75 diftributed
447 980 35 75 to
504 980 56 75 the
588 980 178 75 teguments
795 980 62 75 and
879 980 133 75 mufcles
1036 980 40 75 of
1095 980 55 75 the

117 1026 321 75 forehead.—Thefe
454 1026 109 75 veffels
588 1026 33 75 in
637 1026 85 75 fome
742 1026 94 75 fculls
853 1026 93 75 make
963 1026 136 75 furrows
1116 1026 33 75 in

116 1072 54 75 the
186 1072 36 75 os
239 1072 130 75 frontis,
395 1072 168 75 efpecially
578 1072 32 75 in
631 1072 55 75 the
709 1072 99 75 bones
833 1072 40 75 of
891 1072 144 75 children
1050 1072 11 75 ;
1088 1072 62 75 and

114 1119 162 75 therefore
292 1119 49 75 we
357 1119 102 75 ought
482 1119 34 75 to
540 1119 124 75 beware
681 1119 40 75 of
740 1119 173 75 tranfverfe
935 1119 146 75 incifions
1107 1119 42 75 on

114 1165 104 75 either
233 1165 63 75 fide
316 1165 41 75 of
375 1165 56 75 the
455 1165 36 75 os
516 1165 129 75 frontis,
674 1165 106 75 which
808 1165 103 75 might
937 1165 102 75 either
1067 1165 81 75 open

113 1211 88 75 thefe
216 1211 109 75 Velfels
338 1211 38 75 or
390 1211 78 75 hurt
483 1211 55 75 the
553 1211 125 75 nerves,
691 1211 95 75 while
803 1211 79 75 they
893 1211 53 75 are
958 1211 54 75 yet
1028 1211 33 75 in
1078 1211 71 75 part

113 1257 112 75 within
242 1257 57 75 the
314 1257 101 75 bone;
443 1257 63 75 for,
524 1257 93 75 when
634 1257 109 75 veflels
760 1257 54 75 are
835 1257 73 75 thus
925 1257 173 75 wounded,
1123 1257 26 75 it

113 1302 26 75 is
162 1302 137 75 difficult
314 1302 36 75 to
373 1302 68 75 flop
468 1302 55 75 the
548 1302 236 75 htemorrhagy,
813 1302 131 75 becaufe
967 1302 56 75 the
1051 1302 97 75 adhe-

115 1349 63 75 fion
196 1349 41 75 of
255 1349 20 75 a
290 1349 73 75 part
378 1349 41 75 of
438 1349 56 75 the
510 1349 109 75 artery
635 1349 35 75 to
686 1349 56 75 the
759 1349 83 75 bone
857 1349 130 75 hinders
1003 1349 43 75 its
1071 1349 76 75 con-

115 1393 148 75 rraction,
297 1393 63 75 and
384 1393 228 75 confequently
635 1393 131 75 ftyptics
795 1393 57 75 can
880 1393 91 75 have,
990 1393 84 75 little
1099 1393 48 75 ef-

114 1441 83 75 fect;
223 1441 56 75 the
303 1441 79 75 fides
405 1441 41 75 of
465 1441 56 75 the
538 1441 123 75 furrow
684 1441 82 75 keep
786 1441 52 75 off
853 1441 205 75 compreffing
1074 1441 73 75 fub-

113 1488 119 75 ftances
249 1488 85 75 from
352 1488 55 75 the
424 1488 129 75 artery;
579 1488 65 75 and
658 1488 50 75 we
724 1488 110 75 would
845 1488 75 75 wiffi
933 1488 34 75 to
983 1488 77 75 ffiun
1071 1488 75 75 cau-

114 1533 96 75 teries
227 1533 38 75 or
281 1533 204 75 efcharotics,
515 1533 132 75 becaufe
666 1533 79 75 they
761 1533 91 75 make
876 1533 56 75 the
957 1533 83 75 bone
1065 1533 81 75 cari-

113 1579 79 75 ous;
218 1579 63 75 and
304 1579 125 75 nerves,
458 1579 94 75 when
579 1579 75 75 thus
678 1579 89 75 hurt,
799 1579 180 75 fometimes
1006 1579 141 75 produce

113 1626 122 75 violent
267 1626 304 75 fymptoms.-^But
594 1626 50 75 we
668 1626 80 75 mull
773 1626 137 75 remark,
940 1626 73 75 that
1042 1626 103 75 often,

113 1672 118 75 inftead
249 1672 39 75 of
300 1672 19 75 a
345 1672 88 75 hole,
452 1672 18 75 a
497 1672 98 75 notch
615 1672 77 75 only
708 1672 27 75 is
752 1672 35 75 to
813 1672 41 75 be
878 1672 92 75 feen:
997 1672 90 75 Nay,
1112 1672 33 75 in

114 1718 84 75 fome
215 1718 110 75 fkulls,
338 1718 105 75 fcarce
460 1718 19 75 a
488 1718 115 75 veftige
615 1718 131 75 evemof
757 1718 64 75 this
830 1718 26 75 is
867 1718 85 75 left;
977 1718 33 75 in
1023 1718 121 75 others,

113 1764 80 75 both
209 1764 75 75 hole
300 1764 64 75 and
380 1764 99 75 notch
495 1764 53 75 are
565 1764 198 75 obfervable,
786 1764 93 75 when
899 1764 56 75 the
971 1764 97 75 nerve
1084 1764 63 75 and

114 1810 107 75 artery
245 1810 60 75 run
327 1810 191 75 feparately.
568 1810 202 75 Frequently
783 1810 19 75 a
826 1810 77 75 hole
927 1810 27 75 is
980 1810 100 75 found
1102 1810 43 75 on

112 1857 62 75 one
191 1857 75 75 fide,
291 1857 64 75 and
370 1857 19 75 a
412 1857 98 75 notch
529 1857 42 75 on
588 1857 56 75 the
668 1857 114 75 other;
810 1857 33 75 at
863 1857 93 75 other
978 1857 93 75 times
1095 1857 50 75 we

112 1905 52 75 fee
180 1905 64 75 two
261 1905 113 75 holes;
401 1905 37 75 or
459 1905 92 75 there
570 1905 27 75 is
615 1905 19 75 a
650 1905 147 75 common
812 1905 75 75 hole
903 1905 150 75 without,
1083 1905 62 75 and

113 1950 65 75 two
194 1950 124 75 difiinff
334 1950 117 75 entries
468 1950 185 75 internally.
702 1950 91 75 Near
808 1950 56 75 the
884 1950 122 75 middle
1031 1950 45 75 of.
1090 1950 55 75 the

112 1997 97 75 infide
225 1997 40 75 of
277 1997 77 75 each
372 1997 106 75 orbit,,
488 1997 82 75 hard
584 1997 56 75 by,
658 1997 37 75 or
713 1997 33 75 in
762 1997 55 75 the
834 1997 173 75 tranfverfe
1023 1997 120 75 future,

113 2042 90 75 there
226 2042 26 75 is
271 2042 18 75 a
304 2042 90 75 fmall
410 2042 76 75 hole
502 2042 52 75 for
571 2042 56 75 the
642 2042 124 75 paffage
781 2042 41 75 of
842 2042 56 75 the
914 2042 85 75 nafal
1017 2042 77 75 twig
1110 2042 40 75 of

113 2089 54 75 the
191 2089 65 75 firft
282 2089 122 75 branch
428 2089 41 75 of
487 2089 56 75 the
567 2089 168 75 fifth^pair
759 2089 39 75 of
822 2089 124 75 nerves,
971 2089 63 75 and
1060 2089 40 75 of
1127 2089 19 75 a

108 2133 124 75 •branch
250 2133 39 75 of
299 2133 54 75 the
370 2133 197 75 ophthalmic
581 2133 106 75 artery
691 2165 18 49 v
747 2133 87 75 This
843 2133 74 75 hole
927 2133 26 75 is
966 2133 179 75 fometimes

109 2179 141 75 entirely
267 2179 126 75 formed
415 2179 34 75 in
475 2179 54 75 the
546 2179 35 75 os
605 2179 115 75 frontis
735 2179 10 75 ;
771 2179 32 75 in
832 2179 93 75 other
948 2179 109 75 Ikulls,
1090 2179 56 75 the

113 2225 80 75 fides
210 2225 40 75 of
266 2225 26 75 it
318 2225 54 75 are
404 2225 169 75 compofed
588 2225 40 75 of
647 2225 64 75 this
739 2225 56 75 laft
825 2225 96 75 bone,
947 2225 62 75 and
1030 2225 40 75 of
1089 2225 57 75 the

115 2271 34 75 os
183 2271 142 75 planum.
373 2271 33 75 It
437 2271 27 75 is
488 2271 182 75 commonly
696 2271 116 75 known
840 2271 43 75 by
905 2271 56 75 the
989 2271 91 75 name
1112 2271 40 75 of

114 2316 198 75 orbitarium
348 2316 178 75 internum,
556 2316 124 75 though
712 2316 148 75 anterius
892 2316 112 75 fliould
1034 2316 40 75 be
1090 2316 55 75 ad-

114 2364 75 75 ded,
214 2364 133 75 becaufe
363 2364 41 75 of
422 2364 56 75 the
502 2364 91 75 next,
619 2364 105 75 which
747 2364 27 75 is
799 2364 183 75 commonly
996 2364 149 75 omitted.

107 2410 151 75 —This,
284 2410 107 75 which
413 2410 75 75 may
504 2410 39 75 be
560 2410 102 75 called
686 2410 194 75 orbitarium
902 2410 168 75 internum
1088 2410 56 75 po-

104 2455 137 75 Jlerius,
254 2455 27 75 is
298 2455 76 75 fuch
391 2455 135 75 another
542 2455 33 75 as
592 2455 56 75 the
664 2455 121 75 former
799 2455 10 75 ;
834 2455 78 75 only
928 2455 138 75 fmaller,
1083 2455 63 75 and

115 2501 97 75 about
232 2501 40 75 an
299 2501 73 75 inch
392 2501 121 75 deeper,
532 2501 33 75 in
589 2501 56 75 the
664 2501 105 75 orbit:
796 2501 139 75 through
959 2501 28 75 it
1011 2501 17 75 a
1054 2501 91 75 fmall

114 2547 119 75 branch
244 2547 40 75 of
287 2547 53 75 the
352 2547 109 75 ocular
473 2547 106 75 artery
586 2547 97 75 pafles
693 2547 34 75 to
735 2547 55 75 the
800 2547 247 75 nofe.--Befides
1056 2547 88 75 thefe

115 2593 58 75 fix,
184 2593 90 75 there
292 2593 52 75 are
362 2593 18 75 a
395 2593 88 75 great
502 2593 132 75 number
645 2593 40 75 of
694 2593 90 75 fmall
800 2593 92 75 holes
909 2593 182 75 obfervable
1099 2593 44 75 on

114 2640 56 75 the
194 2640 94 75 outer
304 2640 123 75 furface
451 2640 41 75 of
509 2640 64 75 this
598 2640 95 75 bone,
714 2640 208 75 particularly
938 2640 31 75 in
997 2640 56 75 the
1077 2640 66 75 two

114 2683 246 75 protuberances
377 2683 100 75 above
493 2683 61 75 the
565 2683 193 75 eye-brows.
805 2683 90 75 Moft
919 2683 40 75 of
977 2683 88 75 thefe
1088 2683 54 75 pe-

114 2732 124 75 netrate
256 2732 42 75 no
314 2732 127 75 further
457 2732 77 75 than
550 2732 57 75 the
626 2732 125 75 finufes,
776 2732 37 75 or
837 2732 77 75 than
939 2732 55 75 the
1021 2732 120 75 diploe,

114 2778 31 75 if
156 2778 56 75 the
228 2778 112 75 finufes
358 2778 53 75 are
427 2778 154 75 wanting.
628 2778 78 75 Thft
722 2778 101 75 place,
840 2778 74 75 fize,
932 2778 61 75 and
1010 2778 133 75 number

116 2826 40 75 of
173 2826 100 75 them,
302 2826 53 75 are
373 2826 151 75 however
550 2826 186 75 uncertain:
762 2826 101 75 They
878 2826 162 75 generally
1055 2826 88 75 ferve

116 2869 51 75 for
184 2869 55 75 the
254 2869 207 75 tranfmiflipn
477 2869 39 75 of
538 2869 43 75 fin
585 2869 42 75 all
651 2869 131 75 arteries
799 2869 38 75 or
853 2869 125 75 nerves.

162 2915 75 75 The
253 2915 135 75 internal
406 2915 120 75 furface
543 2915 39 75 of
604 2915 56 75 the
677 2915 35 75 os
729 2915 115 75 frontis
860 2915 27 75 is
906 2915 148 75 concave,
1083 2915 57 75 ex-

116 2961 72 75 cept
205 2961 32 75 at
253 2961 53 75 the
323 2961 122 75 orbitar
461 2961 167 75 procefles,
649 2961 107 75 which
780 2961 52 75 are
854 2961 138 75 convex,
1019 2961 36 75 to
1071 2961 71 75 fup-

211 3008 100 75 Vol.
329 3008 30 75 I.
408 3008 69 75 No.
497 3008 33 75 y.
567 3008 8 75 '

981 3008 17 75 3

1152 131 37 75 T
1308 131 39 75 O
1466 131 49 75 M
1632 131 54 75 Y.

2157 131 71 75 153

1200 193 73 75 port
1289 193 56 75 the
1360 193 140 75 anterior
1516 193 87 75 lobes
1621 193 42 75 of
1669 193 54 75 the
1739 193 105 75 brain.
1889 193 87 75 This
1992 193 123 75 furface
2131 193 28 75 is
2176 193 58 75 not

1200 239 32 75 fo
1249 239 125 75 fmooth
1398 239 33 75 as
1448 239 56 75 the
1524 239 168 75 external;
1726 239 52 75 for
1802 239 55 75 the
1882 239 105 75 larger
2014 239 154 75 branches
2197 239 41 75 of

1201 286 54 75 the
1272 286 130 75 arteries
1428 286 40 75 of
1490 286 56 75 the
1562 286 81 75 dura
1659 286 102 75 mater
1777 286 91 75 make
1886 286 85 75 fome
1988 286 137 75 furrows
2142 286 32 75 in
2190 286 43 75 its

1201 332 76 75 fides
1296 332 62 75 and
1374 332 201 75 back-parts.
1623 332 77 75 The
1722 332 172 75 finuofities
1919 332 84 75 from
2029 332 55 75 the
2107 332 126 75 luxuri-

1202 377 53 75 ant
1273 377 108 75 rifings
1398 377 41 75 of
1458 377 56 75 the
1530 377 103 75 brain,
1659 377 185 75 mentioned
1866 377 92 75 when
1976 377 179 75 defcribing
2179 377 56 75 the

1201 424 127 75 general
1344 424 151 75 ftru&ure
1519 424 41 75 of
1578 424 56 75 the
1659 424 155 75 cranium,
1839 424 53 75 are
1917 424 90 75 often
2031 424 77 75 very
2123 424 108 75 obfer-

1200 471 92 75 vable
1310 471 41 75 on
1367 471 41 75 its
1426 471 99 75 upper
1538 471 95 75 part;
1661 471 62 75 and
1739 471 41 75 its
1797 471 101 75 lower
1914 471 63 75 and
1989 471 69 75 fore
2075 471 86 75 parts
2180 471 53 75 are

1201 516 135 75 marked
1353 516 77 75 with
1448 516 55 75 the
1519 516 193 75 contorfions
1729 516 41 75 of
1787 516 56 75 the
1863 516 142 75 anterior
2020 516 88 75 lobes
2125 516 41 75 of
2177 516 56 75 the

1201 562 103 75 brain.
1400 562 160 75 Through
1577 562 55 75 the
1648 562 118 75 middle
1790 562 41 75 of
1849 562 65 75 this
1936 562 137 75 internal
2096 562 135 75 furface,

1201 609 107 75 where
1324 609 118 75 always
1458 609 33 75 in
1508 609 156 75 children,
1690 609 63 75 and
1768 609 179 75 fometimes
1974 609 33 75 in
2027 609 57 75 old
2106 609 124 75 people,

1200 655 55 75 the
1270 655 84 75 bone
1368 655 29 75 is
1413 655 142 75 divided,
1579 655 105 75 either
1706 655 19 75 a
1741 655 89 75 ridge
1846 655 104 75 (lands
1970 655 69 75 out,
2065 655 35 75 to
2125 655 108 75 which

1200 701 55 75 the
1276 701 99 75 upper
1391 701 80 75 edge
1487 701 41 75 of
1538 701 56 75 the
1609 701 70 75 falx
1695 701 27 75 is
1739 701 152 75 faftened,
1912 701 38 75 or
1968 701 18 75 a
2002 701 121 75 furrow
2142 701 88 75 runs,

1200 746 30 75 in
1248 746 106 75 which
1371 746 55 75 the
1443 746 100 75 upper
1558 746 63 75 fide
1637 746 40 75 of
1689 746 55 75 the
1760 746 141 75 fuperior
1922 746 212 75 longitudinal
2150 746 82 75 finus

1199 793 26 75 is
1242 793 118 75 lodged
1374 793 10 75 ;
1410 793 42 75 on
1472 793 83 75 both
1583 793 89 75 thefe
1700 793 149 75 accounts
1882 793 190 75 chirurgical
2098 793 134 75 authors

1196 839 98 75 jultly
1311 839 165 75 difcharge
1492 839 56 75 the
1566 839 191 75 application
1773 839 40 75 of
1824 839 55 75 the
1896 839 111 75 trepan
2024 839 89 75 here.

1247 887 222 75 Immediately
1492 887 39 75 at
1542 887 54 75 the
1612 887 75 75 root
1701 887 41 75 of
1759 887 64 75 this
1842 887 89 75 ridge
1947 887 37 75 or
2000 887 123 75 furrow
2139 887 92 75 there

1200 931 25 75 is
1244 931 18 75 a
1277 931 90 75 fmall
1383 931 87 75 hole,
1487 931 106 75 which
1610 931 178 75 fometimes
1805 931 122 75 pierces
1939 931 140 75 through
2094 931 55 75 the
2165 931 66 75 firfl:

1200 978 99 75 table,
1322 978 74 75 and,
1425 978 31 75 in
1480 978 95 75 other
1590 978 110 75 flculls,
1721 978 97 75 opens
1835 978 68 75 into
1921 978 54 75 the
1992 978 141 75 fuperior
2148 978 82 75 finus

1200 1024 40 75 of
1251 1024 56 75 the
1330 1024 145 75 ethmoid
1490 1024 82 75 bone
1595 1024 115 75 within
1726 1024 55 75 the
1794 1024 85 75 nofe.
1928 1024 38 75 In
1980 1024 25 75 it
2020 1024 19 75 a
2055 1024 83 75 little
2154 1024 75 75 pro-

1199 1070 64 75 cefs
1280 1070 41 75 of
1331 1070 59 75 the
1403 1070 70 75 falx
1488 1070 27 75 is
1532 1070 131 75 lodged,
1689 1070 61 75 and
1767 1070 17 75 a
1807 1070 89 75 fmall
1914 1070 119 75 artery,
2050 1070 63 75 and
2128 1070 101 75 fome-

1198 1117 93 75 times
1316 1117 18 75 a
1357 1117 84 75 vein,
1474 1117 74 75 runs
1561 1117 10 75 ;
1599 1117 62 75 and
1685 1117 56 75 the
1757 1117 141 75 fuperior
1920 1117 211 75 longitudinal
2147 1117 82 75 finus

1197 1163 109 75 begins
1323 1163 222 75 here.—This
1561 1163 88 75 hole,
1666 1163 162 75 however,
1852 1163 26 75 is
1903 1163 91 75 often
2022 1163 57 75 not
2094 1163 137 75 entirely

1196 1209 116 75 proper
1328 1209 35 75 to
1382 1209 55 75 the
1453 1209 37 75 os
1505 1209 138 75 frontis;
1670 1209 53 75 for
1738 1209 32 75 in
1788 1209 118 75 feveral
1928 1209 109 75 flculls,
2059 1209 54 75 the
2129 1209 101 75 lower

1198 1255 69 75 part
1291 1255 40 75 of
1352 1255 25 75 it
1394 1255 26 75 is
1437 1255 124 75 formed
1582 1255 31 75 in
1630 1255 56 75 the
1702 1255 100 75 upper
1818 1255 71 75 part
1905 1255 40 75 of
1962 1255 55 75 the
2034 1255 72 75 bafe
2122 1255 40 75 of
2173 1255 56 75 the

1198 1302 91 75 crifta
1304 1302 89 75 galli,
1412 1302 105 75 which
1538 1302 25 75 is
1580 1302 19 75 a
1614 1302 127 75 procefs
1759 1302 39 75 of
1806 1302 54 75 the
1877 1302 144 75 ethmoid
2038 1302 95 75 bone.

1242 1348 77 75 The
1336 1348 35 75 os
1388 1348 115 75 frontis
1519 1348 27 75 is
1564 1348 168 75 compofed
1748 1348 40 75 of
1799 1348 65 75 two
1889 1348 114 75 tables,
2026 1348 64 75 and
2114 1348 39 75 an
2179 1348 49 75 in-

1197 1393 186 75 termediate
1400 1393 119 75 diploe,
1538 1393 33 75 as
1588 1393 167 75 the,other
1772 1393 96 75 bones
1885 1393 40 75 of
1938 1393 53 75 the
2007 1393 140 75 cranium
2161 1393 65 75 are,

1195 1440 62 75 and
1276 1440 33 75 in
1326 1440 18 75 a
1364 1440 118 75 middle
1498 1440 116 75 degree
1631 1440 40 75 of
1690 1440 160 75 thicknefs
1868 1440 143 75 between
2033 1440 57 75 the
2114 1440 36 75 os
2171 1440 55 75 oc-

1197 1486 102 75 cipitis
1317 1486 61 75 and
1402 1486 55 75 the
1473 1486 133 75 parietal
1622 1486 111 75 bones.

1241 1533 76 75 The
1333 1533 108 75 diploe
1457 1533 27 75 is
1508 1533 63 75 alfo
1591 1533 174 75 exhaufled
1792 1533 31 75 in
1847 1533 72 75 that
1947 1533 72 75 part
2043 1533 100 75 above
2170 1533 57 75 the

1195 1579 193 75 eye-brows,
1417 1579 107 75 where
1547 1579 55 75 the
1619 1579 65 75 two
1701 1579 101 75 tables
1819 1579 40 75 of
1882 1579 55 75 the
1966 1579 81 75 bone
2071 1579 153 75 feparate,

1194 1624 43 75 by
1253 1624 55 75 the
1324 1624 147 75 external
1487 1624 95 75 being
1597 1624 177 75 protruded
1796 1624 176 75 outwards,
1995 1624 36 75 to
2051 1624 84 75 form
2160 1624 66 75 two

1198 1671 84 75 large
1298 1671 141 75 cavities,
1461 1671 105 75 called
1570 1671 97 75 Jinus
1673 1671 100 75 front
1775 1671 235 75 ales.—Thefe
2027 1671 52 75 are
2096 1671 131 75 divided

1195 1717 43 75 by
1270 1717 19 75 a
1320 1717 120 75 middle
1470 1717 244 75 perpendicular
1740 1717 86 75 bony
1857 1717 252 75 partition.—In
2140 1717 86 75 fome

1194 1764 110 75 flculls,
1329 1764 119 75 befides
1468 1764 55 75 the
1539 1764 88 75 large
1643 1764 239 75 perpendicular
1898 1764 133 75 feptum,
2061 1764 89 75 there
2171 1764 56 75 are

1194 1810 118 75 feveral
1333 1810 86 75 bony
1435 1810 122 75 pillars,
1583 1810 37 75 or
1636 1810 86 75 ffiort
1742 1810 184 75 partitions,
1954 1810 101 75 found
2080 1810 33 75 in
2146 1810 79 75 each

1194 1856 100 75 finus;
1322 1856 33 75 in
1378 1856 108 75 others
1510 1856 88 75 thefe
1614 1856 53 75 are
1684 1856 268 75 wanting.—For
1975 1856 55 75 the
2055 1856 80 75 mod:
2154 1856 73 75 pari;

1195 1902 54 75 the
1265 1902 123 75 feptum
1404 1902 27 75 is
1448 1902 102 75 entire
1565 1902 10 75 ;
1600 1902 32 75 at
1659 1902 94 75 odter
1770 1902 90 75 times
1888 1902 26 75 it
1939 1902 25 75 is
1990 1902 234 75 difcontinued,

1199 1948 62 75 and
1286 1948 55 75 the
1374 1948 65 75 two
1464 1948 112 75 finufes
1603 1948 384 75 communicate.—Each
2018 1948 83 75 finus
2137 1948 87 75 com-

1195 1994 109 75 monly
1319 1994 97 75 opens
1434 1994 42 75 by
1492 1994 18 75 a
1527 1994 147 75 roundiflt
1691 1994 88 75 fmall
1798 1994 86 75 hole,
1912 1994 32 75 at
1968 1994 54 75 the
2047 1994 90 75 inner
2161 1994 65 75 and

1194 2039 99 75 lower
1316 2039 70 75 part
1402 2039 41 75 of
1459 2039 55 75 the
1530 2039 135 75 internal
1682 2039 132 75 angular
1831 2039 165 75 procefles,
2021 2039 68 75 into
2108 2039 17 75 a
2142 2039 81 75 finus.

1194 2086 126 75 formed
1335 2086 32 75 in
1384 2086 54 75 the
1454 2086 87 75 nofe,
1560 2086 41 75 at,
1608 2086 57 75 the
1682 2086 97 75 upper
1796 2086 62 75 and
1873 2086 82 75 back
1972 2086 70 75 part
2063 2086 40 75 of
2114 2086 55 75 the
2185 2086 37 75 os

1195 2131 133 75 unguis;
1354 2131 75 75 near
1445 2131 35 75 to
1497 2131 106 75 which
1631 2131 90 75 there
1743 2131 53 75 are
1821 2131 65 75 alfo
1910 2131 86 75 fame
2020 2131 94 75 other
2132 2131 90 75 fmall

1194 2178 112 75 finufes
1322 2178 41 75 of
1385 2178 63 75 this
1463 2178 96 75 bone,
1584 2178 56 75 the
1663 2178 126 75 greater
1805 2178 70 75 part
1892 2178 36 75 of
1954 2178 106 75 which
2076 2178 81 75 open
2174 2178 50 75 fe-

1196 2223 144 75 parately
1352 2223 110 75 nearer
1478 2223 55 75 the
1548 2223 122 75 feptum
1687 2223 134 75 narium,
1839 2223 63 75 and
1916 2223 90 75 often
2025 2223 76 75 they
2112 2223 109 75 termi-

1194 2269 72 75 nate
1283 2269 31 75 in
1336 2269 54 75 the
1406 2269 83 75 fame
1506 2269 145 75 common
1664 2269 88 75 canal
1768 2269 79 75 with
1863 2269 54 75 the
1933 2269 88 75 large
2037 2269 90 75 ones.

1242 2314 36 75 In
1296 2314 19 75 a
1331 2314 121 75 natural
1471 2314 63 75 and
1550 2314 100 75 found
1666 2314 90 75 (late,
1773 2314 86 75 thefe
1877 2314 130 75 cavities
2025 2314 52 75 are
2094 2314 40 75 of
2145 2314 75 75 con-

1193 2361 151 75 fiderable
1361 2361 193 75 advantage;
1582 2361 52 75 for
1649 2361 55 75 the
1720 2361 99 75 organ
1835 2361 40 75 of
1885 2361 143 75 fmelling
2040 2361 95 75 being
2147 2361 74 75 thus

1194 2408 162 75 enlarged,
1374 2408 54 75 the
1448 2408 125 75 effluvia
1594 2408 40 75 of
1656 2408 139 75 odorous
1818 2408 109 75 bodies
1945 2408 89 75 more
2050 2408 171 75 difficultly

1194 2453 106 75 efcape
1327 2453 45 75 it;
1399 2453 62 75 and
1485 2453 81 75 their
1589 2453 190 75 impreffions
1804 2453 95 75 being
1921 2453 91 75 more
2035 2453 184 75 numerous,

1194 2499 52 75 are
1262 2499 161 75 therefore
1451 2499 153 75 ftrongcr,
1638 2499 62 75 and
1724 2499 92 75 affecl
1832 2499 54 75 the
1906 2499 98 75 organ
2021 2499 102 75 more.

1192 2545 108 75 Thefe
1317 2545 63 75 and
1395 2545 54 75 the
1471 2545 93 75 other
1584 2545 128 75 cavities
1736 2545 106 75 which
1866 2545 166 75 open.into
2054 2545 57 75 the
2131 2545 86 75 nofe,

1192 2591 139 75 inereafe
1353 2591 56 75 the
1431 2591 102 75 found
1548 2591 41 75 of
1599 2591 59 75 our
1674 2591 102 75 voice,
1794 2591 61 75 and
1873 2591 112 75 render
2005 2591 25 75 it
2047 2591 88 75 more
2151 2591 66 75 me-

1192 2637 138 75 lodious,
1362 2637 43 75 by
1421 2637 124 75 ferving
1571 2637 33 75 as
1629 2637 34 75 fo
1686 2637 95 75 many
1807 2637 102 75 vaults
1937 2637 35 75 to
2000 2637 135 75 refound
2161 2637 57 75 the

1192 2683 103 75 potes.
1343 2683 112 75 Hence
1471 2683 112 75 people
1599 2683 167 75 labouring
1782 2683 100 75 under
1898 2683 19 75 a
1933 2683 132 75 coryza,
2081 2683 38 75 or
2134 2683 91 75 flop-,

1191 2728 79 75 page
1287 2728 39 75 of
1345 2728 56 75 the
1428 2728 73 75 nofe
1523 2728 86 75 from
1631 2728 61 75 any
1707 2728 93 75 other
1823 2728 103 75 caufe,
1950 2728 93 75 when
2070 2728 78 75 they
2165 2728 28 75 at
2201 2728 16 75 e

1191 2773 43 75 by
1250 2773 54 75 the
1330 2773 125 75 vulgar,
1483 2773 124 75 though
1634 2773 124 75 falfely,
1788 2773 65 75 (aid
1884 2773 35 75 to
1951 2773 93 75 fpeak
2076 2773 142 75 through

1191 2820 81 75 their
1289 2820 85 75 nofe,
1390 2820 81 75 have
1487 2820 75 75 fuch
1581 2820 18 75 a
1609 2820 312 75 difagreeableharfn
1938 2820 228 75 voice.—The
2178 2820 38 75 li-

1191 2866 83 75 quor
1287 2866 163 75 feparated
1473 2866 35 75 in
1524 2866 54 75 the
1602 2866 179 75 membrane
1806 2866 41 75 of
1870 2866 84 75 thefe
1971 2866 128 75 finufes,
2125 2866 96 75 drills.

1191 2912 93 75 down
1300 2912 83 75 upon
1401 2912 54 75 the
1471 2912 181 75 membrane
1668 2912 40 75 of
1719 2912 55 75 the
1790 2912 72 75 nofe
1879 2912 35 75 to
1929 2912 81 75 keep
2022 2912 26 75 it
2064 2912 104 75 moift.

1237 2960 97 75 From
1358 2960 54 75 the
1439 2960 191 75 defcription
1655 2960 41 75 of
1714 2960 88 75 thefe
1824 2960 127 75 finufes,
1980 2960 25 75 it
2029 2960 25 75 is
2071 2960 152 75 evident

1639 3010 81 75 Q^q

2145 3010 76 75 how
