2493 3387
250 199 80 75 436

806 199 497 75 ASTRO

250 266 46 75 on.
306 266 91 75 tliem
414 266 32 75 at
463 266 84 75 firft;
573 266 147 75 between
743 266 106 75 which
873 266 108 75 power
1010 266 63 75 and
1089 266 88 75 force
1194 266 91 75 there

252 313 25 75 is
286 313 42 75 To
345 313 93 75 exaft
454 313 39 75 an
514 313 201 75 adjtiftment,
742 313 70 75 that
824 313 78 75 they
915 313 149 75 continue
1080 313 33 75 in
1129 313 56 75 the
1202 313 84 75 fame

254 359 106 75 tracks
378 359 137 75 without
528 359 62 75 any
606 359 81 75 folid
704 359 101 75 orbits
822 359 35 75 to
872 359 126 75 confine
1014 359 101 75 them.

301 406 214 75 Mercury,
541 406 55 75 the
616 406 120 75 neareft
749 406 106 75 planet
872 406 34 75 to
923 406 55 75 the
999 406 68 75 fun,
1093 406 76 75 goes
1186 406 103 75 round

254 452 65 75 him
341 452 48 75 (as
407 452 32 75 in
455 452 19 75 a
490 452 97 75 circle
604 452 133 75 marked
811 452 93 75 Plate
920 452 169 75 XXXIX.
1108 452 55 75 fig.
1180 452 50 75 i.)
1255 452 34 75 in

256 501 42 75 87
313 501 79 75 days
406 501 42 75 23
464 501 97 75 hours
579 501 40 75 of
631 501 60 75 our
707 501 76 75 lime
796 501 131 75 nearly;
953 501 107 75 which
1072 501 27 75 is
1111 501 55 75 the
1177 501 113 75 length

256 545 38 75 of
305 545 51 75 his
374 545 88 75 year.
511 545 80 75 But,
616 545 97 75 being
730 545 120 75 feldom
866 545 84 75 feen,
976 545 63 75 and
1062 545 42 75 no
1130 545 87 75 fpots
1234 545 55 75 ap-

254 590 131 75 pearing
401 590 41 75 on
459 590 50 75 his
527 590 122 75 furface
673 590 37 75 or
727 590 80 75 dilk,
833 590 56 75 the
913 590 77 75 time
1014 590 41 75 of
1072 590 50 75 his
1152 590 139 75 rotation

258 637 40 75 on
324 637 48 75 his
391 637 82 75 axis,
500 637 37 75 or
553 637 56 75 the
625 637 111 75 length
754 637 39 75 of
815 637 50 75 his
882 637 78 75 days
981 637 61 75 and
1066 637 120 75 nights,
1212 637 27 75 is
1257 637 34 75 as

256 684 55 75 yet
326 684 175 75 unknown.
549 684 64 75 His
630 684 137 75 diftance
786 684 84 75 from
886 684 56 75 the
956 684 55 75 fun
1028 684 27 75 is
1072 684 172 75 computed
1256 684 36 75 to

256 729 40 75 be
315 729 41 75 32
376 729 140 75 millions
543 729 40 75 of
610 729 105 75 miles,
749 729 64 75 and
840 729 50 75 his
914 729 155 75 diameter
1097 729 105 75 2600.
1252 729 39 75 In

257 776 49 75 his
333 776 110 75 courfe
467 776 104 75 round
591 776 56 75 the
673 776 69 75 fun,
768 776 41 75 he
832 776 110 75 moves
959 776 33 75 at
1019 776 55 75 the
1099 776 67 75 rate
1188 776 40 75 of
1247 776 42 75 95

258 823 157 75 thoufand
438 823 92 75 miles
554 823 96 75 every
674 823 96 75 hour.
820 823 62 75 His
909 823 84 75 light
1021 823 63 75 and
1107 823 75 75 heat
1206 823 86 75 from

255 868 57 75 the
330 868 55 75 fun
404 868 53 75 are
474 868 112 75 almofl:
602 868 91 75 feven
711 868 94 75 times
823 868 31 75 as
877 868 91 75 great
984 868 34 75 as
1035 868 97 75 ours;
1158 868 63 75 and
1237 868 56 75 the

258 915 54 75 fun
335 915 129 75 appears
482 915 35 75 to
533 915 66 75 him
621 915 111 75 almoft
749 915 92 75 feven
858 915 93 75 times
976 915 34 75 as
1035 915 88 75 large
1139 915 33 75 as
1189 915 36 75 to
1241 915 50 75 us.

260 961 76 75 The
354 961 89 75 great
465 961 75 75 heat
564 961 41 75 on
623 961 65 75 this
705 961 107 75 planet
828 961 26 75 is
872 961 42 75 no
938 961 167 75 argument
1121 961 119 75 agatnft
1252 961 43 75 its

258 1008 97 75 being
371 1008 185 75 inhabited;
583 1008 80 75 fince
679 1008 57 75 the
753 1008 171 75 Almighty
940 1008 95 75 could
1061 1008 34 75 as
1122 1008 96 75 ealily
1234 1008 62 75 fuit

262 1055 55 75 the
333 1055 112 75 bodies
463 1055 60 75 and
542 1055 218 75 conftitutions
778 1055 40 75 of
830 1055 40 75 its
884 1055 196 75 inhabitants
1097 1055 35 75 to
1152 1055 54 75 the
1220 1055 75 75 heat

259 1100 43 75 of
318 1100 85 75 their
423 1100 164 75 dwelling,
613 1100 33 75 as
670 1100 41 75 he
738 1100 57 75 has
819 1100 85 75 done
920 1100 76 75 ours
1012 1100 36 75 to
1064 1100 56 75 the
1138 1100 156 75 tempera-

262 1147 76 75 ture,
349 1147 40 75 of
400 1147 60 75 our
476 1147 103 75 earth.
631 1147 76 75 And
720 1147 24 75 it
759 1147 26 75 is
803 1147 78 75 very
897 1147 151 75 probable
1065 1147 70 75 that
1152 1147 55 75 the
1220 1147 74 75 peo-

262 1193 52 75 ple
331 1193 91 75 there
446 1193 81 75 have
543 1193 75 75 fuch
636 1193 39 75 an
692 1193 129 75 opinion
839 1193 39 75 of
890 1193 50 75 us,
966 1193 33 75 as
1016 1193 48 75 we
1091 1193 82 75 have
1189 1193 40 75 of
1239 1193 57 75 the

262 1239 195 75 inhabitants
484 1239 40 75 of
544 1239 127 75 Jupiter
699 1239 63 75 and
790 1239 117 75 Saturn
924 1239 10 75 ;
969 1239 139 75 namely,
1144 1239 72 75 that
1246 1239 51 75 we

264 1285 79 75 mud
362 1285 40 75 be
421 1285 192 75 intolerably
635 1285 86 75 cold,
748 1285 63 75 and
826 1285 82 75 have
924 1285 78 75 very
1018 1285 85 75 little
1119 1285 83 75 light
1218 1285 34 75 at
1263 1285 34 75 fo

264 1331 90 75 great
371 1331 19 75 a
405 1331 138 75 diftance
561 1331 84 75 from
663 1331 55 75 the
733 1331 69 75 fun.

311 1377 86 75 This
415 1377 107 75 planet
538 1377 131 75 appears
686 1377 35 75 to
744 1377 37 75 us
807 1377 79 75 with
911 1377 41 75 all
970 1377 55 75 the
1042 1377 127 75 various
1186 1377 111 75 phafes

265 1425 41 75 of
337 1425 56 75 the
421 1425 110 75 moon,
564 1425 94 75 when
688 1425 123 75 viewed
840 1425 33 75 at
903 1425 151 75 different
1086 1425 93 75 times
1211 1425 45 75 by
1279 1425 20 75 a

265 1471 87 75 good
375 1471 180 75 telefcope;
588 1471 172 75 excepting
783 1471 78 75 only
884 1471 70 75 that
974 1471 41 75 he
1042 1471 97 75 never
1167 1471 131 75 appears

267 1517 90 75 quite
379 1517 74 75 full,
479 1517 130 75 becaufe
634 1517 49 75 his
708 1517 205 75 enlightened
937 1517 62 75 fide
1022 1517 26 75 is
1071 1517 96 75 never
1182 1517 118 75 turned

267 1564 135 75 dire&ly
418 1564 140 75 towards
576 1564 36 75 us
628 1564 59 75 but
703 1564 92 75 when
812 1564 41 75 he
869 1564 27 75 is
913 1564 34 75 fo
963 1564 75 75 near
1055 1564 56 75 the
1128 1564 55 75 fun
1207 1564 32 75 as
1263 1564 36 75 to

267 1610 39 75 be
323 1610 59 75 loll
398 1610 35 75 to
450 1610 59 75 our
526 1610 82 75 fight
625 1610 31 75 in
673 1610 42 75 its
739 1610 122 75 beams.
911 1610 89 75 And,
1026 1610 33 75 as
1083 1610 50 75 his
1159 1610 139 75 enlight-

268 1656 82 75 ened
370 1656 62 75 fide
450 1656 25 75 is
493 1656 118 75 always
634 1656 126 75 toward
783 1656 56 75 the
863 1656 69 75 fun,
957 1656 26 75 it
1007 1656 26 75 is
1059 1656 83 75 plain
1165 1656 71 75 that
1259 1656 41 75 he

269 1701 102 75 fhines
388 1701 58 75 not
461 1701 45 75 by
530 1701 63 75 any
615 1701 85 75 light
726 1701 39 75 of
785 1701 49 75 his
858 1701 94 75 own;
978 1701 52 75 for
1053 1701 30 75 if
1100 1701 41 75 he
1165 1701 69 75 did,
1259 1701 42 75 he

271 1748 107 75 would
394 1748 178 75 conftantly
588 1748 115 75 appear
726 1748 116 75 round.
889 1748 93 75 That
1006 1748 40 75 he
1071 1748 108 75 moves
1203 1748 100 75 about

272 1795 55 75 the
346 1795 56 75 fun
419 1795 32 75 in
470 1795 39 75 an
527 1795 86 75 orbit
629 1795 111 75 within
758 1795 56 75 the
831 1795 118 75 earths
967 1795 84 75 orbit
1077 1795 27 75 is
1121 1795 66 75 alfo
1203 1795 97 75 plain,

274 1841 50 75 (as
348 1841 65 75 will
430 1841 40 75 be
487 1841 104 75 (hewn
608 1841 221 75 afterwards),
853 1841 132 75 becaufe
1001 1841 41 75 he
1058 1841 27 75 is
1111 1841 95 75 never
1230 1841 73 75 feen

273 1887 140 75 oppofite
425 1887 33 75 to
475 1887 56 75 the
544 1887 68 75 fun,
637 1887 60 75 nor
713 1887 102 75 above
835 1887 42 75 56
895 1887 93 75 times
1000 1887 55 75 the
1067 1887 83 75 funs
1167 1887 136 75 breadth

272 1933 85 75 from
374 1933 50 75 his
442 1933 121 75 centre.

323 1979 62 75 His
414 1979 87 75 orbit
528 1979 27 75 is
580 1979 140 75 inclined
743 1979 93 75 feven
860 1979 132 75 degrees
1016 1979 36 75 to
1073 1979 57 75 the
1154 1979 149 75 ecliptic;

275 2026 62 75 and
360 2026 71 75 that
453 2026 83 75 node
560 2026 85 75 from
667 2026 110 75 which
793 2026 42 75 he
859 2026 127 75 afeends
1003 2026 187 75 northward
1206 2026 99 75 above

275 2072 56 75 the
349 2072 127 75 ecliptic
492 2072 25 75 is
534 2072 32 75 in
583 2072 57 75 the
656 2072 79 75 14th
752 2072 116 75 degree
885 2072 39 75 of
942 2072 156 75 Taurus;
1125 2072 56 75 the
1205 2072 99 75 oppo-

276 2118 68 75 fite,
368 2118 34 75 in
428 2118 53 75 the
511 2118 78 75 14th
614 2118 117 75 degree
754 2118 39 75 of
815 2118 147 75 Scorpio.
1009 2118 78 75 The
1111 2118 90 75 earth
1224 2118 27 75 is
1273 2118 34 75 in

277 2164 87 75 thefe
379 2164 106 75 points
502 2164 41 75 on
567 2164 55 75 the
649 2164 58 75 6th
733 2164 39 75 of
791 2164 187 75 November
995 2164 60 75 and
1076 2164 57 75 4th
1150 2164 40 75 of
1208 2164 96 75 May,

279 2211 70 75 new
373 2211 99 75 ftyle;
499 2211 62 75 and
584 2211 94 75 when
699 2211 158 75 Mercury
881 2211 107 75 comes
1012 2211 36 75 to
1071 2211 103 75 either
1198 2211 40 75 of
1256 2211 51 75 his

279 2256 98 75 nodes
401 2256 33 75 at
449 2256 49 75 his
514 2256 133 75 inferior
676 2256 202 75 conjunction
904 2256 98 75 about
1023 2256 88 75 thefe
1135 2256 107 75 times,
1267 2256 41 75 he

280 2303 67 75 will
364 2303 114 75 appear
493 2303 36 75 to
545 2303 69 75 pafs
631 2303 76 75 over
725 2303 55 75 the
796 2303 68 75 difit
880 2303 37 75 or
934 2303 70 75 face
1021 2303 39 75 of
1079 2303 55 75 the
1151 2303 68 75 fun,
1245 2303 65 75 like

282 2350 18 75 a
322 2350 81 75 dark
427 2350 101 75 round
544 2350 94 75 fpot;
673 2350 58 75 but
754 2350 33 75 in
812 2350 41 75 all
871 2350 93 75 other
988 2350 88 75 parts
1100 2350 40 75 of
1158 2350 51 75 his
1224 2350 87 75 orbit

282 2395 50 75 his
350 2395 216 75 conjunctions
584 2395 52 75 are
652 2395 153 75 invifible,
830 2395 133 75 becaufe
984 2395 42 75 he
1051 2395 103 75 either
1177 2395 77 75 goes
1278 2395 33 75 a-

283 2442 82 75 bove
382 2442 38 75 or
437 2442 104 75 below
559 2442 54 75 the
630 2442 69 75 fun.

331 2488 58 75 Mr
411 2488 150 75 Whifton
578 2488 58 75 has
659 2488 93 75 given
773 2488 36 75 us
834 2488 40 75 an
899 2488 134 75 account
1056 2488 41 75 of
1114 2488 118 75 feveral
1257 2488 55 75 pe-

286 2535 85 75 riods
387 2535 34 75 at
437 2535 106 75 which
561 2535 156 75 Mercury
733 2535 74 75 may
831 2535 41 75 be
887 2535 72 75 feen
974 2535 43 75 on
1040 2535 57 75 the
1122 2535 83 75 funs
1230 2535 81 75 dilk,

287 2581 71 75 viz.
383 2581 33 75 in
431 2581 56 75 the
503 2581 75 75 year
599 2581 102 75 1783,
725 2581 90 75 Nov.
837 2581 92 75 12th,
948 2581 32 75 at
999 2581 17 75 3
1035 2581 36 75 h.
1090 2581 44 75 44
1150 2581 46 75 m.
1214 2581 32 75 in
1259 2581 55 75 the

287 2626 167 75 afternoon
467 2626 11 75 ;
508 2626 101 75 1786,
632 2626 85 75 May
736 2626 71 75 4th,
833 2626 32 75 at
883 2626 21 75 6
922 2626 35 75 h.
979 2626 40 75 57
1038 2626 45 75 m.
1101 2626 32 75 in
1150 2626 56 75 the
1229 2626 85 75 fore-

288 2673 106 75 noon;
426 2673 100 75 1789,
552 2673 85 75 Dec.
664 2673 71 75 6th,
762 2673 33 75 at
813 2673 17 75 3
852 2673 36 75 h.
915 2673 39 75 55
976 2673 78 75 min.
1079 2673 33 75 in
1136 2673 56 75 the
1214 2673 100 75 after-

290 2720 105 75 noon;
421 2720 64 75 and
505 2720 103 75 1799,
630 2720 83 75 May
732 2720 72 75 7th,
829 2720 32 75 at
879 2720 19 75 2
916 2720 34 75 h.
971 2720 42 75 34
1031 2720 44 75 in.
1092 2720 34 75 in
1141 2720 55 75 the
1217 2720 98 75 after-

290 2766 98 75 noon.
434 2766 113 75 There
564 2766 66 75 will
646 2766 40 75 be
709 2766 119 75 feveral
851 2766 222 75 intermediate
1094 2766 139 75 tranfits,
1257 2766 59 75 but

292 2812 82 75 none
386 2812 40 75 of
444 2812 89 75 them
550 2812 107 75 vifible
674 2812 35 75 to
725 2812 50 75 us.

340 2858 145 75 Venus,
508 2858 57 75 the
584 2858 80 75 next
680 2858 108 75 planet
803 2858 33 75 in
852 2858 108 75 order,
984 2858 27 75 is
1027 2858 171 75 computed
1216 2858 36 75 to
1274 2858 42 75 be

295 2904 44 75 59
356 2904 138 75 millions
508 2904 38 75 of
557 2904 90 75 miles
665 2904 85 75 from
766 2904 54 75 the
832 2904 54 75 fun
898 2904 10 75 ;
936 2904 59 75 and
1014 2904 42 75 by
1072 2904 129 75 moving
1218 2904 31 75 at
1261 2904 56 75 the

294 2950 67 75 rate
378 2950 40 75 of
438 2950 44 75 69
499 2950 155 75 thoufand
671 2950 90 75 miles
784 2950 96 75 every
897 2950 82 75 hour
1002 2950 34 75 in
1059 2950 58 75 her
1141 2950 98 75 orbit,
1267 2950 50 75 (as

294 2997 33 75 in
343 2997 54 75 the
413 2997 97 75 circle
528 2997 136 75 marked
680 2997 55 75 $),
759 2997 52 75 Ike
827 2997 77 75 goes
920 2997 105 75 round
1047 2997 56 75 the
1119 2997 57 75 fun
1191 2997 35 75 in
1249 2997 68 75 224

1382 195 43 75 N
1503 195 42 75 O
1624 195 50 75 M
1751 195 55 75 Y.

1333 267 80 75 days
1435 267 39 75 17
1491 267 99 75 hours
1607 267 41 75 of
1666 267 59 75 our
1740 267 78 75 time
1830 267 128 75 nearly.
2006 267 68 75 But
2091 267 125 75 though
2236 267 67 75 this
2326 267 42 75 be

1336 315 55 75 the
1408 315 60 75 full
1483 315 112 75 length
1611 315 40 75 of
1670 315 58 75 her
1745 315 88 75 year,
1859 315 33 75 as
1908 315 51 75 Hie
1983 315 158 75 performs
2156 315 78 75 only
2255 315 48 75 9!-
2317 315 50 75 re-

1336 361 162 75 volutions
1513 361 44 75 on
1573 361 58 75 her
1648 361 73 75 own
1734 361 74 75 axis
1825 361 33 75 in
1875 361 71 75 that
1963 361 89 75 time,
2078 361 59 75 her
2152 361 77 75 year
2245 361 124 75 confills

1337 407 78 75 only
1438 407 41 75 of
1497 407 48 75 9-3.
1560 407 100 75 days;
1686 407 35 75 fo
1746 407 71 75 that
1841 407 33 75 in
1897 407 71 75 her,
1993 407 97 75 every
2107 407 63 75 day
2191 407 63 75 and
2276 407 96 75 night

1337 454 150 75 together
1502 454 27 75 is
1547 454 34 75 as
1598 454 76 75 long
1686 454 34 75 as
1733 454 71 75 24-f
1813 454 81 75 days
1906 454 63 75 and
1981 454 107 75 nights
2100 454 82 75 with
2192 454 51 75 us.
2283 454 89 75 This

1337 500 67 75 odd
1421 500 131 75 quarter
1568 500 40 75 of
1624 500 22 75 a
1660 500 63 75 day
1738 500 34 75 in
1789 500 96 75 every
1908 500 77 75 year
2007 500 109 75 makes
2140 500 98 75 every
2260 500 112 75 fourth

1338 546 77 75 year
1443 546 20 75 a
1493 546 164 75 leap-year
1680 546 36 75 to
1740 546 111 75 Venus
1874 546 11 75 ;
1912 546 33 75 as
1971 546 57 75 the
2052 546 65 75 like
2139 546 79 75 does
2248 546 35 75 to
2312 546 60 75 our

1341 592 103 75 earth.
1494 592 71 75 Her
1581 592 155 75 diameter
1751 592 29 75 is
1798 592 90 75 7906
1905 592 115 75 miles;
2046 592 64 75 and
2133 592 44 75 by
2200 592 58 75 her
2282 592 90 75 diur-

1339 639 51 75 nal
1409 639 122 75 motion
1547 639 56 75 the
1619 639 195 75 inhabitants
1831 639 97 75 about
1944 639 59 75 her
2018 639 137 75 equator
2178 639 53 75 are
2248 639 125 75 carried

1341 685 41 75 43
1410 685 90 75 miles
1527 685 99 75 every
1651 685 96 75 hour,
1779 685 121 75 befides
1924 685 57 75 the
2006 685 131 75 69,000
2157 685 103 75 above
2284 685 87 75 men-

1340 732 124 75 tioned.

1388 778 69 75 Her
1481 778 89 75 orbit
1591 778 142 75 includes
1750 778 72 75 that
1842 778 40 75 of
1899 778 158 75 Mercury
2071 778 114 75 within
2201 778 48 75 it;
2276 778 52 75 for
2340 778 34 75 at

1339 824 59 75 her
1421 824 135 75 greateft
1580 824 197 75 elongation,
1811 824 38 75 or
1873 824 152 75 apparent
2047 824 139 75 diftance
2210 824 85 75 from
2317 824 57 75 the

1343 870 69 75 fun,
1434 870 56 75 die
1505 870 27 75 is
1551 870 44 75 96
1609 870 93 75 times
1719 870 49 75 his
1784 870 136 75 breadth
1943 870 85 75 from
2045 870 49 75 his
2111 870 109 75 centre
2232 870 10 75 ;
2269 870 107 75 which

1342 917 26 75 is
1392 917 111 75 almoft:
1522 917 120 75 double
1661 917 39 75 of
1719 917 198 75 Mercurys.
1966 917 72 75 Her
2062 917 86 75 orbit
2172 917 26 75 is
2223 917 155 75 included

1342 964 45 75 by
1406 964 55 75 the
1476 964 142 75 earths;
1645 964 52 75 for
1713 964 31 75 if
1761 964 26 75 it
1804 964 83 75 were
1899 964 70 75 not,
1993 964 53 75 fhe
2061 964 104 75 might
2187 964 40 75 be
2243 964 72 75 feen
2339 964 35 75 as

1341 1010 92 75 often
1450 1010 32 75 in
1498 1010 176 75 oppofition
1696 1010 35 75 to
1756 1010 56 75 the
1835 1010 70 75 fun,
1930 1010 33 75 as
1986 1010 53 75 Ihe
2065 1010 28 75 is
2118 1010 30 75 in
2172 1010 205 75 conjunction

1344 1056 78 75 with
1451 1056 89 75 him;
1575 1056 59 75 but
1657 1056 51 75 Ihe
1731 1056 66 75 was
1824 1056 97 75 never
1943 1056 72 75 feen
2041 1056 46 75 90
2114 1056 145 75 degrees,
2292 1056 37 75 or
2356 1056 20 75 a

1344 1102 110 75 fourth
1474 1102 70 75 part
1561 1102 40 75 of
1620 1102 19 75 a
1655 1102 110 75 circle,
1791 1102 83 75 from
1891 1102 56 75 the
1963 1102 70 75 fun.

1391 1148 111 75 When
1519 1148 110 75 Venus
1646 1148 132 75 appears
1794 1148 75 75 weft
1885 1148 41 75 of
1943 1148 57 75 the
2016 1148 68 75 fun,
2109 1148 52 75 flie
2174 1148 74 75 rifes
2264 1148 112 75 before

1335 1195 76 75 :him
1437 1195 33 75 in
1498 1195 57 75 the
1578 1195 160 75 morning,
1768 1195 64 75 and
1855 1195 27 75 is
1906 1195 105 75 called
2038 1195 55 75 the
2118 1195 255 75 morning-Jiar^

1343 1241 94 75 when
1453 1241 51 75 (he
1521 1241 131 75 appears
1668 1241 64 75 eaft
1747 1241 41 75 of
1806 1241 56 75 the
1877 1241 70 75 fun,
1972 1241 52 75 file
2036 1241 100 75 fiiines
2153 1241 33 75 in
2201 1241 56 75 the
2280 1241 95 75 even-

1343 1286 57 75 ing
1423 1286 85 75 after
1532 1286 41 75 he
1598 1286 75 75 fets,
1697 1286 63 75 and
1785 1286 27 75 is
1838 1286 77 75 then
1940 1286 102 75 called
2059 1286 55 75 the
2131 1286 242 75 evening-ftar;

1335 1333 106 75 being
1456 1333 80 75 each
1550 1333 34 75 in
1600 1333 42 75 its
1657 1333 76 75 turn
1748 1333 53 75 for
1818 1333 68 75 290
1902 1333 92 75 days.
2039 1333 37 75 It
2092 1333 74 75 may
2184 1333 135 75 perhaps
2337 1333 40 75 be

1342 1380 171 75 furprifing
1529 1380 34 75 at
1580 1380 77 75 firft,
1682 1380 72 75 that
1774 1380 113 75 Venus
1903 1380 112 75 Ihould
2029 1380 82 75 keep
2123 1380 117 75 longer
2256 1380 41 75 on
2321 1380 56 75 the

1343 1425 66 75 eaft
1425 1425 38 75 or
1479 1425 76 75 weft
1569 1425 43 75 of
1630 1425 55 75 the
1708 1425 68 75 fun,
1802 1425 77 75 than
1902 1425 57 75 the
1974 1425 105 75 whole
2096 1425 78 75 time
2189 1425 39 75 of
2247 1425 58 75 her
2322 1425 54 75 pe-

1346 1472 72 75 riod
1441 1472 105 75 round
1568 1472 79 75 him.
1696 1472 68 75 But
1786 1472 56 75 the
1866 1472 160 75 difficulty
2049 1472 141 75 vaniffies
2213 1472 90 75 when
2330 1472 49 75 we

1346 1518 154 75 confider,
1526 1518 70 75 that
1612 1518 56 75 the
1685 1518 90 75 earth
1791 1518 27 75 is
1842 1518 43 75 all
1900 1518 57 75 the
1978 1518 96 75 while
2090 1518 98 75 going
2203 1518 104 75 round
2322 1518 58 75 the

1346 1565 57 75 fun
1419 1565 56 75 the
1491 1565 83 75 fame
1592 1565 82 75 way,
1700 1565 124 75 though
1841 1565 56 75 not
1919 1565 34 75 fo
1975 1565 99 75 quick
2099 1565 34 75 as
2157 1565 132 75 Venus;
2317 1565 62 75 and

1345 1612 164 75 therefore
1525 1612 58 75 her
1598 1612 133 75 relative
1746 1612 125 75 motion
1887 1612 35 75 to
1940 1612 58 75 the
2016 1612 91 75 earth
2130 1612 80 75 muft
2232 1612 33 75 in
2282 1612 98 75 every

1349 1657 112 75 period
1472 1657 40 75 be
1529 1657 34 75 as
1580 1657 95 75 much
1691 1657 112 75 flower
1815 1657 78 75 than
1909 1657 57 75 her
1980 1657 141 75 abfolute
2138 1657 121 75 motion
2271 1657 33 75 in
2319 1657 62 75 her

1350 1704 96 75 orbit,
1470 1704 34 75 as
1517 1704 56 75 the
1592 1704 89 75 earth
1700 1704 117 75 during
1833 1704 166 75 that.time
2016 1704 155 75 advances
2187 1704 143 75 forward
2346 1704 34 75 in

1347 1750 55 75 the
1418 1750 141 75 ecliptic,
1584 1750 105 75 which
1701 1750 26 75 is
1746 1750 65 75 220
1829 1750 146 75 degrees.
2022 1750 58 75 To
2097 1750 36 75 us
2156 1750 52 75 flie
2229 1750 144 75 appears,

1350 1796 139 75 through
1503 1796 18 75 a
1532 1796 169 75 telefcope,
1718 1796 33 75 in
1764 1796 41 75 all
1818 1796 55 75 the
1887 1796 125 75 various
2029 1796 107 75 fliapes
2148 1796 41 75 of
2200 1796 56 75 the
2268 1796 111 75 moon.

1396 1842 77 75 The
1489 1842 72 75 axis
1583 1842 43 75 of
1643 1842 112 75 Venus
1771 1842 27 75 is
1814 1842 139 75 inclined
1971 1842 42 75 75
2031 1842 133 75 degrees
2187 1842 35 75 to
2237 1842 56 75 the
2310 1842 71 75 axis

1347 1889 44 75 of
1401 1889 59 75 her
1476 1889 107 75 orbit;
1609 1889 106 75 which
1732 1889 26 75 is
1774 1889 17 75 5
1800 1889 42 75 iT
1854 1889 131 75 degrees
1998 1889 88 75 more
2098 1889 77 75 than
2188 1889 60 75 our
2259 1889 122 75 earths

1351 1933 70 75 axis
1439 1933 26 75 is
1482 1933 137 75 inclined
1637 1933 34 75 to
1686 1933 57 75 the
1760 1933 70 75 axis
1846 1933 41 75 of
1906 1933 55 75 the
1969 1933 148 75 ecliptic;
2145 1933 62 75 and
2220 1933 161 75 therefore

1351 1980 59 75 her
1425 1980 122 75 feafons
1563 1980 79 75 vary
1665 1980 95 75 much
1785 1980 90 75 more
1891 1980 78 75 than
1992 1980 74 75 ours
2082 1980 57 75 do.
2186 1980 79 75 The
2281 1980 99 75 north

1353 2026 73 75 pole
1443 2026 40 75 of
1501 2026 58 75 her
1575 2026 70 75 axis
1670 2026 132 75 inclines
1827 2026 125 75 toward
1975 2026 57 75 the
2056 2026 83 75 20th
2154 2026 118 75 degree
2288 2026 40 75 of
2348 2026 34 75 a-

1354 2072 144 75 quarius,
1523 2072 59 75 our
1598 2072 121 75 earths
1735 2072 34 75 to
1784 2072 57 75 the
1856 2072 172 75 beginning
2039 2072 40 75 of
2097 2072 147 75 Cancer;
2271 2072 110 75 confe-

1356 2118 133 75 quently
1504 2118 55 75 the
1571 2118 152 75 northern
1740 2118 87 75 parts
1845 2118 39 75 of
1902 2118 111 75 Venus
2028 2118 80 75 have
2120 2118 135 75 fummer
2270 2118 32 75 in
2326 2118 58 75 the

1355 2165 81 75 figns
1461 2165 107 75 where
1592 2165 91 75 thofe
1710 2165 40 75 of
1770 2165 59 75 our
1855 2165 90 75 earth
1969 2165 83 75 have
2075 2165 128 75 winter,
2228 2165 62 75 and
2312 2165 73 75 vice

1355 2211 105 75 verfa.

1401 2258 78 75 The
1495 2258 144 75 artificial
1657 2258 64 75 day
1737 2258 32 75 at
1786 2258 77 75 each
1879 2258 74 75 pole
1970 2258 40 75 of
2028 2258 111 75 Venus
2163 2258 27 75 is
2207 2258 33 75 as
2256 2258 77 75 long
2349 2258 35 75 as

1362 2302 88 75 112-y
1465 2302 125 75 natural
1607 2302 79 75 days
1703 2302 41 75 on
1761 2302 60 75 our
1837 2302 103 75 earth.

1404 2351 77 75 The
1496 2351 83 75 funs
1596 2351 133 75 greateft
1745 2351 190 75 declination
1958 2351 41 75 on
2023 2351 77 75 each
2125 2351 63 75 fide
2210 2351 40 75 of
2268 2351 58 75 her
2349 2351 35 75 e-

1360 2397 116 75 quator
1491 2397 147 75 amounts
1650 2397 35 75 to
1704 2397 41 75 75
1764 2397 131 75 degrees
1907 2397 10 75 ;
1943 2397 162 75 therefore
2121 2397 58 75 her
2194 2397 119 75 tropics
2330 2397 56 75 are

1361 2443 75 75 only
1461 2443 38 75 15
1520 2443 132 75 degrees
1667 2443 84 75 from
1767 2443 59 75 her
1841 2443 102 75 poles,
1968 2443 62 75 and
2045 2443 59 75 her
2123 2443 89 75 polar
2228 2443 111 75 circles
2351 2443 35 75 as

1359 2489 50 75 far
1424 2489 84 75 from
1520 2489 58 75 her
1589 2489 147 75 equator.
1786 2489 253 75 Confequently,
2063 2489 56 75 the
2131 2489 118 75 tropics
2266 2489 40 75 of
2318 2489 66 75 Ve-

1360 2536 58 75 nus
1430 2536 52 75 are
1494 2536 142 75 between
1653 2536 58 75 her
1726 2536 90 75 polar
1832 2536 111 75 circles
1961 2536 62 75 and
2037 2536 59 75 her
2107 2536 109 75 poles;
2235 2536 151 75 contrary

1362 2583 34 75 to
1408 2583 86 75 what
1510 2583 89 75 thofe
1611 2583 39 75 of
1666 2583 60 75 our
1741 2583 90 75 earth
1849 2583 66 75 are.

1408 2627 49 75 As
1469 2627 58 75 her
1542 2627 113 75 annual
1672 2627 179 75 revolution
1864 2627 142 75 contains
2022 2627 77 75 only
2112 2627 45 75 93
2168 2627 41 75 of
2219 2627 58 75 her
2292 2627 93 75 day$,

1361 2674 55 75 the
1438 2674 56 75 fun
1509 2674 67 75 will
1598 2674 118 75 always
1737 2674 115 75 appear
1875 2674 34 75 to
1926 2674 41 75 go
1982 2674 139 75 through
2139 2674 19 75 a
2179 2674 105 75 whole
2306 2674 77 75 fign,

1361 2720 38 75 or
1414 2720 129 75 twelfth
1564 2720 73 75 part
1658 2720 41 75 of
1717 2720 59 75 her
1798 2720 97 75 orbit,
1920 2720 33 75 in
1974 2720 85 75 little
2083 2720 87 75 more
2194 2720 78 75 than
2293 2720 93 75 three

1363 2766 145 75 quarters
1533 2766 40 75 of
1591 2766 59 75 her
1673 2766 125 75 natural
1821 2766 76 75 day,
1922 2766 36 75 or
1983 2766 111 75 nearly
2117 2766 42 75 in'
2175 2766 71 75 i8
2268 2766 40 75 of
2327 2766 59 75 our

1362 2814 79 75 days
1458 2814 62 75 and
1536 2814 120 75 nights.

1410 2861 141 75 Becaufe
1567 2861 58 75 her
1640 2861 64 75 day
1725 2861 27 75 is
1777 2861 33 75 fo
1834 2861 88 75 great
1945 2861 19 75 a
1986 2861 72 75 part
2080 2861 41 75 of
2137 2861 59 75 her
2218 2861 87 75 year,
2330 2861 57 75 the

1363 2907 56 75 fun
1435 2907 136 75 changes
1588 2907 50 75 his
1654 2907 189 75 declination
1868 2907 31 75 in
1924 2907 60 75 one
2006 2907 62 75 day
2084 2907 34 75 fo
2141 2907 107 75 much,
2273 2907 73 75 that
2361 2907 32 75 if

1363 2954 42 75 he
1422 2954 96 75 paffes
1534 2954 177 75 vertically,
1736 2954 38 75 or
1797 2954 134 75 diredtly
1949 2954 77 75 over
2048 2954 81 75 head
2153 2954 40 75 of
2211 2954 62 75 any
2295 2954 93 75 given

1364 3001 89 75 place
1469 3001 42 75 on
1533 3001 55 75 the
1604 3001 115 75 tropic,
1743 3001 56 75 the
1816 3001 78 75 next
1911 3001 63 75 day
1990 3001 40 75 he
2047 3001 65 75 will
2129 3001 40 75 be
2187 3001 44 75 26
2253 3001 134 75 degrees
2303 3041 83 75 from
