2396 3377
130 157 56 75 86

687 159 1033 75 ALGEBRA.-

129 225 77 75 ence
225 225 86 75 (viz.
335 225 101 75 unit),
462 225 62 75 and
547 225 72 75 that
642 225 33 75 in
699 225 56 75 the
778 225 58 75 laft
858 225 98 75 terms
981 225 26 75 it
1022 225 28 75 is
1067 225 95 75 never

129 270 114 75 found.
291 270 77 75 The
392 270 123 75 powers
540 270 39 75 of
599 270 17 75 b
638 270 54 75 are
707 270 33 75 in
756 270 56 75 the
829 270 149 75 contrary
994 270 116 75 order;
1136 270 27 75 it

129 316 27 75 is
172 316 57 75 not
245 316 102 75 found
361 316 32 75 in
410 316 55 75 the
481 316 65 75 firft
561 316 95 75 term,
684 316 60 75 but
758 316 43 75 its
818 316 162 75 exponent
995 316 33 75 in
1044 316 55 75 the
1116 316 47 75 fe-

130 363 85 75 cond
231 363 81 75 term
328 363 27 75 is
371 363 82 75 unit,
478 363 33 75 in
531 363 56 75 the
606 363 89 75 third
718 363 83 75 term
823 363 41 75 its
887 363 162 75 exponent
1073 363 27 75 is
1118 363 18 75 2
1150 363 11 75 ;

131 408 65 75 and
211 408 74 75 thus
308 408 42 75 its
375 408 164 75 exponent
560 408 167 75 increafes,
752 408 50 75 till
827 408 33 75 in
882 408 56 75 the
961 408 56 75 laft
1038 408 83 75 term
1138 408 26 75 it

131 454 147 75 becomes
295 454 95 75 equal
406 454 35 75 to
457 454 56 75 the
529 454 161 75 exponent
714 454 40 75 of
772 454 56 75 the
851 454 107 75 power
976 454 188 75 required.”

179 500 48 75 As
255 500 56 75 the
339 500 176 75 exponents
546 500 41 75 of
604 500 22 75 a
653 500 74 75 thus
761 500 161 75 decreafe,
958 500 63 75 and
1047 500 33 75 at
1108 500 56 75 the

137 547 84 75 fame
252 547 77 75 time
362 547 89 75 thofe
483 547 40 75 of
551 547 17 75 b
600 547 149 75 increafe,
784 547 24 75 “
846 547 56 75 the
926 547 66 75 fum
1016 547 40 75 of
1083 547 83 75 their

133 593 24 75 “
182 593 178 75 exponents
385 593 26 75 is
437 593 119 75 always
581 593 55 75 the
660 593 96 75 fame,
782 593 62 75 and
868 593 26 75 is
918 593 95 75 equal
1041 593 34 75 to
1109 593 54 75 the

133 638 24 75 “
183 638 162 75 exponent
372 638 41 75 of
431 638 56 75 the
518 638 109 75 power
652 638 189 75 required.”
900 638 110 75 Thus,
1044 638 33 75 in
1108 638 57 75 the

134 684 58 75 6th
217 684 109 75 power
350 684 40 75 of
408 684 22 75 a
511 684 32 75 b,
576 684 68 75 viz.
685 684 19 75 a
704 666 20 49 6
738 684 38 75 +
793 684 21 75 6
893 684 18 75 b
994 684 38 75 15
1058 684 21 75 «
1079 666 16 49 4
1123 684 18 75 b
1141 666 21 49 x

133 733 38 75 +
188 733 46 75 20
248 733 22 75 tf
270 715 16 49 3
305 733 35 75 b*
360 733 38 75 +
419 733 39 75 15
477 733 20 75 a
497 715 21 49 4
538 733 19 75 £
557 715 15 49 4
592 733 38 75 +
648 733 20 75 6
681 733 21 75 a
715 733 18 75 £
733 715 14 49 s
768 733 37 75 +
822 733 18 75 £
858 715 16 49 6
874 733 13 75 ,
916 733 56 75 the
988 733 177 75 exponents

132 776 43 75 of
190 776 21 75 a
228 776 145 75 decreafe
388 776 33 75 in
448 776 64 75 this
536 776 110 75 order,
669 776 35 75 6,
732 776 32 75 5,
791 776 35 75 4,
854 776 32 75 3,
913 776 36 75 2,
978 776 30 75 1,
1033 776 23 75 0
1068 776 10 75 ;
1105 776 63 75 and

132 823 92 75 thofe
241 823 40 75 of
300 823 17 75 b
333 823 139 75 increafe
487 823 34 75 in
537 823 55 75 the
609 823 150 75 contrary
775 823 106 75 order,
906 823 36 75 o,
972 823 86 75 1,2,
1079 823 32 75 3,
1130 823 34 75 4,

137 870 31 75 5,
196 870 34 75 6.
279 870 79 75 And
373 870 55 75 the
444 870 68 75 fum
529 870 40 75 of
588 870 83 75 their
696 870 176 75 exponents
897 870 33 75 in
956 870 61 75 any
1033 870 82 75 term
1139 870 26 75 is

133 916 118 75 always
271 916 34 75 6.

179 962 55 75 To
250 962 68 75 find
340 962 55 75 the
412 962 176 75 coefficient
610 962 41 75 of
669 962 62 75 any
746 962 95 75 term,
866 962 55 75 the
939 962 176 75 coefficient
1131 962 40 75 of

131 1007 56 75 the
203 1007 171 75 preceding
390 1007 83 75 term
488 1007 97 75 being
599 1007 129 75 known,
746 1007 64 75 you
823 1007 53 75 are
892 1007 35 75 to
945 1007 23 75 “
987 1007 107 75 divide
1110 1007 56 75 the

133 1055 25 75 V
183 1055 177 75 coefficient
382 1055 40 75 of
441 1055 55 75 the
519 1055 169 75 preceding
709 1055 83 75 term
814 1055 42 75 by
873 1055 55 75 the
954 1055 161 75 exponent
1131 1055 40 75 of

133 1082 24 49 <c
184 1100 20 75 b
218 1100 33 75 in
267 1100 54 75 the
338 1100 93 75 given
448 1100 94 75 term,
570 1100 62 75 and
647 1100 35 75 to
706 1100 148 75 multiply
870 1100 55 75 the
950 1100 147 75 quotient
1121 1100 44 75 by

133 1146 25 75 “
183 1146 55 75 the
261 1146 164 75 exponent
446 1146 40 75 of
505 1146 18 75 a
540 1146 32 75 in
588 1146 56 75 the
668 1146 84 75 fame
773 1146 92 75 term,
891 1146 160 75 increafed
1067 1146 44 75 by
1127 1146 36 75 u-

133 1193 24 75 “
184 1193 84 75 nit.”
314 1193 95 75 Thus
438 1193 35 75 to
498 1193 66 75 find
589 1193 55 75 the
668 1193 192 75 coefficients
885 1193 40 75 of
943 1193 56 75 the
1015 1193 97 75 terms
1129 1193 41 75 of

130 1238 57 75 the
205 1238 58 75 6th
280 1238 107 75 power
403 1238 41 75 of
461 1238 22 75 a
499 1238 38 75 +
608 1238 64 75 you
689 1238 66 75 find
771 1238 55 75 the
842 1238 97 75 terms
955 1238 53 75 are

274 1284 19 75 a
293 1266 18 49 6
311 1284 16 75 ,
352 1284 20 75 a
372 1266 16 49 5
409 1284 31 75 b,
464 1284 19 75 a
483 1266 16 49 4
516 1284 17 75 b
533 1266 20 49 x
553 1284 17 75 ,
594 1284 19 75 a
613 1266 18 49 3
651 1284 50 75 P,
725 1284 21 75 a
746 1266 21 49 x
781 1284 50 75 b\
857 1284 48 75 «b
905 1266 14 49 s
919 1284 19 75 ,
961 1284 18 75 b
979 1266 18 49 6
1009 1284 11 75 ;

133 1330 64 75 and
218 1330 64 75 you
306 1330 96 75 know
424 1330 57 75 the
502 1330 178 75 coefficient
701 1330 41 75 of
760 1330 56 75 the
837 1330 65 75 firft
924 1330 81 75 term
1027 1330 25 75 is
1069 1330 92 75 unit;

131 1377 174 75 therefore,
330 1377 171 75 according
525 1377 38 75 to
584 1377 56 75 the
664 1377 82 75 rule,
771 1377 56 75 the
851 1377 178 75 coefficient
1049 1377 40 75 of
1108 1377 56 75 the

132 1455 117 75 fecond
264 1455 83 75 term
364 1455 66 75 will
454 1455 40 75 be
509 1455 52 75 —
577 1455 30 75 X
627 1455 15 75 5
663 1455 37 75 +
721 1455 13 75 1
754 1455 36 75 =
806 1455 43 75 6;
875 1455 71 75 that
958 1455 39 75 of
1008 1455 61 75 the
1075 1455 89 75 third

132 1560 83 75 term
231 1560 68 75 will
314 1560 40 75 be
370 1560 82 75 —X
470 1560 104 75 4ft-x
594 1560 36 75 =
648 1560 67 75 3X
742 1560 17 75 5
783 1560 36 75 =
844 1560 69 75 15;
946 1560 73 75 that
1042 1560 40 75 of
1109 1560 55 75 the

134 1664 110 75 fourth
260 1664 83 75 term
364 1664 69 75 will
453 1664 275 75 be—X34-1
754 1664 36 75 =
814 1664 105 75 5X4
935 1664 36 75 =
993 1664 73 75 20;
1101 1664 62 75 and

134 1736 90 75 thofe
240 1736 41 75 of
291 1736 56 75 the
364 1736 165 75 following
545 1736 67 75 will
627 1736 40 75 be
688 1736 55 75 15,
763 1736 33 75 6,
818 1736 32 75 1,
875 1736 165 75 agreeable
1055 1736 36 75 to
1107 1736 56 75 the

134 1781 170 75 preceding
314 1781 99 75 table.

182 1827 37 75 In
236 1827 140 75 general,
401 1827 31 75 if
450 1827 20 75 a
487 1827 38 75 +
542 1827 17 75 £
575 1827 26 75 is
618 1827 34 75 to
668 1827 41 75 be
727 1827 97 75 raifed
850 1827 36 75 to
909 1827 63 75 any
992 1827 108 75 power
1118 1827 43 75 m,

133 1874 55 75 the
206 1874 111 75 terms,
340 1874 138 75 without
494 1874 84 75 their
594 1874 192 75 coefficients
802 1874 67 75 will
885 1874 39 75 be
940 1874 21 75 a
961 1856 26 49 m
987 1874 15 75 ,
1028 1874 20 75 a
1048 1856 25 49 m
1073 1874 54 75 —'
1127 1874 35 75 b,

132 1948 22 49 a
154 1916 145 75 m—ib\
321 1916 20 75 a
341 1898 25 49 m
410 1898 11 49 3
421 1916 22 75 A
443 1898 17 49 5
460 1916 15 75 ,
500 1916 21 75 a
521 1898 27 49 m
548 1916 38 75 —
586 1898 15 49 4
601 1916 22 75 A
623 1898 16 49 4
639 1916 16 75 ,
694 1898 23 49 m
717 1916 40 75 —
757 1898 14 49 %
771 1916 22 75 b
793 1898 15 49 s
808 1916 16 75 ,
847 1916 61 75 &c.
925 1916 172 75 continued
1112 1916 50 75 till

134 1965 55 75 the
206 1965 161 75 exponent
383 1965 40 75 of
441 1965 18 75 b
475 1965 147 75 becomes
639 1965 95 75 equal
750 1965 35 75 to
802 1965 43 75 vi.

181 2010 76 75 The
274 2010 191 75 coefficients
483 2010 40 75 of
540 2010 55 75 the
612 2010 168 75 refpe&ive
804 2010 110 75 terms,
940 2010 170 75 according
1126 2010 35 75 to

135 2056 56 75 the
206 2056 57 75 laft
280 2056 79 75 rtile,
385 2056 66 75 will
468 2056 39 75 be

141 2129 30 75 I,
198 2129 43 75 m.
288 2131 4 75 '
292 2131 6 75 i
317 2131 30 75 X
371 2131 65 75 --

664 2135 41 75 -,
731 2135 29 75 X

260 2227 14 75 -
289 2227 29 75 x
369 2227 7 75 '
388 2213 35 75 -3

821 2172 17 75 3

488 2230 11 75 1
520 2230 29 75 X
587 2230 53 75 —

818 2233 168 75 <-=2x
1011 2233 111 75 ^=4,

219 2266 174 75 3.4

607 2266 18 75 2

770 2266 18 75 3

927 2266 21 75 4

1086 2266 29 75 .5

137 2305 61 75 &c.
223 2305 172 75 continued
417 2305 81 75 until
523 2305 63 75 you
609 2305 81 75 have
714 2305 60 75 one
791 2305 176 75 coefficient
983 2305 87 75 more
1087 2305 77 75 than

138 2351 93 75 there
248 2351 53 75 are
318 2351 84 75 units
418 2351 33 75 in
468 2351 43 75 m.

185 2405 32 75 It
232 2405 126 75 follows
375 2405 162 75 therefore
553 2405 43 75 by
623 2405 88 75 thefe
738 2405 56 75 laft
822 2405 98 75 rules,
945 2405 70 75 that
1030 2405 22 75 a
1122 2405 17 75 b
1139 2387 27 49 m

137 2475 36 75 —
190 2475 19 75 a
209 2457 27 49 m
256 2475 38 75 +
311 2475 31 75 m
362 2475 21 75 a
383 2457 26 49 m
409 2475 75 75 —b
501 2475 38 75 -f
554 2475 32 75 vi
608 2475 30 75 X
654 2475 87 75 ——
761 2475 29 75 X

962 2475 70 75 4-w
1042 2475 108 75 X——
1150 2457 13 49 1

688 2508 17 75 2

1111 2508 19 75 2

140 2573 31 75 X
190 2573 138 75 —ix
343 2573 20 75 a
363 2555 27 49 m
436 2555 12 49 3
468 2573 17 75 i
485 2555 17 49 3
521 2573 38 75 +
625 2573 31 75 X

806 2573 30 75 X

974 2573 28 75 X

1135 2573 30 75 X

230 2616 15 75 3

716 2616 362 75 234

140 2650 32 75 X
188 2650 21 75 a
209 2632 25 49 m
234 2650 52 75 —
286 2632 15 49 4
321 2650 33 75 b*
373 2650 50 75 +,
447 2650 60 75 &c.
536 2650 106 75 which
666 2650 26 75 is
720 2650 56 75 the
799 2650 127 75 general
947 2650 144 75 theorem
1113 2650 52 75 for

141 2693 114 75 railing
272 2693 18 75 a
307 2693 149 75 quantity
471 2693 162 75 confifting
650 2693 39 75 of
700 2693 65 75 two
776 2693 98 75 terms
887 2693 35 75 to
934 2693 61 75 any
1006 2693 106 75 power
1121 2693 43 75 »/.

187 2740 35 75 If
235 2740 18 75 a
269 2740 147 75 quantity
433 2740 162 75 confifting
611 2740 41 75 of
662 2740 90 75 three
768 2740 37 75 or
816 2740 88 75 more
920 2740 98 75 terms
1034 2740 27 75 is
1079 2740 34 75 to
1125 2740 39 75 be

139 2786 159 75 involved,
323 2786 25 75 “
371 2786 62 75 you
451 2786 72 75 may
539 2786 179 75 diftinguifti
735 2786 26 75 it
776 2786 69 75 into
861 2786 70 75 two
942 2786 99 75 parts,
1065 2786 98 75 confi-

140 2832 111 75 dering
278 2832 26 75 it
332 2832 33 75 as
392 2832 19 75 a
437 2832 163 75 binomial,
629 2832 62 75 and
711 2832 76 75 raife
809 2832 27 75 it
856 2832 35 75 to
914 2832 61 75 any
998 2832 108 75 power
1121 2832 45 75 by

139 2877 56 75 the
211 2877 171 75 preceding
399 2877 103 75 rules;
537 2877 62 75 and
626 2877 89 75 then,
739 2877 43 75 by
804 2877 56 75 the
881 2877 82 75 fame
979 2877 96 75 rules,
1099 2877 65 75 you

140 2924 74 75 may
228 2924 175 75 fubftitute,
419 2924 120 75 inftead
554 2924 39 75 of
603 2924 56 75 the
674 2924 124 75 pdwers
814 2924 40 75 of
880 2924 87 75 thefe
984 2924 181 75 compound

140 2969 99 75 parts,
256 2969 84 75 their
354 2969 146 75 values.”
541 2969 108 75 Thus,

1211 237 109 75 ab
1396 237 182 75 c'—a+b
1590 237 37 75 Ar
1643 237 18 75 c
1699 237 36 75 =
1746 237 68 75 «-f
1825 237 17 75 £
1858 237 5 75 '
1883 237 39 75 +
1939 237 18 75 2
1976 237 17 75 c
2012 237 28 75 X

1212 285 36 75 —
1262 285 21 75 a
1283 267 21 49 x
1304 285 256 75 -\-2ab-\-b
1560 267 20 49 x
1580 285 194 75 Ar2ac-
1774 267 11 49 i
1785 285 210 75 c2bc-\-c
1995 267 19 49 x
2014 285 16 75 .

1261 328 39 75 In
1316 328 88 75 thefe
1426 328 176 75 examples,
1626 328 21 75 a
1664 328 38 75 Ar
1718 328 18 75 b
1806 328 18 75 c
1846 328 27 75 is
1899 328 183 75 confidered
2105 328 34 75 as
2157 328 86 75 com-

1213 374 98 75 pofed
1326 374 41 75 of
1378 374 54 75 the
1449 374 180 75 compound
1645 374 71 75 part
1731 374 99 75 aArb
1847 374 62 75 and
1924 374 56 75 the
1995 374 107 75 fimple
2119 374 70 75 part
2206 374 36 75 c;

1215 420 61 75 and
1292 420 77 75 then
1386 420 54 75 the
1459 420 123 75 powers
1600 420 39 75 of
1650 420 20 75 *
1688 420 38 75 ft-
1742 420 17 75 £
1776 420 52 75 are
1854 420 125 75 formed
2004 420 43 75 by
2063 420 55 75 the
2135 420 108 75 prece-

1215 466 75 75 ding
1306 466 98 75 rules,
1429 466 62 75 and
1506 466 187 75 fubftituted
1710 466 50 75 for
1777 466 101 75 aArb
1878 448 16 49 1
1915 466 62 75 and
1991 466 105 75 <T+i
2096 448 21 49 4
2117 466 16 75 .

1328 622 164 75 Chap.
1523 622 89 75 VII.
1672 622 66 75 0/*
1755 622 76 75 Ev
1845 622 151 75 glut
2015 622 115 75 ion.

1261 717 85 75 The
1366 717 121 75 reverfe
1504 717 40 75 of
1555 717 189 75 involution,
1770 717 38 75 or
1824 717 55 75 the
1896 717 157 75 refolving
2068 717 41 75 of
2119 717 124 75 powers

1215 762 67 75 into
1298 762 84 75 their
1398 762 101 75 roots,
1516 762 27 75 is
1560 762 104 75 called
1679 762 172 75 evolution.
1899 762 77 75 The
1992 762 89 75 roots
2098 762 39 75 of
2148 762 96 75 fingle

1215 810 170 75 quantities
1403 810 54 75 are
1473 810 94 75 eafily
1581 810 165 75 extra&ed
1771 810 24 75 “
1813 810 45 75 by
1873 810 143 75 dividing
2038 810 83 75 their
2143 810 101 75 expo-

1215 857 24 75 “
1257 857 91 75 nents
1380 857 43 75 by
1440 857 54 75 the
1518 857 134 75 number
1676 857 71 75 that
1773 857 217 75 denominates
2018 857 54 75 the
2099 857 73 75 root
2194 857 50 75 re-

1215 903 24 75 “
1257 903 151 75 quired.”
1439 903 109 75 Thus,
1566 903 55 75 the
1637 903 113 75 fquare
1767 903 73 75 root
1856 903 41 75 of
1901 903 20 75 a
1921 885 18 49 8
1958 903 29 75 is
2006 903 46 75 ai
2059 903 36 75 =
2101 903 21 75 a
2122 885 16 49 4
2151 903 10 75 ;
2181 903 64 75 and

1215 947 54 75 the
1286 947 113 75 fquare
1416 947 71 75 root
1503 947 40 75 of
1553 947 21 75 a
1574 929 16 49 4
1608 947 19 75 b
1627 929 17 49 8
1662 947 18 75 c
1680 929 19 49 x
1718 947 27 75 is
1762 947 20 75 «
1782 929 21 49 4
1823 947 18 75 b
1841 929 16 49 4
1876 947 28 75 c.
1929 947 78 75 The
2023 947 79 75 cube
2118 947 74 75 root
2209 947 40 75 of

1271 994 16 75 £
1287 976 19 49 3
1328 994 26 75 is

1483 994 35 75 =
1525 994 18 75 a
1543 976 22 49 1
1585 994 40 75 i;
1652 994 63 75 and
1730 994 56 75 the
1798 994 80 75 cube
1890 994 72 75 root
1973 994 40 75 of
2024 994 20 75 x
2044 976 17 49 9
2070 994 24 75 y
2094 976 18 49 6
2130 994 21 75 s
2151 976 43 49 14
2216 994 27 75 is

1214 1040 19 75 x
1233 1022 20 49 %
1266 1040 35 75 y'
1301 1022 9 49 1
1331 1040 21 75 z
1352 1022 22 49 4
1374 1040 14 75 .
1437 1040 76 75 The
1530 1040 125 75 ground
1670 1040 40 75 of
1728 1040 65 75 this
1810 1040 69 75 rule
1895 1040 26 75 is
1938 1040 133 75 obvious
2087 1040 83 75 from
2188 1040 55 75 the

1212 1086 137 75 rule-for
1365 1086 190 75 involution.
1602 1086 77 75 The
1695 1086 123 75 powers
1835 1086 40 75 of
1893 1086 62 75 any
1970 1086 72 75 root
2066 1086 52 75 are
2143 1086 100 75 found

1213 1131 44 75 by
1273 1131 202 75 multiplying
1492 1131 41 75 its
1546 1131 164 75 exponent
1719 1131 44 75 by
1774 1131 55 75 the
1837 1131 98 75 index
1944 1131 71 75 that
2024 1131 219 75 denominates

1213 1178 56 75 the
1286 1178 107 75 power
1403 1178 11 75 ;
1440 1178 63 75 and
1518 1178 173 75 therefore,
1710 1178 92 75 when
1819 1178 62 75 any
1896 1178 108 75 power
2020 1178 26 75 is
2064 1178 104 75 given,
2187 1178 55 75 the

1213 1222 72 75 root
1301 1222 79 75 muft
1396 1222 39 75 be
1451 1222 101 75 found
1567 1222 44 75 by
1626 1222 144 75 dividing
1786 1222 55 75 the
1852 1222 160 75 exponent
2025 1222 39 75 of
2076 1222 56 75 the
2148 1222 93 75 given

1212 1268 108 75 power
1336 1268 43 75 by
1395 1268 55 75 the
1467 1268 131 75 number
1621 1268 70 75 that
1712 1268 218 75 denominates
1953 1268 55 75 the
2022 1268 80 75 kind
2117 1268 40 75 of
2167 1268 75 75 root

1213 1314 70 75 that
1301 1314 25 75 is
1344 1314 162 75 required.

1259 1360 31 75 It
1314 1360 143 75 appears,
1485 1360 85 75 from
1600 1360 88 75 what
1711 1360 65 75 was
1801 1360 67 75 faid
1888 1360 40 75 of
1954 1360 190 75 involution,
2168 1360 73 75 that

1213 1406 25 75 “
1255 1406 62 75 any
1332 1406 107 75 power
1456 1406 72 75 that
1541 1406 58 75 has
1616 1406 20 75 a
1651 1406 129 75 pofitive
1811 1406 65 75 fign
1903 1406 74 75 may
1999 1406 81 75 have
2104 1406 102 75 either
2223 1406 19 75 a

1214 1452 23 75 “
1255 1452 128 75 pofitive
1399 1452 38 75 or
1452 1452 146 75 negative
1620 1452 85 75 root,
1738 1452 30 75 if
1786 1452 55 75 the
1867 1452 73 75 root
1967 1452 26 75 is
2018 1452 223 75 denominated

1214 1498 24 75 “
1256 1498 44 75 by
1315 1498 62 75 any
1392 1498 79 75 even
1488 1498 170 75 number.”
1705 1498 94 75 Thus
1816 1498 55 75 the
1888 1498 202 75 fquare-root
2107 1498 39 75 of
2157 1498 58 75 A~a
2223 1480 15 49 1

1212 1544 73 75 may
1301 1544 38 75 be
1434 1544 128 75 or'—a,
1590 1544 129 75 becaufe
1736 1544 149 75 A~aX+^
1902 1544 37 75 or
1954 1544 182 75 —aX—a
2152 1544 88 75 gives

1279 1572 12 49 2
1313 1590 50 75 for
1381 1590 55 75 the
1451 1590 145 75 product.

1258 1636 66 75 But
1349 1636 32 75 if
1402 1636 19 75 a
1434 1636 108 75 power
1567 1636 81 75 have
1676 1636 18 75 a
1709 1636 145 75 negative
1870 1636 78 75 fign,
1972 1636 24 75 “
2015 1636 42 75 no
2073 1636 73 75 root
2162 1636 41 75 of
2212 1636 27 75 it

1214 1682 21 75 “
1253 1682 227 75 denominated
1505 1682 44 75 by
1576 1682 39 75 an
1638 1682 78 75 even
1732 1682 132 75 number
1880 1682 58 75 can
1954 1682 39 75 be
2009 1682 40 75 be
2065 1682 171 75 afligned,”

1213 1728 80 75 fince
1309 1728 89 75 there
1414 1728 29 75 is
1455 1728 44 75 no
1514 1728 148 75 quantity
1677 1728 72 75 that
1775 1728 182 75 multiplied
1982 1728 68 75 into
2081 1728 90 75 itfelf
2200 1728 39 75 an

1213 1773 78 75 even
1307 1773 132 75 number
1455 1773 40 75 of
1505 1773 92 75 times
1615 1773 57 75 can
1684 1773 71 75 give
1772 1773 18 75 a
1800 1773 145 75 negative
1955 1773 145 75 produtt.
2143 1773 96 75 Thus

1213 1820 172 75 thefquare
1401 1820 72 75 root
1490 1820 106 75 of—«
1596 1802 20 49 4
1633 1820 115 75 cannot
1765 1820 39 75 be
1821 1820 145 75 affigned,
1984 1820 65 75 and
2058 1820 27 75 is
2094 1820 85 75 what
2190 1820 49 75 we

1214 1865 59 75 call
1291 1865 38 75 an
1346 1865 162 75 impojjible
1523 1865 37 75 or
1576 1865 193 75 imaginary
1781 1865 160 75 quantity.

1258 1909 66 75 But
1350 1909 31 75 if
1402 1909 56 75 the
1482 1909 72 75 root
1570 1909 35 75 to
1621 1909 40 75 be
1676 1909 165 75 extrafted
1856 1909 27 75 is
1900 1909 224 75 denominated
2138 1909 45 75 by
2198 1909 40 75 an

1212 1956 62 75 odd
1286 1956 145 75 number,
1455 1956 76 75 then
1545 1956 77 75 ftiall
1640 1956 23 75 “
1681 1956 55 75 the
1748 1956 64 75 fign
1821 1956 40 75 of
1872 1956 55 75 the
1943 1956 71 75 root
2030 1956 39 75 be
2086 1956 55 75 the
2156 1956 84 75 fame

1213 2002 33 75 as
1264 2002 55 75 the
1334 2002 66 75 fign
1417 2002 39 75 of
1471 2002 55 75 the
1543 2002 93 75 given
1651 2002 132 75 number
1799 2002 105 75 whofe
1920 2002 73 75 root
2009 2002 27 75 is
2052 2002 187 75 required.”

1212 2049 95 75 Thus
1320 2049 55 75 the
1392 2049 79 75 cube
1482 2049 73 75 root
1566 2049 125 75 of'—«
1691 2031 19 49 5
1731 2049 27 75 is
1768 2049 68 75 •—a
1836 2081 14 49 y
1875 2049 63 75 and
1955 2049 53 75 the
2021 2049 79 75 cube
2116 2049 72 75 root
2204 2049 42 75 of

1260 2140 38 75 If
1307 2140 55 75 the
1379 2140 132 75 number
1527 2140 70 75 that
1612 2140 216 75 denominates
1844 2140 56 75 the
1916 2140 73 75 root
2005 2140 153 75 required
2176 2140 27 75 is
2221 2140 20 75 a

1213 2186 117 75 divifor
1345 2186 40 75 of
1396 2186 55 75 the
1468 2186 161 75 exponent
1640 2186 40 75 of
1692 2186 55 75 the
1764 2186 92 75 given
1872 2186 119 75 power,
2008 2186 76 75 then
2095 2186 77 75 ftiall
2183 2186 57 75 the

1213 2233 72 75 root
1300 2233 40 75 be
1356 2233 77 75 only
1449 2233 19 75 a
1478 2233 101 75 lo-iuer
1589 2233 112 75 power
1716 2233 43 75 of
1765 2233 52 75 the
1822 2233 94 75 fame
1932 2233 159 75 quantity.
2124 2233 48 75 As
2182 2233 56 75 the

1214 2279 78 75 cube
1309 2279 73 75 root
1398 2279 40 75 of
1449 2279 21 75 a
1470 2261 44 49 11
1534 2279 29 75 is
1577 2279 20 75 a
1597 2261 18 49 4
1615 2279 15 75 ,
1655 2279 54 75 the
1736 2279 133 75 number
1894 2279 17 75 3
1930 2279 69 75 that
2023 2279 217 75 denominates

1215 2326 54 75 the
1286 2326 80 75 cube
1382 2326 81 75 roof
1470 2326 96 75 being
1581 2326 18 75 a
1615 2326 115 75 divifor
1747 2326 41 75 of
1810 2326 53 75 12.

1262 2369 65 75 But
1351 2369 31 75 if
1393 2369 54 75 the
1463 2369 132 75 number
1610 2369 69 75 that
1696 2369 214 75 denominates
1927 2369 87 75 what
2030 2369 68 75 fort
2114 2369 41 75 of
2166 2369 74 75 root

1214 2416 26 75 is
1257 2416 151 75 required
1421 2416 27 75 is
1464 2416 58 75 not
1546 2416 18 75 a
1579 2416 116 75 divifor
1711 2416 42 75 of
1761 2416 55 75 the
1832 2416 161 75 exponent
2009 2416 39 75 of
2066 2416 55 75 the
2146 2416 93 75 given

1214 2463 120 75 power,
1360 2463 24 75 “
1402 2463 76 75 then
1494 2463 56 75 the
1565 2463 74 75 root
1655 2463 149 75 required
1819 2463 75 75 (hall
1911 2463 80 75 have
2004 2463 19 75 a
2037 2463 132 75 fraction
2186 2463 52 75 for

1214 2508 42 75 its
1269 2508 198 75 exponent.”
1487 2508 97 75 Thus
1594 2508 173 75 thefquare
1779 2508 72 75 root
1864 2508 40 75 of
1908 2508 20 75 a
1928 2490 20 49 3
1970 2508 26 75 is
2012 2508 64 75 a\-,
2091 2508 54 75 the
2155 2508 82 75 cube

1214 2554 72 75 root
1302 2554 40 75 of
1353 2554 19 75 a
1372 2536 17 49 s
1408 2554 26 75 is
1451 2554 57 75 rf-f*
1526 2536 38 49 an
1564 2554 24 75 d
1603 2554 55 75 the
1674 2554 112 75 fquare
1802 2554 72 75 root
1890 2554 41 75 of
1941 2554 20 75 a
1978 2554 89 75 itfelf
2077 2554 27 75 is
2119 2554 57 75 a\.

1259 2601 108 75 Thefe
1382 2601 123 75 powers
1522 2601 69 75 that
1606 2601 81 75 have
1703 2601 163 75 fraftional
1879 2601 175 75 exponents
2071 2601 53 75 are
2135 2601 104 75 called

1213 2646 166 75 imperfect
1389 2646 126 75 poolers
1540 2646 37 75 or
1590 2646 120 75 furds;
1738 2646 60 75 and
1823 2646 54 75 are
1893 2646 165 75 otherwife
2072 2646 166 75 exprefied

1214 2692 41 75 by
1272 2692 123 75 placing
1412 2692 53 75 the
1482 2692 92 75 given
1590 2692 108 75 power
1714 2692 111 75 within
1841 2692 55 75 the
1912 2692 117 75 radical
2046 2692 63 75 fign
2128 2692 41 75 \/
2224 2692 11 75 ,

1213 2737 61 75 and
1290 2737 125 75 placing
1431 2737 100 75 above
1547 2737 56 75 the
1619 2737 118 75 radical
1753 2737 64 75 fign
1833 2737 55 75 the
1904 2737 132 75 number
2052 2737 70 75 that
2137 2737 99 75 deno-

1213 2813 132 75 minates
1361 2813 86 75 what
1461 2813 80 75 kind
1552 2813 40 75 of
1603 2813 72 75 root
1691 2813 26 75 is
1733 2813 161 75 required.
1940 2813 95 75 Thus

1213 2907 163 75 a^—n/a*
1389 2907 11 75 ;
1427 2907 62 75 and
1503 2907 152 75 a7—\/a
1655 2889 26 49 m
1681 2907 16 75 .
1745 2907 39 75 In
1800 2907 147 75 numbers
1964 2907 55 75 the
2035 2907 111 75 fquare
2162 2907 74 75 root

1213 2977 39 75 of
1264 2977 19 75 2
1302 2977 26 75 is
1342 2977 163 75 exprefled
1517 2977 42 75 by
1570 2977 41 75 4/
1629 2977 34 75 2,
1688 2977 62 75 and
1758 2977 55 75 the
1824 2977 79 75 cube
1914 2977 75 75 root
2002 2977 39 75 of
2053 2977 22 75 4
2086 2977 43 75 by
2143 2977 41 75 4/
2198 2977 34 75 4*

2159 3019 73 75 The
