2498 3377
549 142 241 75 ANT

1124 142 19 75 (
1143 174 79 49 3

219 215 67 75 ikin
298 215 36 75 or
346 215 195 75 membrane,
556 215 109 75 wideft
685 215 31 75 at
728 215 56 75 the
796 215 94 75 apex,
909 215 62 75 and
986 215 61 75 full
1065 215 40 75 of
1115 215 89 75 fraall

221 261 88 75 holes
330 261 64 75 like
420 261 19 75 a
462 261 101 75 fieve;
588 261 56 75 the
663 261 68 75 toes
749 261 40 75 of
809 261 55 75 the
880 261 66 75 feet
963 261 53 75 are
1033 261 172 75 conne&ed

221 308 44 75 by
280 308 19 75 a
314 308 182 75 membrane
513 308 105 75 which
631 308 127 75 enables
770 308 87 75 them
871 308 36 75 to
919 308 109 75 fwim;
1047 308 55 75 the
1114 308 89 75 tibia,

226 355 37 75 or
286 355 178 75 Ihin-bone,
489 355 27 75 is
526 355 92 75 fhort
639 355 64 75 and
725 355 69 75 flat.
842 355 99 75 Tliey
962 355 63 75 live
1037 355 85 75 upon
1139 355 66 75 wa-

221 398 183 75 ter-plants,
429 398 103 75 fiflies,
557 398 65 75 i&f.
670 398 86 75 This
773 398 97 75 order
888 398 142 75 includes
1053 398 36 75 12
1109 398 95 75 gene-

223 447 46 75 ra,
287 447 67 75 viz.
381 447 55 75 the
453 447 63 75 ana'
516 447 25 75 s,
559 447 141 75 mergus,
718 447 151 75 phaeton,
887 447 119 75 plotus,
1031 447 174 75 rhyncops,

222 492 165 75 dromeda,
413 492 80 75 alca,
518 492 199 75 procellaria,
743 492 178 75 pelecanus,
958 492 99 75 larus,
1090 492 113 75 fterna,

222 540 63 75 and
312 540 178 75 columbus.
553 540 62 75 See
640 540 87 75 thefe
755 540 140 75 articles,
920 540 65 75 and
1008 540 194 75 Natural

221 586 197 75 History.

175 633 144 75 Anser,
345 633 34 75 in
396 633 191 75 aftronomy,
613 633 19 75 a
648 633 60 75 ftar
724 633 41 75 of
782 633 55 75 the
857 633 75 75 fifth
955 633 38 75 or
1015 633 85 75 fixth
1117 633 87 75 mag-

222 679 122 75 nitude,
362 679 32 75 in
407 679 55 75 the
478 679 202 75 milky-way,
699 679 144 75 between
858 679 56 75 the
930 679 84 75 fwan
1027 679 63 75 and
1101 679 102 75 eagle.

175 725 166 75 ANSES,
359 725 32 75 in
409 725 190 75 aftronomy,
617 725 55 75 the
684 725 84 75 fame
781 725 78 75 with
872 725 91 75 anfas.
998 725 61 75 See
1068 725 134 75 Ansa;.

176 770 113 75 ANSI
294 770 65 75 AN
363 770 128 75 ACTE
496 770 35 75 S,
563 770 19 75 a
605 770 112 75 people
743 770 41 75 of
799 770 128 75 Africa,
952 770 32 75 in
1000 770 57 75 the
1072 770 133 75 weftern

223 819 71 75 part
310 819 41 75 of
360 819 55 75 the
432 819 52 75 ifle
501 819 40 75 of
549 819 223 75 Madagafcar.

176 866 174 75 ANSLO,
376 866 17 75 a
409 866 141 75 fea-port
573 866 88 75 town
685 866 40 75 of
742 866 157 75 Norway,
925 866 63 75 and
1003 866 150 75 province
1169 866 41 75 of

223 909 206 75 Aggerhuys,
453 909 134 75 fituated
602 909 32 75 in
661 909 61 75 io째
743 909 52 75 12'
818 909 45 75 E.
876 909 88 75 long,
989 909 63 75 and
1070 909 61 75 59째
1151 909 55 75 3c/

223 959 47 75 N.
287 959 57 75 lat.

177 1004 238 75 ANSPACH,
448 1004 280 75 orOHNSPACH,
761 1004 19 75 a
796 1004 66 75 city
878 1004 40 75 of
940 1004 178 75 Germany,
1144 1004 64 75 and

222 1050 95 75 circle
332 1050 40 75 of
390 1050 189 75 Franconia,
603 1050 135 75 fituated
752 1050 34 75 in
806 1050 60 75 io째
885 1050 56 75 36'
965 1050 45 75 E.
1031 1050 88 75 long,
1144 1050 64 75 and

223 1098 46 75 49
269 1080 19 49 0
307 1098 54 75 22'
386 1098 46 75 N.
451 1098 58 75 lat.

271 1142 31 75 It
318 1142 26 75 is
362 1142 54 75 the
433 1142 116 75 capital
574 1142 40 75 of
632 1142 57 75 the
715 1142 193 75 marquifate
930 1142 41 75 of
981 1142 163 75 Anfpach,
1171 1142 42 75 of

222 1188 106 75 which
345 1188 112 75 family
468 1188 65 75 was
546 1188 55 75 the
613 1188 65 75 late
690 1188 103 75 queen
806 1188 162 75 Caroline.

177 1240 352 75 AJMSPESSADES,
547 1240 33 75 in
593 1240 55 75 the
665 1240 125 75 French
802 1240 127 75 armies,
947 1240 18 75 a
981 1240 79 75 kind
1075 1240 41 75 of
1126 1240 82 75 infe-

223 1283 65 75 rior
304 1283 110 75 olficer
429 1283 32 75 in
478 1283 56 75 the
550 1283 84 75 foot,
659 1283 105 75 below
775 1283 55 75 the
843 1283 174 75 corporals,
1037 1283 57 75 but
1106 1283 101 75 above

223 1330 55 75 the
294 1330 146 75 common
457 1330 168 75 centinels.
644 1362 9 49 ;
671 1330 114 75 There
801 1330 54 75 are
871 1330 124 75 ufually
1007 1330 74 75 four
1093 1330 37 75 or
1146 1330 61 75 five

224 1373 39 75 of
269 1373 93 75 them
378 1373 32 75 in
429 1373 19 75 a
464 1373 167 75 company.
649 1373 5 75 .

179 1418 336 75 ANSTRUTHER
532 1418 116 75 Eajier
665 1418 202 75 zn&WeJler,
892 1418 66 75 two
975 1418 90 75 royal
1085 1418 120 75 burghs

226 1468 40 75 of
275 1468 5 75 .
289 1468 167 75 Scotland
482 1468 135 75 fituated
640 1468 43 75 on
706 1468 56 75 the
786 1468 174 75 fouth-eaft
983 1468 84 75 coaft
1092 1468 40 75 of
1151 1468 56 75 the

225 1513 124 75 county
372 1513 41 75 of-
436 1513 86 75 Fife,
558 1513 33 75 in
614 1513 19 75 2
633 1495 21 49 0
677 1513 62 75 ,25'
763 1513 62 75 W.
854 1513 90 75 long,
981 1513 63 75 and
1069 1513 61 75 56째
1153 1513 45 75 20

225 1561 46 75 N.
289 1561 59 75 lat.

178 1607 118 75 ANT,
321 1607 34 75 in
371 1607 155 75 zoology.
577 1607 62 75 See
655 1607 201 75 Formica.

177 1653 152 75 ANTA,
355 1653 31 75 in
415 1653 55 75 the
499 1653 125 75 ancient
643 1653 223 75 architedure,
891 1653 19 75 a
933 1653 113 75 fquare
1069 1653 138 75 pilafter,

227 1699 112 75 placed
354 1699 33 75 at
403 1699 57 75 the
475 1699 129 75 corners
624 1699 41 75 of
674 1699 176 75 buildings.

178 1746 129 75 Anta,
333 1746 32 75 in
393 1746 198 75 geopraphy,
617 1746 18 75 a
650 1746 86 75 little
752 1746 66 75 city
834 1746 80 75 with
943 1746 27 75 a*
987 1746 152 75 harbour,
1165 1746 42 75 on

223 1792 56 75 the
294 1792 84 75 coaft
394 1792 40 75 of
446 1792 129 75 Guinea
594 1792 32 75 in
642 1792 126 75 Africa.

177 1838 349 75 ANTACHATES,
566 1838 32 75 in
618 1838 138 75 .natural
787 1838 132 75 hiftory,
960 1838 18 75 a
1008 1838 197 75 bituminous

222 1885 100 75 ftone,
347 1885 106 75 which
469 1885 103 75 yields
592 1885 18 75 a
626 1885 92 75 fmell
730 1885 65 75 like
811 1885 124 75 myrrh,
960 1885 32 75 in
1009 1885 151 75 burning:

176 1932 266 75 ANTACIDS,
466 1932 33 75 in
524 1932 184 75 pharmacy,
733 1932 40 75 an
796 1932 193 75 appellation
1005 1932 94 75 given
1115 1932 35 75 to
1162 1932 44 75 all

222 1978 171 75 medicines
421 1978 118 75 proper
561 1978 36 75 to
621 1978 123 75 corred
769 1978 71 75 acid
864 1978 37 75 or
929 1978 74 75 four
1025 1978 175 75 humours:

223 2024 88 75 Such
328 2024 53 75 are
396 2024 56 75 the
467 2024 168 75 abforbent
648 2024 65 75 and
728 2024 177 75 obtundent
922 2024 132 75 clafles,'
1067 2024 65 75 &c.

176 2069 338 75 ANTAGONIST,
545 2069 132 75 denotes
702 2069 40 75 an
766 2069 181 75 adverfary,
980 2069 168 75 efpecially
1171 2069 33 75 in

224 2114 149 75 fpeaking
391 2114 41 75 of
445 2114 144 75 combats
606 2114 62 75 and
684 2114 120 75 games.

175 2160 267 75 Antagonist
471 2160 144 75 tnufcJet,
639 2160 33 75 in
700 2160 160 75 anatomy,
886 2160 89 75 thofe
1000 2160 106 75 which
1122 2160 81 75 have

224 2209 139 75 oppofite
387 2209 170 75 fundions,
587 2209 33 75 as
638 2209 129 75 -flexors
791 2209 64 75 and
881 2209 177 75 extenfors,
1084 2209 119 75 abduc-

221 2253 67 75 tors
305 2253 62 75 and
382 2253 283 75 addudors.,-^.,

170 2300 234 75 ANTALIS,
429 2300 33 75 in
479 2300 151 75 zoology,
655 2300 55 75 the
725 2300 106 75 trivial
848 2300 92 75 name
951 2300 41 75 of
1002 2300 18 75 a
1036 2300 115 75 fpecies
1168 2300 41 75 of

183 2346 10 75 .
220 2346 261 75 thedentalium.
531 2346 61 75 See
610 2346 261 75 Dentalium.

174 2393 299 75 ANTALGICS,
497 2393 33 75 in
552 2393 167 75 medicine,
744 2393 55 75 the
819 2393 85 75 fame
924 2393 78 75 with
1027 2393 173 75 anodynes.

223 2437 60 75 See
300 2437 205 75 Anodyne.

167 2485 405 75 -ANTANACLASIS,
608 2485 30 75 in
665 2485 152 75 rhetoric,
853 2485 19 75 a
895 2485 99 75 figure
1018 2485 105 75 whidr
1151 2485 49 75 re-

221 2531 88 75 peats
326 2531 56 75 the
398 2531 84 75 fame
493 2531 103 75 word,
622 2531 58 75 but
691 2531 31 75 in
735 2531 19 75 a
765 2531 150 75 different
926 2531 106 75 fenfe;
1058 2531 48 75 as,
1125 2531 75 75 dui?i

222 2577 154 75 vivinius,
401 2577 163 75 vivamus.

171 2624 364 75 ANTANAGOGE,
552 2624 32 75 in
597 2624 151 75 rhetoric,
773 2624 18 75 a
803 2624 99 75 figure
915 2624 43 75 by
969 2624 119 75 which,
1106 2624 93 75 when

220 2671 55 75 the
302 2671 177 75 accufation
506 2671 40 75 of
564 2671 55 75 the
646 2671 168 75 adverfary
829 2671 26 75 is
879 2671 246 75 unanfwerabkj
1151 2671 48 75 we

218 2717 76 75 load
312 2717 66 75 him
395 2717 79 75 with
486 2717 60 75 the
558 2717 83 75 fame
657 2717 37 75 or
710 2717 93 75 other
819 2717 128 75 crimes.

174 2764 508 75 ANTANISOPHYLLUM,
719 2764 31 75 in
766 2764 8 75 '
774 2764 135 75 botany,
947 2764 18 75 a
983 2764 161 75 fynonime
1165 2764 41 75 of

220 2809 18 75 a
253 2809 116 75 fpecies
387 2809 40 75 of
438 2809 211 75 Boerhaavia.
700 2809 62 75 See
779 2809 276 75 Boerhaavia.

170 2858 477 75 ANTAPHRODISIACS,
671 2858 32 75 in
729 2858 183 75 pharmacy,
936 2858 172 75 medicines
1125 2858 75 75 pro-

218 2900 56 75 per
285 2900 35 75 to
336 2900 143 75 diminiflr
495 2900 55 75 the
566 2900 116 75 femen,
700 2900 60 75 and
778 2900 228 75 confcquently
1021 2900 178 75 extinguilh

219 2947 38 75 or
273 2947 92 75 leften
384 2947 40 75 all
443 2947 115 75 defires
575 2947 38 75 of
625 2947 131 75 yenery.

168 2996 306 75 ANTARCTIC,
498 2996 33 75 in
556 2996 20 75 a
595 2996 127 75 general
750 2996 98 75 fenfe,
873 2996 132 75 denotes
1020 2996 180 75 fortiething

217 3042 96 75 Vol.
339 3042 30 75 I.
417 3042 72 75 No,
518 3042 56 75 14.

1134 3042 27 75 3

1234 138 48 75 25
1342 138 18 75 )

1677 138 238 75 ANT

1302 208 139 75 oppofite
1458 208 35 75 to
1513 208 56 75 the
1599 208 96 75 ardic
1719 208 38 75 or
1774 208 153 75 northern
1943 208 87 75 pole.
2080 208 126 75 Hence,
2231 208 54 75 an-

1302 255 109 75 tardic
1428 255 95 75 circle
1547 255 26 75 is
1591 255 59 75 one
1667 255 41 75 of
1727 255 55 75 the
1798 255 91 75 leifer
1905 255 111 75 circles
2034 255 39 75 of
2090 255 55 75 the
2162 255 124 75 fphere,

1302 301 62 75 and
1380 301 114 75 diftant
1511 301 76 75 only
1605 301 127 75 23째30
1732 283 9 49 /
1766 301 85 75 from
1873 301 56 75 the
1953 301 93 75 fouth
2071 301 85 75 pole,
2181 301 107 75 which

1302 349 25 75 is
1345 349 138 75 likewife
1500 349 104 75 called
1621 349 151 75 antardic
1795 349 51 75 for
1863 349 55 75 the
1934 349 84 75 fame
2034 349 123 75 reafon.

1255 396 245 75 ANTARES,
1528 396 18 75 a
1573 396 62 75 ftar
1663 396 41 75 of
1725 396 56 75 the
1809 396 65 75 firft
1898 396 197 75 magnitude,
2117 396 172 75 .otherwile

1303 441 101 75 called
1421 441 242 75 thefcorpion's
1685 441 106 75 heart.
1842 441 62 75 See
1923 441 213 75 Scorpion.

1254 488 160 75 ANTE',
1439 488 32 75 in
1488 488 163 75 heraldry,
1677 488 131 75 denotes
1825 488 72 75 that
1913 488 56 75 the
1985 488 106 75 pieces
2108 488 53 75 are
2177 488 46 75 let
2240 488 48 75 in-

1302 534 34 75 to
1349 534 60 75 one
1426 534 132 75 another
1574 534 33 75 in
1623 534 75 75 fuch
1714 534 86 75 form
1816 534 34 75 as
1867 534 26 75 is
1911 534 91 75 there
2025 534 187 75 exprefled;
2239 534 48 75 as,

1302 581 51 75 for
1374 581 150 75 inftance,
1549 581 45 75 by
1610 581 186 75 dove-tails,
1822 581 133 75 rounds,
1979 581 246 75 fwallow-tails,
2250 581 39 75 of

1301 628 55 75 the
1371 628 78 75 like.

1254 675 455 75 ANTEAMBULONES,
1732 675 34 75 in
1792 675 128 75 Roman
1948 675 173 75 antiquity,
2146 675 142 75 fervar.ts

1302 721 74 75 who
1392 721 86 75 went
1494 721 111 75 before
1632 721 129 75 perfons
1790 721 40 75 of
1853 721 176 75 diftindion
2058 721 35 75 to
2120 721 86 75 clear
2234 721 54 75 the

1303 768 72 75 way
1389 768 111 75 before
1517 768 101 75 them.
1669 768 97 75 They
1782 768 77 75 ufed
1876 768 63 75 this
1957 768 151 75 formula.
2134 768 92 75 Date
2242 768 46 75 lo-

1303 815 70 75 cum
1399 815 125 75 domino
1544 815 78 75 meo,
1647 815 23 75 i.
1688 815 31 75 e.
1744 815 102 75 Make
1862 815 105 75 room,
1992 815 38 75 or
2047 815 84 75 way,
2156 815 53 75 for
2233 815 56 75 my

1305 861 123 75 mafter.

1255 908 355 75 ANTECEDENT,
1635 908 32 75 in
1692 908 141 75 general,
1858 908 178 75 fomething
2052 908 71 75 that
2139 908 77 75 goes
2232 908 56 75 be-

1304 954 69 75 fore
1390 954 146 75 another,
1561 954 104 75 either
1683 954 33 75 in
1733 954 95 75 order
1844 954 41 75 of
1896 954 77 75 time
1988 954 37 75 or
2043 954 104 75 place.

1257 1001 282 75 Antecedent,
1564 1001 32 75 in
1612 1001 172 75 grammar,
1810 1001 58 75 the
1885 1001 91 75 word
1996 1001 35 75 to
2050 1001 103 75 which
2170 1001 19 75 a
2205 1001 82 75 rela-

1304 1047 64 75 tive
1384 1047 115 75 refers.

1257 1094 281 75 Antecedent,
1564 1094 32 75 in
1613 1094 97 75 logic,
1735 1094 27 75 is
1780 1094 55 75 the
1862 1094 65 75 firft:
1943 1094 40 75 of
1995 1094 55 75 the
2066 1094 66 75 two
2149 1094 139 75 propofi-

1305 1141 83 75 tions
1408 1141 33 75 in
1459 1141 39 75 an
1515 1141 216 75 eqthymema.

1258 1187 283 75 Antecedent,
1575 1187 31 75 in
1639 1187 234 75 mathematics,
1914 1187 27 75 is
1973 1187 56 75 the
2061 1187 64 75 firft
2156 1187 42 75 of
2224 1187 66 75 two

1304 1234 98 75 terms
1423 1234 42 75 of
1475 1234 19 75 a
1510 1234 94 75 ratio,
1637 1234 38 75 or
1698 1234 71 75 that
1786 1234 106 75 which
1908 1234 27 75 is
1952 1234 172 75 compared
2138 1234 80 75 with
2235 1234 55 75 the

1305 1281 105 75 other.

1256 1327 270 75 Antecedent

1666 1327 32 75 in
1719 1327 169 75 medicine,
1913 1327 77 75 fuch
2006 1327 34 75 as
2061 1327 54 75 are
2136 1327 155 75 obfervei

1306 1374 110 75 before
1433 1374 18 75 a
1467 1374 168 75 diftemper
1651 1374 27 75 is
1700 1374 34 75 fo
1751 1374 128 75 formed
1893 1374 36 75 as
1953 1374 36 75 to
2011 1374 42 75 be
2071 1374 162 75 reducible
2255 1374 36 75 to

1304 1419 62 75 any
1383 1419 172 75 particular
1574 1419 92 75 clafs.

1256 1467 384 75 ANTECEDENCE,
1666 1467 31 75 in
1715 1467 192 75 aftronomy,
1933 1467 40 75 an
1998 1467 153 75 apparent
2168 1467 123 75 motion

1304 1513 40 75 of
1355 1513 18 75 a
1388 1513 107 75 planet
1512 1513 140 75 towards
1669 1513 55 75 the
1741 1513 86 75 weft,
1853 1513 37 75 or
1906 1513 151 75 contrary
2074 1513 35 75 to
2125 1513 55 75 the
2194 1513 96 75 order

1304 1560 40 75 of
1354 1560 56 75 the
1427 1560 92 75 figns.

1256 1607 335 75 ANTECESSOR,
1616 1607 61 75 one
1694 1607 70 75 that
1781 1607 76 75 goes
1874 1607 124 75 before.
2047 1607 34 75 It
2096 1607 64 75 was
2179 1607 39 75 an
2235 1607 54 75 ap-

1304 1653 153 75 pellation
1473 1653 93 75 given
1585 1653 34 75 to
1636 1653 90 75 thofe
1750 1653 74 75 who
1847 1653 150 75 excelled
2017 1653 32 75 in
2067 1653 61 75 any
2144 1653 142 75 fcience:

1305 1701 154 75 Juftinian
1475 1701 126 75 applied
1617 1701 27 75 it
1659 1701 207 75 particularly
1893 1701 35 75 to
1955 1701 170 75 profeflbrs
2152 1701 41 75 of
2215 1701 75 75 civil

1302 1746 84 75 law;
1414 1746 73 75 and,
1513 1746 32 75 in
1562 1746 55 75 the
1638 1746 193 75 univerfities
1849 1746 41 75 of
1912 1746 135 75 France,
2072 1746 56 75 the
2144 1746 146 75 teachers

1303 1791 40 75 of
1360 1791 63 75 law
1440 1791 73 75 take
1537 1791 143 75 the,title
1698 1791 200 75 antecejforcs
1915 1791 32 75 in
1965 1791 41 75 all
2024 1791 85 75 their
2124 1791 117 75 thefes.

1254 1840 406 75 ANTECURSORES,
1685 1840 33 75 in
1742 1840 55 75 the
1814 1840 133 75 Roman
1959 1840 126 75 armies,
2111 1840 18 75 a
2144 1840 94 75 party
2253 1840 42 75 of

1301 1886 94 75 horfe
1410 1886 160 75 detached
1586 1886 122 75 before,
1735 1886 107 75 partly
1857 1886 36 75 to
1908 1886 56 75 get
1981 1886 215 75 intelligence,
2213 1886 77 75 pro-

1302 1934 125 75 vifions,
1455 1934 64 75 <&c.
1546 1934 63 75 and
1626 1934 107 75 partly
1748 1934 35 75 to
1800 1934 94 75 chufe
1911 1934 19 75 a
1946 1934 115 75 proper
2077 1934 91 75 place
2184 1934 34 75 to
2231 1934 56 75 en-

1301 1979 91 75 camp
1414 1979 46 75 in.
1508 1979 109 75 Thefe
1641 1979 85 75 were
1749 1979 169 75 otherwife
1942 1979 105 75 called
2070 1979 215 75 antecejjores,

1301 2026 60 75 and
1379 2026 44 75 by
1443 2026 56 75 the
1515 2026 129 75 Greeks
1655 2026 181 75 prodromi.

1253 2073 289 75 ANTEDATE,
1568 2073 115 75 among
1694 2073 149 75 lawyers,
1862 2073 18 75 a
1896 2073 141 75 fpurious
2054 2073 40 75 of
2106 2073 75 75 falfe
2196 2073 90 75 date,

1301 2118 86 75 prior
1403 2118 35 75 to
1456 2118 54 75 the
1527 2118 71 75 true
1614 2118 74 75 date
1704 2118 41 75 of
1756 2118 19 75 a
1791 2118 97 75 bond,
1914 2118 71 75 bill,
2010 2118 37 75 or
2065 2118 54 75 the
2134 2118 80 75 like.

1252 2166 397 75 ANTEDILUVIAN,
1686 2166 163 75 whatever
1872 2166 123 75 exifted
2021 2166 111 75 before
2159 2166 128 75 Noahs

1300 2211 109 75 flood:
1436 2211 110 75 Thus,
1570 2211 56 75 the
1649 2211 201 75 generations
1878 2211 85 75 from
1991 2211 108 75 Adam
2123 2211 36 75 to
2186 2211 100 75 Noah

1298 2257 52 75 are
1366 2257 104 75 called
1484 2257 56 75 the
1555 2257 259 75 aoitediluvians.
1865 2257 62 75 See
1946 2257 181 75 Deluge.

1251 2305 221 75 ANTEGO,
1497 2305 61 75 one
1575 2305 41 75 of
1626 2305 55 75 the
1698 2305 160 75 Caribbee
1872 2305 128 75 iflands,
2017 2305 31 75 in
2066 2305 55 75 the
2139 2305 146 75 Atlantic

1299 2350 37 75 or
1363 2350 173 75 American
1563 2350 111 75 ocean,
1707 2350 135 75 fituated
1868 2350 33 75 in
1929 2350 63 75 62째
2010 2350 61 75 W.
2097 2350 89 75 long.
2202 2350 5 75 .
2222 2350 63 75 and

1303 2398 38 75 17
1341 2380 24 49 0
1387 2398 55 75 30'
1465 2398 48 75 N.
1530 2398 58 75 lat.
1650 2398 32 75 It
1709 2398 26 75 is
1762 2398 98 75 about
1879 2398 43 75 20
1940 2398 91 75 miles
2055 2398 89 75 long,
2170 2398 63 75 and
2247 2398 36 75 as

1297 2442 94 75 many
1412 2442 112 75 broad.

1241 2493 505 75 ANTEJURAMENTUM,
1773 2493 44 75 by
1841 2493 59 75 our
1927 2493 157 75 anceftors
2101 2493 104 75 called
2219 2493 62 75 ju-

1297 2536 184 75 ramentum
1505 2536 182 75 calumnix,
1712 2536 39 75 an
1773 2536 77 75 oath
1878 2536 106 75 which
2010 2536 160 75 anciently
2201 2536 80 75 both

1295 2582 127 75 accufer
1438 2582 62 75 and
1516 2582 132 75 accufed
1663 2582 83 75 were
1770 2582 35 75 to
1828 2582 75 75 take
1926 2582 112 75 before
2064 2582 62 75 any
2142 2582 75 75 trial
2243 2582 39 75 or

1295 2629 181 75 purgation.

1343 2676 76 75 The
1439 2676 125 75 accufer
1580 2676 63 75 was
1669 2676 34 75 to
1730 2676 99 75 fwear
1845 2676 70 75 that
1932 2676 40 75 he
1990 2676 109 75 would
2115 2676 164 75 prcfecute

1296 2722 55 75 the
1375 2722 164 75 criminal;
1566 2722 62 75 and
1645 2722 55 75 the
1718 2722 131 75 accufed
1872 2722 35 75 to
1931 2722 92 75 make
2048 2722 90 75 oath,
2164 2722 41 75 on
2220 2722 59 75 the

1296 2768 63 75 day
1374 2768 41 75 he
1431 2768 63 75 was
1522 2768 35 75 to
1584 2768 143 75 undergo
1743 2768 55 75 the
1813 2768 122 75 ordeal,
1961 2768 71 75 that
2047 2768 41 75 he
2106 2768 64 75 was
2186 2768 92 75 inno-

1297 2815 70 75 cent
1387 2815 40 75 of
1446 2815 55 75 the
1521 2815 97 75 crime
1641 2815 140 75 charged
1803 2815 117 75 againft
1935 2815 79 75 him.

1248 2864 275 75 ANTELOPE,
1548 2864 31 75 in
1597 2864 153 75 zoology.
1800 2864 61 75 See
1877 2864 146 75 Capra.

1247 2913 359 75 ANTEMURALE,
1630 2913 34 75 in
1680 2913 54 75 the
1752 2913 124 75 ancient
1899 2913 142 75 military
2058 2913 61 75 ar.t,
2144 2913 133 75 denotes

1295 2956 95 75 much
1418 2956 55 75 the
1500 2956 83 75 fame
1608 2956 79 75 with
1712 2956 88 75 what
1823 2956 57 75 the
1904 2956 149 75 moderns
2071 2956 61 75 call
2150 2956 38 75 an
2203 2956 73 75 c짬r-

1294 3003 101 75 work,

1721 3054 20 75 4
1767 3054 35 75 N

2039 3055 3 75 '
2087 3055 188 75 ANTEN-
