2428 3377
147 169 101 75 Part
266 169 50 75 II.

718 169 42 75 A
877 169 43 75 N
1037 169 43 75 A

194 234 79 75 The
290 234 143 75 fuperior
456 234 176 75 extremity
648 234 40 75 of
707 234 78 75 each
809 234 118 75 mufcle
952 234 27 75 is
1004 234 89 75 fixed
1116 234 35 75 to
1175 234 20 75 a

144 282 76 75 part
238 282 40 75 of
297 282 57 75 the
371 282 101 75 lower
484 282 175 75 extremity
675 282 41 75 of
735 282 55 75 the
807 282 149 75 fternum,
981 282 36 75 to
1029 282 56 75 the
1102 282 91 75 three

149 328 108 75 lowed
275 328 71 75 true
365 328 78 75 ribs,
469 328 62 75 and
549 328 34 75 to
600 328 55 75 the
679 328 64 75 firft
768 328 79 75 falfe
875 328 62 75 rib,
962 328 44 75 by
1029 328 56 75 the
1109 328 84 75 fame

150 374 134 75 number
307 374 41 75 of
366 374 201 75 digitations,
592 374 40 75 of
650 374 108 75 which
782 374 73 75 that
878 374 108 75 which
1008 374 28 75 is
1061 374 132 75 fartheft

151 422 87 75 from
254 422 56 75 the
327 422 138 75 ftemum
482 422 27 75 is
526 422 56 75 the
598 422 161 75 broadeft.

197 467 78 75 The
293 467 87 75 body
396 467 40 75 of
457 467 55 75 the
530 467 118 75 mufck
660 467 58 75 lies
735 467 34 75 in
784 467 57 75 the
852 467 128 75 vagina,
1006 467 128 75 formed
1150 467 44 75 by

149 515 57 75 t-He
230 515 199 75 aponeurofis
455 515 40 75 of
514 515 56 75 the
594 515 104 75 broad
718 515 136 75 mufcles
879 515 40 75 of
940 515 56 75 the
1020 515 172 75 abdomen.

150 560 203 75 Exteriorly,
370 560 28 75 it
414 560 26 75 is
458 560 131 75 divided
605 560 70 75 into
691 560 120 75 feveral
827 560 158 75 portions,
1004 560 189 75 refembling

152 607 125 75 diilinft
301 607 133 75 mufcles
459 607 114 75 placed
593 607 162 75 endways,
781 607 45 75 by
848 607 174 75 tranfverfe
1045 607 147 75 tendons,

150 654 125 75 termed
290 654 218 75 enervations,
533 654 108 75 which
665 654 182 75 commonly
864 654 53 75 are
941 654 42 75 all
1008 654 101 75 above
1133 654 57 75 the

151 701 183 75 umbilicus,
358 701 80 75 very
454 701 123 75 feldom
593 701 103 75 below
719 701 39 75 it,
784 701 62 75 and
870 701 78 75 they
965 701 117 75 adhere
1107 701 79 75 very

151 747 84 75 clofe
252 747 35 75 to
304 747 56 75 the
375 747 128 75 vagina.

199 795 77 75 The
292 795 101 75 lower
407 795 176 75 extremity
606 795 40 75 of
666 795 62 75 this
751 795 118 75 mufcle
893 795 26 75 is
937 795 162 75 narrower
1115 795 77 75 than

152 841 57 75 the
225 841 114 75 upper,
363 841 64 75 and
442 841 77 75 ends
535 841 33 75 in
592 841 20 75 a
634 841 71 75 thin
730 841 119 75 tendon
866 841 89 75 fixed
970 841 33 75 in
1020 841 56 75 the
1091 841 100 75 inter-

153 888 52 75 nal
224 888 119 75 labium
360 888 40 75 of
418 888 56 75 the
491 888 100 75 upper
607 888 81 75 edge
704 888 41 75 of
763 888 56 75 the
842 888 36 75 os
904 888 105 75 pubis,
1035 888 76 75 near
1136 888 55 75 the

153 934 185 75 fymphyfis,
364 934 63 75 and
443 934 91 75 there
551 934 24 75 it
593 934 134 75 touches
750 934 55 75 the
829 934 121 75 tendon
966 934 41 75 of
1024 934 56 75 the
1098 934 93 75 other

145 982 125 75 jredus.

225 1083 318 75 MUSCULI
591 1083 522 75 PYRAMIDALES.

201 1164 60 75 At
288 1164 56 75 the
368 1164 101 75 lower
492 1164 72 75 part
588 1164 42 75 of
648 1164 56 75 the
727 1164 58 75 red'
785 1164 30 75 d,
840 1164 49 75 we
906 1164 85 75 meet
1007 1164 183 75 commonly

153 1211 79 75 with
257 1211 67 75 two
339 1211 90 75 fmall
452 1211 148 75 mufcles,
626 1211 105 75 which
749 1211 33 75 at
796 1211 65 75 firft
876 1211 85 75 feem
972 1211 35 75 to
1023 1211 40 75 be
1079 1211 20 75 a
1114 1211 74 75 por-

155 1257 69 75 tion
239 1257 40 75 or
290 1257 161 75 appendix
463 1257 40 75 of
522 1257 55 75 the
594 1257 132 75 former.
775 1257 100 75 They
892 1257 53 75 are
957 1257 115 75 named
1090 1257 98 75 pyra-

155 1304 136 75 midales
308 1304 86 75 from
411 1304 84 75 their
519 1304 123 75 figure;
669 1304 63 75 and
755 1304 44 75 by
821 1304 177 75 Fallopius,
1013 1304 175 75 fuccentu-

156 1350 96 75 riati.

202 1396 48 75 At
273 1396 57 75 the
353 1396 100 75 lower
479 1396 188 75 extremity,
692 1396 79 75 they
796 1396 52 75 are
872 1396 104 75 broad
999 1396 64 75 and
1084 1396 103 75 thick,

154 1443 96 75 being
267 1443 92 75 there
375 1443 89 75 fixed
485 1443 36 75 to
545 1443 55 75 the
625 1443 99 75 upper
752 1443 80 75 edge
856 1443 41 75 of
914 1443 57 75 the
995 1443 65 75 offa
1082 1443 106 75 pubis,

151 1489 222 75 immediately
394 1489 112 75 before
531 1489 56 75 the
604 1489 89 75 redd.
741 1489 100 75 They
856 1489 146 75 decreafe
1017 1489 173 75 gradually

156 1536 29 75 in
211 1536 135 75 breadth
372 1536 64 75 and
460 1536 158 75 thicknefs
644 1536 33 75 as
701 1536 79 75 they
803 1536 126 75 afcend,
954 1536 63 75 and
1033 1536 63 75 end
1111 1536 45 75 by
1170 1536 20 75 a

155 1583 89 75 point
259 1583 34 75 in
310 1583 56 75 the
382 1583 85 75 Imea
481 1583 84 75 alba,
591 1583 19 75 a
620 1583 86 75 little
723 1583 72 75 way
811 1583 106 75 below
932 1583 57 75 the
1005 1583 182 75 umbilicus.

359 1681 622 75 TRANSVERSALES.

201 1766 86 75 The
307 1766 174 75 tranfverfe
498 1766 133 75 mufcles
644 1766 54 75 are
709 1766 112 75 nearly
831 1766 41 75 of
882 1766 56 75 the
954 1766 84 75 fame
1053 1766 135 75 breadth

153 1812 81 75 with
251 1812 55 75 the
323 1812 160 75 obliques.
532 1812 91 75 Each
640 1812 41 75 of
698 1812 88 75 them
802 1812 27 75 is
842 1812 88 75 fixed
944 1812 36 75 to
995 1812 57 75 the
1071 1812 65 75 ribs
1153 1812 33 75 a-

151 1859 106 75 bove.;
292 1859 116 75 below,
435 1859 35 75 to
494 1859 55 75 the
571 1859 37 75 os
633 1859 102 75 ilium,
761 1859 63 75 and
845 1859 209 75 ligamentum
1078 1859 108 75 Fallo-

154 1903 64 75 pii;
245 1903 122 75 before,
394 1903 35 75 to
445 1903 56 75 the
517 1903 84 75 linea
615 1903 94 75 alba;
735 1903 62 75 and
819 1903 131 75 behind,
975 1903 35 75 to
1034 1903 57 75 the
1114 1903 72 75 ver-

153 1952 111 75 tebras.

197 1999 78 75 The
290 1999 101 75 upper
406 1999 72 75 part
502 1999 42 75 of
563 1999 63 75 this
646 1999 118 75 rnufcle
786 1999 28 75 is
838 1999 89 75 fixed
949 1999 34 75 to
1009 1999 56 75 the
1086 1999 102 75 lower

152 2045 72 75 part
238 2045 41 75 of
298 2045 54 75 the
376 2045 92 75 inner
491 2045 124 75 furface
639 2045 40 75 of
699 2045 54 75 the
777 2045 170 75 cartilages
971 2045 41 75 of
1037 2045 56 75 the
1121 2045 66 75 two

153 2091 107 75 lowed
278 2091 71 75 true
363 2091 79 75 ribs,
469 2091 62 75 and
554 2091 40 75 of
612 2091 44 75 all
681 2091 55 75 the
755 2091 61 75 five
832 2091 78 75 falfe
926 2091 78 75 ribs,
1029 2091 44 75 by
1089 2091 97 75 flelhy

149 2138 200 75 digitations,
374 2138 56 75 the
453 2138 94 75 fibres
571 2138 41 75 of
631 2138 106 75 which
763 2138 58 75 run
843 2138 90 75 more
955 2138 37 75 or
1007 2138 61 75 lefs
1084 2138 102 75 tranf-

153 2183 121 75 verftly
303 2183 124 75 tov/ard
448 2183 56 75 the
530 2183 85 75 linea
643 2183 84 75 alba,
764 2183 34 75 at
823 2183 87 75 fome
936 2183 138 75 diftance
1100 2183 87 75 from

153 2230 106 75 which
275 2230 79 75 they
370 2230 132 75 become
519 2230 181 75 tendinous.

200 2276 77 75 The
293 2276 120 75 middle
434 2276 72 75 part
528 2276 27 75 is
579 2276 89 75 fixed
690 2276 36 75 to
748 2276 56 75 the
828 2276 91 75 three
945 2276 64 75 firfl:
1032 2276 154 75 vertebrae

150 2324 44 75 of
211 2324 56 75 the
282 2324 97 75 loins,
404 2324 43 75 by
464 2324 21 75 a
498 2324 118 75 double
638 2324 210 75 aponeurofis,
872 2324 39 75 or
935 2324 65 75 two
1017 2324 169 75 tendinous

149 2370 123 75 planes,
297 2370 60 75 one
381 2370 136 75 internal
544 2370 38 75 or
605 2370 154 75 anterior,
783 2370 56 75 the
863 2370 94 75 other
980 2370 146 75 external
1148 2370 38 75 or

151 2416 165 75 pdfterior.

197 2464 76 75 The
288 2464 133 75 inferior
435 2464 74 75 part
531 2464 42 75 of
593 2464 64 75 this
681 2464 117 75 mufcle
824 2464 26 75 is
867 2464 89 75 fixed
970 2464 46 75 by
1032 2464 38 75 an
1088 2464 96 75 infer-

150 2509 67 75 tion
234 2509 124 75 wholly
372 2509 98 75 fleftiy
486 2509 35 75 to
538 2509 55 75 the
610 2509 133 75 internal
761 2509 120 75 labium
897 2509 40 75 of
955 2509 55 75 the
1027 2509 93 75 crifta
1136 2509 48 75 of-

150 2557 38 75 fis
205 2557 101 75 ilium,
333 2557 62 75 and
411 2557 36 75 to
463 2557 19 75 a
493 2557 90 75 great
599 2557 72 75 part
686 2557 41 75 of
738 2557 56 75 the
809 2557 208 75 ligamentum
1034 2557 150 75 Fallopii.

151 2602 98 75 From
266 2602 115 75 thence
396 2602 95 75 many
507 2602 40 75 of
565 2602 42 75 its
623 2602 93 75 fibres
732 2602 62 75 run
809 2602 140 75 towards
966 2602 55 75 the
1037 2602 85 75 linea
1138 2602 46 75 al-

145 2649 58 75 ia,
229 2649 55 75 the
301 2649 60 75 reft
377 2649 36 75 to
429 2649 57 75 the
502 2649 35 75 os
561 2649 103 75 pubis,
689 2649 43 75 all
750 2649 40 75 of
808 2649 88 75 them
912 2649 168 75 becoming
1095 2649 90 75 more

152 2695 37 75 or
204 2695 62 75 lefs
282 2695 168 75 tendinous
466 2695 112 75 before
594 2695 86 75 their
694 2695 163 75 infertion.

207 2809 119 75 USES
360 2809 44 75 of
442 2809 75 75 the
552 2809 300 75 ABDOMINAL
883 2809 241 75 MUSCLES.

197 2887 77 75 The
291 2887 148 75 common
455 2887 69 75 ufes
542 2887 65 75 are,
626 2887 36 75 to
678 2887 114 75 fuftain
808 2887 56 75 the
875 2887 120 75 vifcera
1006 2887 40 75 of
1057 2887 56 75 the
1129 2887 55 75 ab-

151 2933 129 75 domen,
305 2933 62 75 and
384 2933 35 75 to
434 2933 265 75 counterbalance
717 2933 55 75 the
796 2933 164 75 perpetual
986 2933 139 75 motions
1150 2933 42 75 of

144 2980 158 75 ordinary
324 2980 199 75 refpiration,
545 2980 62 75 and
622 2980 136 75 thereby
780 2980 111 75 gently
908 2980 62 75 and
984 2980 203 75 continually

151 3029 35 75 to
195 3029 57 75 *<51
269 3029 42 75 on
327 3029 55 75 the
397 3029 142 75 vifcera;
564 3029 107 75 which
695 3029 105 75 aftion
823 3029 73 75 may
921 3029 39 75 be
984 3029 160 75 reckoned
1166 3029 19 75 a

198 3074 100 75 Vol.
324 3074 31 75 I.
404 3074 72 75 No.
503 3074 35 75 9.

1070 3074 17 75 3

1218 159 18 75 r
1353 159 41 75 O
1512 159 49 75 M
1676 159 55 75 Y.

2200 159 74 75 193

1242 224 66 75 fort
1324 224 39 75 of
1382 224 197 75 trituration,
1604 224 41 75 of
1664 224 91 75 great
1765 224 196 75 importance
1978 224 36 75 to
2030 224 55 75 the
2103 224 114 75 animal
2234 224 47 75 ce-

1241 271 149 75 conomy.
1439 271 99 75 They
1550 271 158 75 Comprefs
1725 271 55 75 the
1798 271 168 75 abdomen,
1991 271 33 75 in
2041 271 96 75 order
2149 271 35 75 to
2195 271 86 75 clear

1241 316 25 75 it
1283 316 40 75 of
1342 316 89 75 what
1445 316 103 75 ought
1565 316 35 75 to
1617 316 68 75 pafs
1705 316 53 75 off
1773 316 45 75 by
1841 316 56 75 tbe
1922 316 126 75 natural
2073 316 142 75 outlets;
2244 316 36 75 to

1242 364 116 75 relieve
1374 364 56 75 the
1449 364 166 75 ftojnach,.
1630 364 43 75 by
1690 364 167 75 vomiting,
1883 364 84 75 from
1990 364 164 75 whatever
2177 364 104 75 might

1241 411 40 75 be
1297 411 125 75 hurtful
1439 411 36 75 to
1491 411 48 75 it;
1566 411 75 75 and,
1666 411 105 75 laftly,
1797 411 35 75 to
1857 411 91 75 drive
1970 411 69 75 out,
2064 411 45 75 by
2125 411 19 75 a
2159 411 122 75 violent

1242 457 192 75 expiration,
1452 457 161 75 whatever
1629 457 73 75 may
1714 457 202 75 incommode
1932 457 60 75 the
2004 457 116 75 organs
2136 457 143 75 contain-

1242 504 40 75 ed
1299 504 31 75 in
1347 504 55 75 the
1420 504 131 75 thorax.

1288 551 77 75 The
1390 551 132 75 mufculi
1548 551 76 75 refli
1646 551 88 75 ferve
1757 551 36 75 to
1815 551 131 75 fupport
1970 551 56 75 the
2044 551 97 75 trunk
2164 551 40 75 of
2223 551 55 75 the

1242 596 86 75 body
1344 596 93 75 when
1453 596 138 75 inclined
1607 596 183 75 backward,
1818 596 62 75 and
1905 596 34 75 to
1965 596 85 75 bend
2073 596 38 75 or
2134 596 93 75 bring
2249 596 28 75 it

1241 643 141 75 forward
1398 643 112 75 again;
1537 643 34 75 to
1597 643 79 75 raife
1701 643 57 75 the
1781 643 87 75 body
1883 643 43 75 up
1946 643 94 75 when
2063 643 88 75 lying
2163 643 10 75 ;
2201 643 75 75 and,

1240 690 105 75 laftly,
1371 690 35 75 to
1423 690 109 75 climb.

1287 737 78 75 The
1388 737 212 75 pyramidales
1617 737 82 75 feem
1722 737 76 75 only
1822 737 36 75 to
1875 737 76 75 aflift
1970 737 56 75 the
2043 737 102 75 adtion
2162 737 41 75 of
2221 737 57 75 the

1241 784 97 75 refti;
1365 784 136 75 though,
1527 784 94 75 when
1645 784 48 75 we
1715 784 142 75 confider
1884 784 57 75 the
1965 784 131 75 oblique
2121 784 156 75 direflion

1241 831 40 75 of
1298 831 86 75 their
1400 831 97 75 fibres
1515 831 126 75 toward
1659 831 55 75 the
1730 831 83 75 liftea
1829 831 83 75 alba,
1939 831 90 75 there
2046 831 73 75 may
2135 831 40 75 be
2190 831 88 75 fome

1242 877 109 75 reafon
1367 877 35 75 to
1418 877 95 75 think
1528 877 71 75 that
1611 877 76 75 they
1704 877 157 75 comprefs
1873 877 57 75 the
1946 877 146 75 bladder,
2109 877 168 75 efpecially

1240 923 92 75 when
1350 923 78 75 very
1443 923 59 75 full
1511 923 44 75 of
1574 923 102 75 urine.

1286 971 78 75 The
1380 971 222 75 tranfverfales
1620 971 81 75 feem
1718 971 36 75 to
1770 971 81 75 have
1868 971 42 75 no
1925 971 95 75 other
2038 971 55 75 ufe
2112 971 74 75 than
2205 971 71 75 that

1239 1018 40 75 of
1298 1018 131 75 bracing
1444 1018 39 75 or
1497 1018 128 75 girding
1642 1018 56 75 the
1718 1018 156 75 abdomen
1890 1018 33 75 in
1935 1018 149 75 different
2100 1018 147 75 degrees.

1237 1160 161 75 Sect.
1429 1160 65 75 III.
1550 1160 80 75 The
1663 1160 221 75 Muscles
1913 1160 133 75 which
2081 1160 100 75 move
2209 1160 65 75 the

1316 1217 118 75 Bones
1465 1217 48 75 of
1533 1217 66 75 the
1627 1217 187 75 Shoulder
1839 1217 94 75 upon
1963 1217 68 75 the
2055 1217 135 75 Trunk,

1542 1317 414 75 TRAPEZIUS.

1284 1395 84 75 The
1395 1395 161 75 trapezius
1580 1395 27 75 is
1632 1395 18 75 a
1678 1395 100 75 large,
1804 1395 112 75 broad,
1942 1395 83 75 thin,
2050 1395 99 75 fleftiy
2163 1395 105 75 plane,

1236 1441 135 75 fifuated
1382 1441 143 75 between
1543 1441 56 75 the
1611 1441 128 75 occiput
1759 1441 63 75 and
1837 1441 100 75 lower
1956 1441 71 75 part
2045 1441 41 75 of
2104 1441 56 75 the
2176 1441 94 75 back,

1238 1488 62 75 and
1317 1488 84 75 from
1420 1488 116 75 thence
1553 1488 175 75 extending
1745 1488 35 75 to
1797 1488 56 75 the
1869 1488 161 75 Ihoulder,
2053 1488 33 75 in
2100 1488 56 75 the
2173 1488 100 75 figure

1237 1534 39 75 of
1289 1534 18 75 a
1323 1534 87 75 large
1421 1534 158 75 irregular
1594 1534 126 75 fquare.
1762 1534 98 75 From
1876 1534 65 75 this
1957 1534 101 75 figure
2074 1534 55 75 the
2145 1534 128 75 ancient

1236 1582 129 75 Greeks
1389 1582 81 75 took
1491 1582 41 75 its
1549 1582 104 75 name,
1680 1582 73 75 and,
1780 1582 146 75 together
1944 1582 77 75 with
2038 1582 57 75 the
2111 1582 160 75 trapezius

1239 1628 40 75 of
1297 1628 56 75 the
1369 1628 94 75 other
1475 1628 79 75 fide,
1579 1628 26 75 it
1618 1628 99 75 forms
1734 1628 19 75 a
1767 1628 79 75 kind
1862 1628 40 75 of
1921 1628 147 75 lozenge.

1283 1675 128 75 Above,
1436 1675 26 75 it
1484 1675 26 75 is
1535 1675 89 75 fixed
1646 1675 33 75 in
1702 1675 55 75 the
1780 1675 142 75 fuperior
1946 1675 174 75 tranfverfe
2143 1675 65 75 line
2234 1675 42 75 of

1236 1721 56 75 the
1315 1721 36 75 os
1368 1721 158 75 occipitis,
1551 1721 45 75 by
1612 1721 18 75 a
1646 1721 70 75 thin
1738 1721 100 75 feries'
1856 1721 40 75 of
1914 1721 97 75 fleftiy
2026 1721 107 75 fibres,
2159 1721 110 75 reach-

1235 1768 55 75 ing
1306 1768 35 75 to
1358 1768 55 75 the
1438 1768 157 75 mufculus
1620 1768 192 75 occipitalis,,
1836 1768 63 75 and
1920 1768 171 75 appearing
2115 1768 35 75 to
2175 1768 95 75 cover

1234 1814 71 75 that
1321 1814 118 75 mufcle
1455 1814 44 75 by
1515 1814 18 75 a
1548 1814 80 75 kind
1643 1814 40 75 of
1702 1814 212 75 aponeurofis.
1962 1814 141 75 Behind,
2128 1814 25 75 it
2168 1814 27 75 is
2206 1814 62 75 fix-

1235 1861 40 75 ed
1291 1861 37 75 to
1342 1861 57 75 the
1420 1861 62 75 five
1497 1861 144 75 fuperior
1662 1861 99 75 fpinal
1778 1861 176 75 apophyfes
1975 1861 41 75 of
2035 1861 56 75 the
2107 1861 93 75 neck,
2225 1861 45 75 by

1233 1908 107 75 means
1358 1908 41 75 of
1409 1908 56 75 the
1481 1908 153 75 pofterior
1650 1908 136 75 cervical
1801 1908 166 75 ligament,
1991 1908 65 75 and
2070 1908 198 75 immediate-

1233 1955 35 75 ly
1290 1955 35 75 to
1342 1955 56 75 the
1420 1955 255 75 extremities-of
1693 1955 56 75 the
1772 1955 66 75 two
1854 1955 109 75 loweft
1978 1955 100 75 fpinal
2094 1955 174 75 apophyfes

1235 2001 39 75 of
1294 2001 56 75 the
1362 2001 93 75 neck,
1482 2001 62 75 and
1557 2001 39 75 of
1615 2001 44 75 all
1676 2001 90 75 thofe
1778 2001 41 75 of
1836 2001 56 75 the
1907 2001 93 75 back.

1280 2049 84 75 This
1378 2049 117 75 mufcle
1507 2049 111 75 covers
1635 2049 215 75 immediately
1866 2049 56 75 the
1933 2049 137 75 fplenius
2087 2049 37 75 or
2140 2049 127 75 maftoi-

1233 2095 86 75 daeus
1335 2095 153 75 fuperior,
1513 2095 71 75 part
1596 2095 41 75 of
1655 2095 56 75 the
1727 2095 186 75 complexus
1926 2095 114 75 major,
2065 2095 56 75 the
2137 2095 129 75 angula-

1234 2141 298 75 ris,-rhomboides,
1557 2141 64 75 and
1637 2141 73 75 part
1726 2141 40 75 of
1785 2141 56 75 the
1857 2141 160 75 latiflimus
2029 2141 96 75 dorfi.

1500 2245 237 75 RHOMB
1756 2245 66 75 01
1841 2245 138 75 DES.

1279 2325 101 75 This
1404 2325 118 75 mufcle
1537 2325 27 75 is
1588 2325 19 75 a
1626 2325 83 75 thin,
1733 2325 115 75 broad,
1875 2325 63 75 and
1961 2325 167 75 obliquely
2151 2325 115 75 fquare

1232 2372 96 75 fleftiy
1343 2372 105 75 plane,
1472 2372 135 75 fituated
1622 2372 144 75 between
1783 2372 54 75 the
1853 2372 78 75 bafis
1943 2372 40 75 of
1995 2372 55 75 the
2062 2372 125 75 fcapula
2202 2372 64 75 and

1232 2418 56 75 the
1303 2418 89 75 fpina
1405 2418 84 75 dorfi
1501 2418 11 75 ;
1538 2418 63 75 and
1616 2418 26 75 it
1654 2418 29 75 is
1697 2418 86 75 from
1806 2418 41 75 its
1863 2418 101 75 figure
1980 2418 114 75 that-it
2110 2418 57 75 has
2184 2418 81 75 been

1233 2463 123 75 termed
1372 2463 205 75 rhomboides.

1281 2511 32 75 It
1326 2511 74 75 may
1410 2511 41 75 be
1467 2511 132 75 divided
1614 2511 68 75 into
1697 2511 66 75 two
1774 2511 159 75 portions,
1959 2511 61 75 one
2036 2511 153 75 fuperior,
2207 2511 58 75 the

1233 2557 93 75 other
1340 2557 147 75 inferior,
1512 2557 105 75 which
1643 2557 180 75 fometimes
1846 2557 116 75 appear
1984 2557 154 75 feparate.
2185 2557 79 75 The

1233 2602 141 75 fuperior
1389 2602 126 75 portion
1532 2602 27 75 is
1582 2602 99 75 fixed,
1707 2602 43 75 by
1773 2602 39 75 an
1836 2602 149 75 infertion
2009 2602 121 75 wholly
2152 2602 110 75 flefhy,

1232 2649 32 75 in
1277 2649 56 75 the
1349 2649 66 75 two
1432 2649 36 75 or
1484 2649 91 75 three
1596 2649 109 75 loweft
1720 2649 98 75 fpinal
1835 2649 174 75 apophyfes
2031 2649 40 75 of
2089 2649 56 75 the
2168 2649 93 75 neck,

1233 2696 62 75 and
1310 2696 107 75 partly
1433 2696 32 75 in
1482 2696 55 75 the
1553 2696 152 75 pofterior
1720 2696 135 75 cervical
1871 2696 165 75 ligament.
2084 2696 77 75 The
2181 2696 82 75 infe-

1232 2742 67 75 rior
1314 2742 131 75 portion
1458 2742 26 75 is
1502 2742 98 75 fixed,
1625 2742 46 75 by
1683 2742 22 75 a
1720 2742 168 75 tendinous
1911 2742 105 75 plane,
2041 2742 33 75 in
2098 2742 56 75 the
2170 2742 93 75 three

1233 2788 38 75 or
1286 2788 74 75 four
1370 2788 180 75 uppermoft
1565 2788 99 75 fpinal
1681 2788 173 75 apophyfes
1866 2788 40 75 of
1926 2788 54 75 the
1996 2788 96 75 back.

1279 2836 108 75 Thefe
1404 2836 65 75 two
1483 2836 159 75 portions,
1668 2836 40 75 of
1726 2836 105 75 which
1849 2836 55 75 the
1920 2836 133 75 inferior
2068 2836 26 75 is
2111 2836 44 75 by
2166 2836 96 75 much

1233 2883 55 75 the
1302 2883 158 75 broadeft,
1485 2883 95 75 being
1603 2883 121 75 united,
1750 2883 53 75 are
1827 2883 139 75 inferred
1987 2883 33 75 in
2044 2883 55 75 the
2123 2883 79 75 edge
2226 2883 41 75 of

1233 2930 55 75 the
1304 2930 79 75 bafis
1401 2930 145 75 fcapulae,
1571 2930 84 75 from
1672 2930 55 75 the
1743 2930 90 75 fmall
1856 2930 177 75 triangular
2048 2930 91 75 fpace
2155 2930 35 75 to
2206 2930 56 75 the

1232 2976 131 75 inferior
1375 2976 104 75 angle,
1504 2976 56 75 the
1576 2976 141 75 fuperior
1733 2976 129 75 portion
1878 2976 150 75 covering
2043 2976 20 75 a
2079 2976 89 75 fmall
2188 2976 73 75 part

1233 3023 40 75 of
1291 3023 55 75 the
1363 3023 149 75 infertion
1525 3023 40 75 of
1583 3023 56 75 the
1655 3023 171 75 angularis.

2176 3071 86 75 This
