2428 3377
140 135 99 75 part
260 135 45 75 IT.

679 135 41 75 A
837 135 44 75 N
954 135 4 75 .
996 135 40 75 A
1153 135 38 75 T

184 197 78 75 The
283 197 85 75 teres
391 197 106 75 miner
520 197 75 75 may
617 197 74 75 turn
718 197 53 75 Jie
791 197 68 75 arm
885 197 93 75 when
1007 197 163 75 deprefled
1186 197 8 75 .

137 243 103 75 round
266 243 42 75 its
337 243 84 75 axis,
446 243 84 75 from
560 243 110 75 before
698 243 168 75 outward;
909 243 33 75 as
974 243 26 75 it
1026 243 140 75 happens

138 290 94 75 when
248 290 56 75 the
319 290 168 75 fore-arm,
514 290 94 75 being
633 290 75 75 bent
729 290 62 75 and
807 290 127 75 applied
950 290 35 75 to
1001 290 56 75 the
1069 290 99 75 lower

134 335 75 75 part
226 335 40 75 of
278 335 55 75 the
353 335 113 75 bread,
484 335 26 75 is
528 335 151 75 removed
693 335 86 75 from
795 335 124 75 thence,
944 335 137 75 without
1099 335 68 75 mo-

137 382 77 75 ving
235 382 57 75 the
309 382 106 75 elbow
430 382 87 75 from
536 382 55 75 the
607 382 77 75 fide.

137 506 172 75 Sect.
339 506 51 75 V.
450 506 79 75 The
557 506 219 75 Muscles
794 506 147 75 which
971 506 100 75 move
1103 506 67 75 the

208 563 118 75 Bones
341 563 48 75 of
398 563 69 75 th&.
483 563 193 75 Fore-arm
695 563 44 75 on
756 563 65 75 the
842 563 54 75 Os
917 563 173 75 Humeri.

217 661 198 75 BICEPS
428 661 77 75 five
528 661 115 75 COR
654 661 161 75 ACO-R
825 661 102 75 ADI
937 661 145 75 ALIS.

185 727 60 75 Th
255 727 11 75 i
276 727 14 75 s
308 727 28 75 is
359 727 18 75 a
394 727 119 75 double
530 727 117 75 mufcle
664 727 92 75 made
779 727 42 75 up
845 727 42 75 of
901 727 66 75 two
981 727 79 75 long
1075 727 96 75 fleftiy

138 775 123 75 bodies,
286 775 91 75 more
392 775 38 75 or
446 775 59 75 lefs
522 775 117 75 round,
663 775 90 75 lying
768 775 44 75 by
828 775 55 75 the
900 775 64 75 fide
980 775 41 75 of
1031 775 78 75 each
1133 775 37 75 o-

139 820 83 75 ther,
248 820 42 75 on
306 820 55 75 the
378 820 121 75 middle
522 820 142 75 anterior
689 820 83 75 part,
797 820 65 75 and
889 820 19 75 a
931 820 85 75 little
1044 820 126 75 toward

139 867 55 75 the
217 867 96 75 infide
336 867 40 75 of
388 867 56 75 the
461 867 81 75 arm.
589 867 110 75 Thefe
717 867 65 75 two
800 867 110 75 bodies
927 867 55 75 are
1004 867 168 75 feparated

138 913 112 75 above,
275 913 78 75 each
369 913 41 75 of
422 913 89 75 them
527 913 117 75 endihg
660 913 33 75 in
709 913 19 75 a
743 913 89 75 fmail
845 913 134 75 tendon.
1029 913 50 75 As
1093 913 79 75 they

138 960 60 75 run
214 960 94 75 down
324 960 79 75 they
417 960 132 75 become
565 960 203 75 contiguous,
786 960 63 75 and
866 960 189 75 afterwards
1071 960 100 75 clofe-

144 1006 34 75 ly
194 1006 111 75 united
319 1006 45 75 by
381 1006 60 75 one
454 1006 147 75 common
616 1006 103 75 broad
733 1006 132 75 tendon.

188 1051 31 75 It
235 1051 27 75 is
279 1051 90 75 fixed
384 1051 43 75 by
438 1051 62 75 one
516 1051 40 75 of
566 1051 56 75 the
633 1051 141 75 fuperior
790 1051 149 75 tendons,
961 1051 35 75 in
1012 1051 55 75 the
1087 1051 85 75 apex

141 1099 41 75 of
193 1099 55 75 the
264 1099 150 75 coracoid
430 1099 164 75 apophyfis
611 1099 40 75 of
663 1099 54 75 the
733 1099 138 75 fcapula.

185 1146 76 75 The
277 1146 95 75 other
387 1146 141 75 fuperior
548 1146 121 75 tendon
686 1146 26 75 is
728 1146 128 75 fmaller
872 1146 61 75 and
958 1146 112 75 longer
1091 1146 28 75 tl
1130 1146 40 75 an

138 1192 55 75 the
209 1192 134 75 former,
367 1192 63 75 and
445 1192 56 75 the
522 1192 96 75 flefhy
633 1192 88 75 body
738 1192 171 75 belonging
937 1192 35 75 to
996 1192 26 75 it
1047 1192 123 75 ihorter

140 1238 62 75 and
219 1238 88 75 more
327 1238 235 75 compounded.
618 1238 86 75 This
727 1238 119 75 tendon
864 1238 27 75 is
908 1238 120 75 lodged
1057 1238 31 75 in
1114 1238 56 75 the

139 1285 86 75 bony
240 1285 133 75 channel
396 1285 40 75 of
458 1285 55 75 the
537 1285 37 75 os
602 1285 139 75 humeri,
766 1285 95 75 being
878 1285 196 75 furrounded
1090 1285 45 75 by
1150 1285 21 75 a

141 1331 219 75 membranous
387 1331 116 75 vagina
528 1331 173 75 continued
726 1331 88 75 from
843 1331 56 75 the
924 1331 143 75 capfular
1091 1331 79 75 liga-

139 1376 102 75 ment,
266 1376 64 75 and
351 1376 117 75 ending
485 1376 33 75 at
535 1376 56 75 the
608 1376 95 75 fiefliy
719 1376 88 75 body
818 1376 106 75 where
939 1376 27 75 it
983 1376 25 75 is
1032 1376 139 75 entirely

140 1422 120 75 clofed.

428 1517 8 75 '
436 1517 28 75 B
485 1517 33 75 R
535 1517 34 75 A
580 1517 38 75 D
631 1517 36 75 H
683 1517 18 75 I
719 1517 45 75 JE
780 1517 35 75 U
834 1517 37 75 S.

188 1591 99 75 This
318 1591 25 75 is
373 1591 40 75 an
440 1591 130 75 oblong,
596 1591 101 75 thick,
722 1591 63 75 and
808 1591 101 75 broad
924 1591 129 75 mufcle,
1078 1591 92 75 lying

143 1637 218 75 immediately
377 1637 41 75 on
436 1637 55 75 the
508 1637 138 75 anterior
663 1637 71 75 part
746 1637 41 75 of
797 1637 56 75 the
869 1637 99 75 lower
984 1637 73 75 half
1062 1637 41 75 of
1115 1637 55 75 the

138 1684 40 75 os
194 1684 138 75 humeri.
379 1684 78 75 The
474 1684 100 75 upper
591 1684 71 75 part
685 1684 40 75 of
747 1684 27 75 it
797 1684 39 75 is-
847 1684 116 75 forked
987 1684 38 75 or
1049 1684 119 75 doped,

145 1731 65 75 and
233 1731 33 75 at
283 1731 54 75 the
353 1731 140 75 bending
508 1731 41 75 of
559 1731 55 75 the
627 1731 86 75 joint
730 1731 40 75 of
787 1731 57 75 the
860 1731 107 75 elbow
991 1731 55 75 the
1069 1731 101 75 lower

147 1777 71 75 part
236 1777 172 75 contracts.

190 1824 31 75 It
237 1824 26 75 is
281 1824 87 75 fixed
391 1824 36 75 to
443 1824 56 75 the
515 1824 122 75 furface
652 1824 42 75 of
711 1824 56 75 the
784 1824 35 75 os
837 1824 124 75 humeri
977 1824 46 75 by
1037 1824 20 75 a
1079 1824 91 75 great

142 1870 134 75 number
291 1870 41 75 of
353 1870 95 75 flefhy
469 1870 105 75 fibres,
599 1870 86 75 from
700 1870 56 75 the
773 1870 100 75 lower
888 1870 150 75 infertion
1056 1870 37 75 of
1115 1870 54 75 the

142 1917 168 75 deltoides,
335 1917 110 75 almoft
461 1917 95 75 down
576 1917 34 75 to
625 1917 57 75 the
695 1917 65 75 two
773 1917 83 75 fofii-e
875 1917 32 75 at
924 1917 55 75 the
991 1917 100 75 lower
1106 1917 60 75 ex-

139 1964 132 75 tremity
293 1964 40 75 of
350 1964 56 75 the
422 1964 96 75 bone,
544 1964 64 75 and
631 1964 84 75 from
732 1964 60 75 one
809 1964 82 75 edge
907 1964 40 75 of
959 1964 55 75 the
1030 1964 137 75 forefide

140 2011 41 75 of
197 2011 64 75 this
278 2011 100 75 lower
394 2011 174 75 extremity
595 2011 36 75 to
656 2011 56 75 the
740 2011 108 75 other:
895 2011 78 75 The
997 2011 96 75 fibres
1116 2011 54 75 are

145 2056 52 75 for
214 2056 55 75 the
286 2056 78 75 moft
381 2056 72 75 part
469 2056 226 75 longitudinal,
720 2056 89 75 thofe
833 2056 120 75 neareft
974 2056 56 75 the
1046 2056 126 75 furface

141 2103 41 75 of
192 2103 55 75 the
266 2103 117 75 mufcle
395 2103 99 75 being
511 2103 132 75 longeft,
669 2103 57 75 the
754 2103 89 75 more
866 2103 137 75 internal
1026 2103 145 75 growing

142 2149 167 75 gradually
326 2149 135 75 fhorter.

322 2253 388 75 ANCONEUS
750 2253 242 75 MAJOR.

188 2330 145 75 ThisJs
351 2330 18 75 a
385 2330 77 75 long
478 2330 98 75 flefhy
591 2330 119 75 mufcle
727 2330 90 75 lying
833 2330 42 75 on
891 2330 56 75 the
961 2330 150 75 backfide
1135 2330 41 75 of

143 2378 57 75 the
218 2378 36 75 ps
272 2378 136 75 humeri.

190 2423 32 75 It
238 2423 27 75 is
281 2423 88 75 fixed
385 2423 100 75 above
501 2423 44 75 by
568 2423 18 75 a
602 2423 85 75 fhort
703 2423 119 75 tendon
839 2423 34 75 to
889 2423 55 75 the
960 2423 133 75 inferior
1110 2423 59 75 im-

143 2470 130 75 preflion
296 2470 32 75 in
346 2470 54 75 the
423 2470 81 75 neck
521 2470 39 75 of
579 2470 54 75 the
650 2470 138 75 fcapula,
815 2470 63 75 and
894 2470 35 75 to
954 2470 17 75 a
990 2470 88 75 fmall
1096 2470 72 75 part

143 2517 41 75 of
196 2517 55 75 the
267 2517 133 75 inferior
425 2517 83 75 cofta
531 2517 40 75 of
582 2517 70 75 that
668 2517 94 75 bone.
812 2517 98 75 From
927 2517 114 75 thence
1058 2517 111 75 it-paf-

144 2563 46 75 fes
214 2563 144 75 between
375 2563 55 75 the
449 2563 212 75 extremities.
670 2563 39 75 of
727 2563 55 75 the
800 2563 226 75 fubfcapularis
1041 2563 61 75 and
1121 2563 46 75 te-

144 2609 51 75 res
212 2609 115 75 minor,
353 2609 74 75 and,
450 2609 119 75 having
585 2609 134 75 reached
732 2609 56 75 the
805 2609 146 75 backfiue
967 2609 41 75 of
1019 2609 54 75 the
1089 2609 80 75 low-

144 2655 35 75 er
195 2655 177 75 extremity
400 2655 39 75 of
462 2655 54 75 the
543 2655 37 75 os
596 2655 137 75 humeri,
758 2655 25 75 it
812 2655 78 75 ends
918 2655 168 75 obliquely
1101 2655 32 75 in
1152 2655 18 75 a

145 2702 105 75 flrong
266 2702 101 75 broad
386 2702 131 75 tendon,
542 2702 118 75 which,
678 2702 155 75 adhering
847 2702 118 75 clofely
980 2702 31 75 in
1029 2702 55 75 the
1097 2702 72 75 cap-

144 2747 83 75 fular
243 2747 164 75 ligament,
432 2747 27 75 is
485 2747 191 75 afterwards
704 2747 87 75 fixed
807 2747 44 75 by
867 2747 18 75 a
900 2747 103 75 broad
1018 2747 153 75 infertion

145 2795 33 75 in
186 2795 55 75 the
253 2795 104 75 rough
369 2795 174 75 tuberofity
554 2795 42 75 on
610 2795 55 75 the
675 2795 99 75 upper
785 2795 62 75 fide
860 2795 40 75 of
907 2795 54 75 the
973 2795 195 75 olecranum.

287 2901 214 75 ANCON
512 2901 129 75 ASUS
677 2901 258 75 EXTERN
948 2901 87 75 US.

191 2968 102 75 This
318 2968 26 75 is
362 2968 18 75 a
393 2968 77 75 long
486 2968 116 75 mufcle
617 2968 90 75 lying
723 2968 41 75 on
788 2968 55 75 the
858 2968 93 75 outer
967 2968 72 75 part
1055 2968 41 75 of
1111 2968 56 75 the

240 3014 96 75 Vol.
353 3014 30 75 I.
409 3014 70 75 No.
499 3014 33 75 9.

1099 3014 16 75 3

1311 131 38 75 O
1468 131 49 75 M
1633 131 53 75 Y.

2172 131 76 75 19-7

1225 190 147 75 backfide
1384 190 43 75 of
1437 190 56 75 the
1509 190 36 75 os
1561 190 138 75 humeri,
1717 190 85 75 from
1817 190 42 75 its
1878 190 81 75 neck
1976 190 35 75 to
2028 190 54 75 the
2102 190 147 75 external

1220 237 149 75 condyle.

1265 284 32 75 It
1312 284 27 75 is
1363 284 89 75 fixed
1473 284 101 75 above
1592 284 33 75 in
1641 284 56 75 the
1716 284 79 75 neck
1811 284 41 75 of
1870 284 56 75 the
1942 284 36 75 os
1995 284 123 75 humeri
2147 284 102 75 under

1218 330 54 75 the
1299 330 134 75 inferior
1456 330 124 75 furface
1606 330 42 75 of
1666 330 55 75 the
1746 330 91 75 great
1856 330 187 75 tuberofity,
2069 330 63 75 and
2146 330 102 75 under

1216 376 56 75 the
1289 376 149 75 infertion
1456 376 41 75 of
1507 376 56 75 the
1580 376 85 75 teres
1681 376 115 75 minor,
1823 376 57 75 but
1898 376 18 75 a
1932 376 85 75 little
2043 376 90 75 more
2149 376 97 75 back-

1217 422 101 75 ward.
1361 422 39 75 Jt
1417 422 27 75 is
1461 422 138 75 likewife
1619 422 89 75 fixed
1729 422 42 75 by
1787 422 85 75 fome
1885 422 131 75 oblique
2032 422 95 75 fibres
2144 422 31 75 in
2192 422 56 75 the

1217 469 145 75 external
1378 469 257 75 inter-mufcular
1651 469 164 75 ligament.

1358 573 361 75 ANCON7EUS
1759 573 64 75 IN
1836 573 171 75 TERN
2020 573 86 75 US.

1265 651 101 75 This
1385 651 118 75 mufele
1518 651 27 75 is
1563 651 121 75 fhorter
1701 651 64 75 and
1781 651 89 75 more
1894 651 97 75 flefhy
2013 651 80 75 than
2115 651 66 75 the
2193 651 54 75 an-

1219 697 124 75 conaeus
1362 697 164 75 externus,
1554 697 63 75 and
1633 697 59 75 lies
1709 697 125 75 toward
1849 697 57 75 the
1927 697 91 75 inner
2041 697 73 75 part
2137 697 40 75 of
2193 697 56 75 the

1217 744 100 75 lower
1335 744 74 75 half
1419 744 40 75 of
1471 744 54 75 the
1543 744 37 75 os
1597 744 138 75 humeri.

1267 790 31 75 It
1314 790 26 75 is
1358 790 87 75 fixed
1463 790 114 75 above,
1604 790 99 75 under
1731 790 56 75 the
1815 790 100 75 lower
1942 790 176 75 extremity
2125 790 50 75 "of
2192 790 57 75 the

1219 837 82 75 teres
1318 837 115 75 major,
1459 837 57 75 but
1535 837 17 75 a
1567 837 85 75 little
1673 837 89 75 more
1786 837 184 75 backward,
1996 837 64 75 and
2075 837 36 75 to
2128 837 56 75 the
2200 837 30 75 in
2239 837 9 75 -

1219 884 100 75 ternal
1338 884 257 75 inter-mufcular
1613 884 165 75 ligament,
1802 884 107 75 which
1938 884 108 75 makes
2076 884 19 75 a
2117 884 82 75 kind
2211 884 42 75 of

1220 931 122 75 feptum
1360 931 146 75 between
1522 931 63 75 this
1602 931 118 75 mufcle
1745 931 64 75 and
1829 931 56 75 the
1906 931 195 75 brachireus.
2151 931 98 75 From

1220 978 113 75 thence
1350 978 55 75 the
1418 978 93 75 fibres
1529 978 197 75 cohtratting
1741 978 31 75 in
1789 978 148 75 breadth,
1964 978 68 75 pafs
2052 978 126 75 toward
2194 978 56 75 the

1219 1025 119 75 tendon
1354 1025 42 75 of
1407 1025 54 75 the
1483 1025 165 75 anconteus
1665 1025 115 75 major,
1805 1025 85 75 fome
1907 1025 41 75 of
1956 1025 93 75 .them
2065 1025 136 75 running
2217 1025 33 75 in

1221 1071 143 75 between
1381 1071 25 75 it
1435 1071 61 75 and
1524 1071 55 75 the
1599 1071 96 75 bone,
1723 1071 62 75 and
1809 1071 53 75 are
1889 1071 141 75 inferted
2048 1071 33 75 in
2098 1071 55 75 the
2170 1071 81 75 edge

1225 1117 62 75 and
1304 1117 89 75 inner
1411 1117 64 75 fide
1489 1117 41 75 of
1542 1117 70 75 that
1633 1117 132 75 tendon.

1424 1223 357 75 ANCONTEUS
1817 1223 226 75 MINOR.

1264 1301 101 75 This
1383 1301 29 75 is
1430 1301 19 75 a
1464 1301 90 75 firraii
1568 1301 121 75 mufcle
1706 1301 165 75 obliquely
1883 1301 202 75 triangular/
2100 1301 91 75 lying
2216 1301 33 75 in

1219 1347 55 75 the
1291 1347 119 75 oblong
1433 1347 117 75 foflula
1566 1347 42 75 on
1631 1347 55 75 the.
1704 1347 121 75 outfide
1842 1347 41 75 of
1893 1347 55 75 the
1962 1347 200 75 olecranum.

1267 1394 30 75 It
1314 1394 26 75 is
1358 1394 88 75 fixed
1457 1394 45 75 by
1518 1394 19 75 a
1548 1394 101 75 fmall,
1675 1394 58 75 but
1746 1394 108 75 pretty
1870 1394 105 75 ftrong
1991 1394 129 75 rcridon,
2145 1394 32 75 in
2194 1394 56 75 the

1218 1439 100 75 lower
1334 1439 71 75 part
1433 1439 40 75 of
1498 1439 55 75 the
1581 1439 147 75 external
1746 1439 138 75 condyle
1909 1439 39 75 of
1971 1439 55 75 the
2050 1439 36 75 os
2111 1439 137 75 humeri.

1218 1487 99 75 From
1334 1487 115 75 thence
1466 1487 55 75 the
1538 1487 97 75 flefhy
1651 1487 94 75 fibres
1762 1487 61 75 run
1838 1487 95 75 down
1946 1487 166 75 obliquely
2124 1487 30 75 in
2170 1487 18 75 a
2199 1487 51 75 ra-

1218 1534 110 75 diated
1343 1534 96 75 form,
1470 1534 62 75 and
1555 1534 52 75 are
1633 1534 140 75 inferted
1797 1534 32 75 in
1853 1534 55 75 the
1924 1534 124 75 bottom
2067 1534 62 75 and
2144 1534 106 75 whole

1217 1580 154 75 pofterior
1394 1580 80 75 edge
1492 1580 41 75 of
1544 1580 55 75 the
1617 1580 114 75 foflula
1747 1580 130 75 already
1892 1580 199 75 mentioned.

1219 1682 99 75 Uses
1341 1682 42 75 of
1390 1682 52 75 the
1460 1682 146 75 Mufcles
1622 1682 109 75 which
1749 1682 87 75 move
1851 1682 53 75 the
1921 1682 104 75 Bones
2041 1682 43 75 of
2090 1682 54 75 the
2154 1682 96 75 Fore-

1502 1731 74 75 arm
1602 1731 39 75 on
1665 1731 53 75 the
1742 1731 41 75 Os
1810 1731 155 75 Humeri.

1263 1811 85 75 The
1370 1811 120 75 biceps,
1516 1811 39 75 or
1574 1811 273 75 coraco-radialis,
1872 1811 314 75 bendsbothbor.es
2214 1811 41 75 of

1217 1857 55 75 the
1290 1857 169 75 Fore-arm,
1485 1857 62 75 and
1562 1857 92 75 turns
1673 1857 57 75 the
1749 1857 108 75 radius
1877 1857 82 75 upon
1978 1857 55 75 the
2049 1857 76 75 ulna
2138 1857 11 75 ;
2177 1857 70 75 per-

1218 1904 140 75 forming
1374 1904 79 75 both
1471 1904 139 75 motions
1627 1904 43 75 by
1682 1904 42 75 its
1741 1904 151 75 infertion
1903 1904 32 75 in
1954 1904 54 75 the
2025 1904 107 75 radius
2144 1904 105 75 alone.

1218 1949 31 75 It
1274 1949 137 75 Hkewife
1436 1949 106 75 moves
1571 1949 57 75 the
1645 1949 36 75 os
1698 1949 124 75 humeri
1852 1949 41 75 cn
1919 1949 54 75 the
2001 1949 167 75 fore-aim,
2194 1949 56 75 the

1216 1998 128 75 fcapuia
1359 1998 41 75 on
1417 1998 58 75 the
1491 1998 37 75 os
1544 1998 138 75 humeri,
1708 1998 63 75 and
1787 1998 57 75 the
1861 1998 36 75 os
1913 1998 127 75 humeri
2056 1998 42 75 on
2115 1998 54 75 the
2178 1998 70 75 fca-

1219 2043 86 75 pula.

1262 2091 77 75 The
1354 2091 174 75 brachiasus
1545 2091 103 75 ferves
1666 2091 35 75 to
1725 2091 85 75 bend
1824 2091 58 75 the
1899 2091 155 75 fore-arm
2071 2091 42 75 on
2137 2091 56 75 the
2210 2091 37 75 os

1217 2136 136 75 humeri,
1379 2136 43 75 by
1438 2136 43 75 its
1505 2136 150 75 infertion
1682 2136 31 75 in
1741 2136 56 75 the
1819 2136 86 75 ulna,
1932 2136 63 75 and
2022 2136 43 75 by
2088 2136 56 75 the
2159 2136 89 75 .con-

1217 2184 123 75 nedion
1367 2184 43 75 of
1432 2184 71 75 that
1527 2184 83 75 bone
1628 2184 77 75 with
1723 2184 54 75 the
1795 2184 118 75 radius.
1962 2184 32 75 It
2010 2184 104 75 ferves
2130 2184 65 75 alfo
2212 2184 36 75 to

1218 2230 92 75 move
1327 2230 55 75 the
1400 2230 35 75 os
1452 2230 125 75 humeri
1594 2230 42 75 on
1652 2230 57 75 the
1724 2230 169 75 fore-arm.

1264 2277 76 75 The
1352 2277 164 75 anconteus
1529 2277 157 75 maximus
1703 2277 104 75 ferves
1818 2277 37 75 to
1865 2277 122 75 extend
2003 2277 56 75 the
2075 2277 170 75 fore-arm,

1218 2322 42 75 by
1276 2322 147 75 bringing
1440 2322 55 75 the
1512 2322 75 75 ulna
1603 2322 35 75 to
1655 2322 18 75 a
1689 2322 133 75 ftraight
1846 2322 64 75 line
1934 2322 78 75 with
2037 2322 56 75 the
2121 2322 36 75 os
2186 2322 60 75 hu-

1217 2369 91 75 meri.
1357 2369 33 75 It
1405 2369 104 75 ferves
1527 2369 138 75 likewife
1682 2369 35 75 to
1734 2369 121 75 extend
1871 2369 55 75 the
1943 2369 36 75 os
1996 2369 124 75 humeri
2136 2369 40 75 on
2190 2369 56 75 the

1217 2416 86 75 ulna,
1328 2416 93 75 when
1438 2416 55 75 the
1512 2416 58 75 lall
1585 2416 116 75 named
1717 2416 82 75 bone
1814 2416 27 75 is
1858 2416 90 75 fixed
1970 2416 44 75 by
2039 2416 86 75 fome
2152 2416 94 75 exte-

1218 2462 64 75 rior
1299 2462 172 75 refiftance,
1497 2462 34 75 as
1548 2462 104 75 when,
1671 2462 96 75 being
1782 2462 66 75 laid
1864 2462 85 75 upon
1969 2462 56 75 the
2041 2462 137 75 ground,
2196 2462 49 75 we

1217 2509 58 75 rife
1303 2509 44 75 by
1373 2509 185 75 fupporting
1583 2509 158 75 ourfelves
1758 2509 45 75 on
1819 2509 59 75 our
1893 2509 98 75 hand.
2040 2509 37 75 In
2095 2509 64 75 this
2177 2509 69 75 cafe

1216 2555 150 75 likewife,
1392 2555 55 75 the
1469 2555 126 75 fcapula
1610 2555 79 75 mutt
1704 2555 41 75 be
1764 2555 77 75 kept
1857 2555 109 75 fteady
1981 2555 44 75 by
2041 2555 55 75 the
2113 2555 131 75 coraco-

1216 2602 181 75 brachialis.

1262 2650 76 75 The
1362 2650 66 75 two
1451 2650 116 75 lateral
1596 2650 138 75 anconaei
1762 2650 185 75 co-operate
1971 2650 92 75 with,
2086 2650 66 75 and
2167 2650 77 75 aflifl

1216 2695 55 75 the
1299 2695 165 75 anconaeus
1492 2695 172 75 maximus,
1690 2695 32 75 in
1743 2695 175 75 extending
1946 2695 55 75 the
2028 2695 157 75 fore-arm
2200 2695 43 75 on

1217 2741 55 75 the
1297 2741 35 75 os
1353 2741 137 75 humeri,
1516 2741 63 75 and
1594 2741 55 75 the
1666 2741 35 75 os
1717 2741 124 75 humeri
1858 2741 40 75 on
1918 2741 56 75 the
1989 2741 167 75 fore-arm.

1264 2790 75 75 The
1362 2790 163 75 anconseus
1546 2790 146 75 minimus
1720 2790 75 75 may
1815 2790 117 75 concur
1959 2790 78 75 with
2065 2790 57 75 the
2149 2790 95 75 other

1217 2835 131 75 mufcles
1372 2835 40 75 of
1429 2835 71 75 that
1516 2835 104 75 name,
1645 2835 32 75 in
1695 2835 176 75 extending
1888 2835 53 75 the
1956 2835 155 75 fore-arm
2129 2835 39 75 on
2187 2835 56 75 the

1217 2880 34 75 os
1269 2880 137 75 humeri,
1432 2880 135 75 and'the
1584 2880 35 75 os
1636 2880 124 75 humeri
1777 2880 41 75 on
1836 2880 55 75 the
1908 2880 153 75 fore-arm
2074 2880 9 75 ;
2127 2880 57 75 but
2200 2880 43 75 its

1217 2929 101 75 action
1329 2929 76 75 does
1418 2929 56 75 not
1486 2929 96 75 reach
1594 2929 35 75 to
1641 2929 42 75 all
1695 2929 54 75 the
1766 2929 131 75 degrees
1913 2929 40 75 of
1963 2929 126 75 flection
2104 2929 40 75 of
2155 2929 88 75 thefe

1215 2976 117 75 bones;
1359 2976 52 75 for
1428 2976 92 75 when
1537 2976 56 75 the
1618 2976 155 75 fore-arm
1789 2976 25 75 is
1833 2976 78 75 very
1927 2976 98 75 much,
2039 2976 87 75 bent,
2151 2976 31 75 if
2192 2976 53 75 we

1690 3028 17 75 3
1736 3028 33 75 D

2098 3028 147 75 examine
