2443 3377
667 213 40 75 A
765 213 36 75 R
861 213 35 75 C
958 213 42 75 II
1061 213 16 75 1
1135 213 39 75 T

270 363 15 49 3
285 331 16 75 .
352 331 73 75 OF
464 331 125 75 THE
631 331 181 75 IONIC
853 331 229 75 ORDER.

211 409 211 75 TkeIonjc
436 409 136 75 Order
589 409 266 75 (PlateXXVL)
869 409 75 75 xsof
953 409 245 75 anioreflender

165 457 91 75 make
273 457 77 75 than
363 457 55 75 the
431 457 104 75 Doric
547 457 197 75 orTufcan;
763 457 42 75 its
822 457 194 75 appearance
1033 457 25 75 is
1077 457 119 75 fimple,

165 502 209 75 yet^raceful
391 502 233 75 andmajeftic;
643 502 41 75 its
696 502 182 75 ornaments
896 502 53 75 are
967 502 84 75 few;
1076 502 33 75 fo
1126 502 72 75 that

165 551 26 75 it
214 551 57 75 has
298 551 80 75 been
403 551 171 75 compared
598 551 35 75 to
662 551 18 75 a
707 551 107 75 fedate
838 551 138 75 matron,
1009 551 33 75 in
1069 551 127 75 decent,

165 596 108 75 rather
299 596 78 75 than
396 596 203 75 magnificent
618 596 107 75 attire.

212 644 131 75 Among
359 644 56 75 the
433 644 153 75 ancients,
611 644 55 75 the
684 644 96 75 form,
787 644 40 75 of
839 644 56 75 the
910 644 91 75 Ionic
1013 644 112 75 profile
1142 644 56 75 ap-

166 691 88 75 pears
272 691 35 75 to
323 691 82 75 have
428 691 80 75 been
532 691 88 75 more
636 691 166 75 pofitively
817 691 199 75 determined
1032 691 78 75 than
1127 691 72 75 that

166 735 39 75 of
216 735 62 75 any
296 735 94 75 other
414 735 117 75 order;
558 735 63 75 for,
647 735 33 75 in
697 735 41 75 all
762 735 55 75 the
846 735 145 75 antiques
1021 735 33 75 at
1078 735 119 75 Rome,

168 786 71 75 (the
250 786 119 75 temple
386 786 39 75 of
437 786 154 75 Concord
606 786 172 75 excepted)
797 786 26 75 it
840 786 26 75 is
886 786 127 75 exadtly
1030 786 54 75 the
1101 786 96 75 fame.

211 832 76 75 The
308 832 132 75 modern
456 832 103 75 aftifb
576 832 81 75 have
681 832 140 75 likewife
848 832 81 75 been
955 832 187 75 unanimous
1166 832 32 75 in

165 877 84 75 their
266 877 166 75 opinions;
460 877 42 75 all
518 877 41 75 of
577 877 101 75 them,
703 877 173 75 excepting
891 877 147 75 Palladio
1061 877 62 75 and
1150 877 49 75 his

166 924 172 75 imitators,
373 924 118 75 having
522 924 169 75 employed
723 924 56 75 the
809 924 114 75 dentil,
962 924 138 75 cornice,
1137 924 63 75 and

166 972 55 75 the
238 972 93 75 other
348 972 87 75 parts
451 972 41 75 of
513 972 56 75 the
598 972 123 75 profile,
748 972 109 75 nearly
874 972 33 75 as
926 972 77 75 they
1021 972 54 75 are
1098 972 102 75 found

165 1020 31 75 in
215 1020 54 75 the
286 1020 188 75 Collifeum,
499 1020 56 75 the
568 1020 118 75 temple
698 1020 40 75 of
746 1020 156 75 Fortune,
928 1020 62 75 and
1002 1020 55 75 the
1074 1020 125 75 theatre

168 1066 40 75 of
219 1066 190 75 Maro.Hus.

212 1112 77 75 The
305 1112 111 75 height
433 1112 40 75 of
495 1112 56 75 the
567 1112 91 75 Ionic
675 1112 127 75 column
832 1112 25 75 is
886 1112 40 75 18
953 1112 158 75 modules,
1137 1112 63 75 and

168 1159 69 75 that
253 1159 40 75 of
304 1159 55 75 the
377 1159 199 75 entablature
679 1159 37 75 or
739 1159 60 75 one
817 1159 132 75 quarter
966 1159 39 75 of
1016 1159 55 75 the
1087 1159 112 75 height

167 1206 39 75 of
218 1206 55 75 the
290 1206 140 75 column,
456 1206 33 75 as
505 1206 33 75 in
555 1206 56 75 the
628 1206 93 75 other
738 1206 124 75 orders,
887 1206 105 75 which
1017 1206 25 75 is
1070 1206 18 75 a
1115 1206 84 75 trifle

166 1252 60 75 lefs
243 1252 76 75 than
336 1252 32 75 in
387 1252 62 75 any
465 1252 40 75 of
528 1252 55 75 the
600 1252 132 75 antique
758 1252 130 75 Ionics..
929 1252 37 75 In
996 1252 44 75 all
1063 1252 56 75 the
1143 1252 55 75 an-

167 1299 117 75 tiques,
310 1299 55 75 the
382 1299 71 75 bafe
470 1299 26 75 is
515 1299 110 75 Attic;
653 1299 66 75 and
743 1299 55 75 the
820 1299 87 75 lhaft
929 1299 39 75 of
991 1299 55 75 the
1070 1299 129 75 column

166 1346 74 75 may
255 1346 103 75 either
373 1346 41 75 be
431 1346 96 75 plain,
545 1346 37 75 or
598 1346 100 75 fluted
711 1346 77 75 with
807 1346 44 75 24
868 1346 140 75 flutings,
1026 1346 38 75 or
1082 1346 45 75 20
1142 1346 58 75 on-

166 1392 46 75 ly,
238 1392 32 75 as
299 1392 31 75 in
355 1392 55 75 the
427 1392 118 75 temple
573 1392 39 75 of
632 1392 154 75 Fortune.
835 1392 76 75 The
927 1392 79 75 plan,
1017 1392 40 75 of
1068 1392 55 75 the
1139 1392 59 75 flu-

167 1439 84 75 tings
274 1439 75 75 may
364 1439 39 75 be
429 1439 19 75 a
473 1439 83 75 trifle
573 1439 87 75 more
677 1439 86 75 than,
780 1439 17 75 a
819 1439 185 75 femicircle,
1030 1439 33 75 as
1086 1439 32 75 in
1143 1439 56 75 the

166 1486 106 75 forum
290 1486 40 75 of
341 1486 124 75 Nerva,
490 1486 131 75 becaufe
638 1486 78 75 they
731 1486 77 75 then
826 1486 116 75 appear
956 1486 91 75 more
1062 1486 135 75 diflind.

166 1533 76 75 The
274 1533 109 75 fillets,
411 1533 47 75 ior
485 1533 152 75 intervals
665 1533 143 75 between
838 1533 101 75 them,
972 1533 81 75 muft
1077 1533 58 75 not
1159 1533 40 75 be

168 1578 137 75 broader
333 1578 76 75 than
438 1578 61 75 one
531 1578 89 75 third
643 1578 40 75 of
710 1578 56 75 the
800 1578 137 75 breadth
966 1578 40 75 of
1029 1578 19 75 a
1073 1578 126 75 fluting,

167 1626 58 75 nor
242 1626 160 75 narrower
419 1626 76 75 than
512 1626 61 75 one
590 1626 124 75 fourth.
767 1626 78 75 The
872 1626 182 75 ornaments
1081 1626 40 75 of
1143 1626 56 75 the

167 1670 115 75 capital
300 1670 79 75 muft
395 1670 194 75 correfpond
612 1670 79 75 with
715 1670 56 75 the
797 1670 129 75 flutings
949 1670 42 75 of
1010 1670 55 75 the
1089 1670 108 75 fhaft;

168 1720 61 75 and
246 1720 91 75 there
353 1720 80 75 muft
449 1720 40 75 be
507 1720 40 75 an
564 1720 58 75 ove
638 1720 101 75 above
757 1720 54 75 the
827 1720 121 75 middle
971 1720 41 75 of
1034 1720 77 75 each
1139 1720 59 75 flu-

169 1766 82 75 ting.
299 1766 79 75 The
394 1766 124 75 volutes
535 1766 101 75 ought
653 1766 34 75 to
710 1766 40 75 be
775 1766 111 75 traced
902 1766 171 75 according
1089 1766 34 75 to
1140 1766 60 75 Mr

170 1811 192 75 Goldman’s
379 1811 145 75 method,
549 1811 107 75 which
675 1811 26 75 is
719 1811 33 75 as
768 1811 128 75 follows
910 1811 9 75 :

215 1859 92 75 Plate
338 1859 153 75 XXVII.
525 1859 56 75 fig.
608 1859 33 75 9.
707 1859 104 75 Draw
846 1859 56 75 the
935 1859 145 75 cathetus
1109 1859 27 75 F
1153 1859 43 75 C,

169 1907 106 75 whofe
291 1907 109 75 length
419 1907 80 75 muft
515 1907 40 75 be
575 1907 39 75 15
633 1907 150 75 minutes,
800 1907 37 75 or
849 1907 60 75 one
921 1907 110 75 fourth
1044 1907 41 75 of
1095 1907 19 75 a
1129 1907 69 75 mo-

169 1952 75 75 dule
255 1952 10 75 ;
292 1952 74 75 and,
393 1952 83 75 from
493 1952 55 75 the
574 1952 90 75 point
689 1952 43 75 C,
757 1952 142 75 defcribe
923 1952 55 75 the
1002 1952 58 75 eye
1084 1952 41 75 of
1143 1952 56 75 the

169 1998 108 75 volute
296 1998 30 75 A
342 1998 32 75 E
391 1998 28 75 B
439 1998 49 75 D,
514 1998 39 75 of
565 1998 105 75 which
683 1998 56 75 the
755 1998 154 75 diameter
925 1998 26 75 is
969 1998 35 75 to
1019 1998 40 75 be
1076 1998 48 75 6-f-
1139 1998 59 75 mi-

168 2045 112 75 nutes;
307 2045 108 75 divide
437 2045 27 75 it
479 2045 69 75 into
565 2045 74 75 four
655 2045 95 75 equal
766 2045 115 75 feftors
897 2045 44 75 by
957 2045 55 75 the
1029 2045 169 75 diameters

170 2092 89 75 AB,
285 2092 91 75 DE.
427 2092 104 75 Bifett
555 2092 55 75 the
638 2092 80 75 radii
736 2092 29 75 C
780 2092 44 75 A,
851 2092 29 75 C
894 2092 42 75 B,
962 2092 32 75 in
1022 2092 13 75 1
1063 2092 63 75 and
1151 2092 46 75 4;

170 2138 63 75 and
248 2138 50 75 on.
307 2138 55 75 the
379 2138 63 75 line
465 2138 30 75 1,
515 2138 34 75 4,
567 2138 157 75 conftrudt
736 2138 18 75 a
766 2138 112 75 fquare
899 2138 31 75 1,
945 2138 33 75 2,
994 2138 32 75 3,
1042 2138 33 75 4.
1101 2138 99 75 From

170 2186 56 75 the
250 2186 109 75 centre
387 2186 43 75 C,
456 2186 34 75 to
519 2186 55 75 the
599 2186 108 75 angles
729 2186 33 75 2,
783 2186 32 75 3,
841 2186 90 75 draw
957 2186 55 75 the
1036 2186 164 75 diagonals

172 2234 29 75 C
214 2234 34 75 2,
273 2234 28 75 C
319 2234 31 75 3,
377 2234 62 75 and
456 2234 106 75 divide
580 2234 54 75 the
648 2234 62 75 fide
727 2234 40 75 of
778 2234 55 75 the
852 2234 112 75 fquare
985 2234 29 75 1,
1034 2234 34 75 4,
1094 2234 68 75 into
1181 2234 21 75 6

172 2277 92 75 equal
283 2277 99 75 parts,
401 2277 32 75 at
449 2277 31 75 5,
495 2277 33 75 9,
542 2277 43 75 C,
605 2277 52 75 12,
672 2277 35 75 8.
754 2277 99 75 Then
869 2277 140 75 through
1026 2277 54 75 the
1096 2277 106 75 points

176 2325 31 75 5,
226 2325 35 75 9,
284 2325 52 75 12,
356 2325 33 75 8,
423 2325 90 75 draw
540 2325 55 75 the
619 2325 79 75 lines
727 2325 31 75 5,
778 2325 33 75 6,
833 2325 32 75 9,
888 2325 53 75 10,
964 2325 54 75 12,
1041 2325 54 75 11,
1114 2325 34 75 8,
1169 2325 33 75 7,

174 2369 129 75 parallel
327 2369 35 75 to
379 2369 54 75 the
450 2369 155 75 diameter
621 2369 30 75 E
669 2369 49 75 D,
744 2369 105 75 which
869 2369 65 75 will
951 2369 54 75 cut
1022 2369 54 75 the
1093 2369 110 75 diago-

174 2418 68 75 nals
265 2418 31 75 in
315 2418 34 75 6,
370 2418 32 75 7,
425 2418 53 75 10,
502 2418 34 75 ii
554 2418 10 75 ;
592 2418 62 75 and
678 2418 54 75 the
752 2418 106 75 points
887 2418 32 75 1,
941 2418 34 75 2,
998 2418 33 75 3,
1054 2418 34 75 4,
1113 2418 31 75 5,
1168 2418 34 75 6,

178 2463 32 75 7,
229 2463 35 75 8,
284 2463 33 75 9,
340 2463 53 75 10,
416 2463 54 75 11,
492 2463 53 75 12,
571 2463 67 75 will
653 2463 39 75 be
709 2463 55 75 the
789 2463 123 75 centres
937 2463 40 75 of
999 2463 56 75 the
1079 2463 123 75 volute.

176 2509 99 75 From
291 2509 56 75 the
366 2509 64 75 firft
447 2509 107 75 centre
576 2509 29 75 1,
631 2509 78 75 with
733 2509 56 75 the
812 2509 137 75 diftance
970 2509 13 75 1
999 2509 39 75 F,
1064 2509 140 75 defcribe

178 2556 55 75 the
258 2556 159 75 quadrant
436 2556 26 75 F
479 2556 58 75 G;
564 2556 84 75 from
664 2556 55 75 the
735 2556 117 75 fecond
869 2556 108 75 centre
995 2556 33 75 2,
1054 2556 79 75 with
1151 2556 54 75 the

178 2602 135 75 diftance
332 2602 86 75 2'G,
436 2602 139 75 defcribe
592 2602 55 75 the
664 2602 159 75 quadrant
839 2602 34 75 G
888 2602 54 75 H;
970 2602 74 75 and,
1062 2602 144 75 continu-

177 2649 56 75 ing
248 2649 56 75 the
323 2649 83 75 fame
422 2649 163 75 operation
604 2649 82 75 from
704 2649 41 75 all
762 2649 55 75 the
842 2649 40 75 12
907 2649 137 75 centres,
1062 2649 54 75 the
1133 2649 75 75 eon-

181 2694 74 75 tour
272 2694 40 75 of
323 2694 54 75 the
397 2694 109 75 volute
522 2694 68 75 will
605 2694 39 75 be
662 2694 193 75 completed.

229 2743 73 75 Fig.
332 2743 55 75 10.
441 2743 77 75 The
545 2743 124 75 centres
694 2743 50 75 for
767 2743 178 75 defcribing
969 2743 55 75 the
1048 2743 81 75 fillet
1157 2743 52 75 are

183 2788 101 75 found
299 2788 30 75 in
349 2788 64 75 this
429 2788 142 75 manner.
606 2788 167 75 Conftrudt
785 2788 18 75 a
818 2788 149 75 triangle,
985 2788 40 75 of
1039 2788 104 75 which
1156 2788 56 75 the

185 2835 64 75 fide
267 2835 33 75 A
316 2835 27 75 F
366 2835 27 75 is
415 2835 94 75 equal
526 2835 33 75 to
577 2835 53 75 the
648 2835 69 75 part
741 2835 39 75 of
799 2835 56 75 the
879 2835 147 75 cathetus
1043 2835 168 75 contained

184 2879 144 75 between
345 2879 33 75 A
394 2879 27 75 F
439 2879 61 75 and
516 2879 54 75 the
587 2879 62 75 fide
667 2879 26 75 F
708 2879 46 75 V,
779 2879 94 75 equal
890 2879 35 75 to
942 2879 29 75 C
990 2879 12 75 1
1019 2879 9 75 ;
1055 2879 90 75 place
1157 2879 55 75 the

186 2926 136 75 diftance
339 2926 27 75 F
380 2926 22 75 S
421 2926 81 75 from
516 2926 27 75 F
556 2926 138 75 towards
708 2926 45 75 A,
770 2926 94 75 equal
878 2926 35 75 to
929 2926 28 75 F
971 2926 22 75 S
1007 2926 55 75 the
1078 2926 135 75 breadth

186 2972 40 75 of
237 2972 54 75 the
304 2972 91 75 fillet,
420 2972 63 75 and
501 2972 140 75 through
657 2972 55 75 the
729 2972 89 75 point
837 2972 22 75 S
876 2972 88 75 draw
980 2972 55 75 the
1051 2972 64 75 line
1129 2972 22 75 S
1163 2972 48 75 T,

187 3018 106 75 which
310 3018 65 75 will
403 3018 39 75 be
464 3018 34 75 to
515 3018 29 75 C
562 3018 14 75 1
596 3018 32 75 in
646 3018 54 75 the
716 3018 84 75 fame
826 3018 185 75 proportion
1037 3018 32 75 as
1088 3018 32 75 A
1138 3018 22 75 S
1186 3018 26 75 is

188 3066 34 75 to
239 3066 32 75 A
283 3066 49 75 F;
350 3066 89 75 place
456 3066 63 75 this
535 3066 64 75 line
616 3066 41 75 on
672 3066 55 75 the
743 3066 154 75 diameter
913 3066 41 75 of
964 3066 56 75 the
1036 3066 58 75 eye
1110 3066 33 75 A
1156 3066 29 75 B
1199 3066 12 75 ;

1234 211 35 75 E
1329 211 35 75 C
1422 211 39 75 T
1519 211 44 75 U
1621 211 145 75 RE.

1242 277 106 75 divide
1365 277 25 75 it
1407 277 68 75 into
1492 277 92 75 three
1600 277 94 75 equal
1710 277 88 75 parts
1813 277 10 75 ;
1850 277 74 75 and,
1942 277 139 75 through
2101 277 55 75 the
2172 277 104 75 points

1242 323 41 75 of
1302 323 144 75 divifion,
1472 323 90 75 draw
1588 323 81 75 lines
1697 323 130 75 parallel
1858 323 34 75 to
1920 323 55 75 the
2000 323 156 75 diameter
2173 323 35 75 E
2226 323 48 75 D,

1245 369 105 75 which
1368 369 66 75 will
1451 369 54 75 cut
1520 369 56 75 the
1592 369 166 75 diagonals
1776 369 39 75 C'
1815 369 34 75 2,
1868 369 28 75 C
1909 369 32 75 3,
1960 369 62 75 and
2035 369 63 75 you
2114 369 66 75 will
2197 369 81 75 have

1247 416 115 75 twelve
1379 416 71 75 new
1466 416 137 75 centres,
1629 416 84 75 from
1730 416 129 75 whence
1875 416 55 75 the
1946 416 134 75 interior
2096 416 135 75 contour
2244 416 39 75 of

1247 463 55 75 the
1319 463 78 75 fillet
1417 463 74 75 may
1515 463 39 75 be
1576 463 177 75 defcribed,
1778 463 32 75 in
1835 463 55 75 the
1918 463 84 75 fame
2026 463 130 75 manner
2173 463 32 75 as
2223 463 56 75 the

1247 509 144 75 exterior
1407 509 61 75 one
1488 509 64 75 was
1570 509 84 75 from
1675 509 56 75 the
1746 509 64 75 firft
1826 509 137 75 centres.

1246 614 34 75 4.
1328 614 74 75 OF
1433 614 124 75 THE
1590 614 414 75 CORINTHIAN
2036 614 230 75 ORDER.

1291 694 86 75 The
1397 694 203 75 proportions
1617 694 40 75 of
1669 694 63 75 this
1750 694 96 75 order
1862 694 53 75 are
1931 694 181 75 extremely
2127 694 149 75 delicate.

1246 740 32 75 It
1294 740 26 75 is
1338 740 131 75 divided
1483 740 69 75 into
1577 740 18 75 a
1616 740 91 75 great
1732 740 125 75 variety
1880 740 42 75 of
1942 740 169 75 members,
2137 740 62 75 and
2222 740 55 75 en-

1247 787 110 75 riched
1375 787 79 75 with
1472 787 18 75 a
1513 787 161 75 profufion
1702 787 40 75 of
1764 787 194 75 ornaments.
2009 787 171 75 Scamozzi
2199 787 76 75 calls

1246 835 98 75 it.the
1361 835 149 75 virginal
1524 835 114 75 order)
1666 835 63 75 and
1744 835 116 75 indeed
1882 835 25 75 it
1923 835 57 75 has
2004 835 43 75 all
2064 835 55 75 the
2135 835 144 75 delicacy

1246 880 30 75 in
1293 880 39 75 its
1351 880 104 75 make,
1481 880 64 75 and
1572 880 42 75 all
1642 880 56 75 the
1725 880 108 75 gaiety
1848 880 33 75 in
1897 880 43 75 its
1957 880 101 75 drefs,
2083 880 142 75 peculiar
2243 880 34 75 to

1246 926 106 75 young
1368 926 91 75 girls.
1509 926 62 75 See
1588 926 92 75 Plate
1696 926 172 75 XXVIII.

1295 974 75 75 The
1384 974 78 75 moft
1478 974 119 75 perfect
1614 974 105 75 model
1744 974 40 75 of
1795 974 55 75 the
1863 974 193 75 Corinthian
2068 974 94 75 order
2180 974 26 75 is
2223 974 56 75 ge-

1248 1020 122 75 nerally
1387 1020 137 75 allowed
1539 1020 35 75 to
1591 1020 39 75 be
1645 1020 33 75 in
1695 1020 55 75 the
1766 1020 91 75 three
1873 1020 142 75 columns
2033 1020 31 75 in
2081 1020 55 75 the
2153 1020 125 75 Campo

1248 1067 144 75 Vaccino
1410 1067 32 75 at
1459 1067 117 75 Rome,
1602 1067 56 75 the
1675 1067 148 75 remains,
1849 1067 34 75 as
1899 1067 26 75 it
1941 1067 27 75 is
1985 1067 152 75 thought,
2163 1067 41 75 of
2223 1067 56 75 the

1252 1114 117 75 temple
1390 1114 40 75 of
1442 1114 127 75 Jupiter
1587 1114 124 75 Stator,

1294 1160 76 75 The
1388 1160 191 75 Corinthian
1596 1160 126 75 column
1740 1160 110 75 fhould
1877 1160 50 75 be-
1948 1160 44 75 20
2015 1160 145 75 modules
2188 1160 90 75 high,

1247 1206 62 75 and
1333 1206 56 75 the
1405 1206 197 75 entablature
1619 1206 20 75 5
1656 1206 10 75 ;
1693 1206 109 75 which
1815 1206 202 75 proportions
2035 1206 53 75 are
2104 1206 19 75 a
2139 1206 140 75 medium

1246 1251 144 75 between
1407 1251 90 75 thofe
1520 1251 41 75 of
1579 1251 55 75 the
1651 1251 176 75 Panthreon
1844 1251 62 75 and
1923 1251 55 75 the
2002 1251 90 75 three
2120 1251 158 75 columns.

1245 1300 80 75 The
1344 1300 71 75 bafe
1432 1300 41 75 of
1484 1300 56 75 the
1564 1300 129 75 column
1712 1300 75 75 may
1803 1300 102 75 either
1925 1300 40 75 be
1985 1300 93 75 Attic
2095 1300 38 75 or
2160 1300 118 75 Corin-

1247 1345 86 75 thian
1347 1345 8 75 :
1381 1345 100 75 They
1505 1345 53 75 are
1574 1345 79 75 both
1671 1345 168 75 beautiful.
1888 1345 41 75 If
1944 1345 55 75 the
2015 1345 200 75 entablature
2238 1345 40 75 be

1247 1392 164 75 enriched,
1437 1392 56 75 the
1509 1392 82 75 fhaft
1607 1392 74 75 may
1697 1392 39 75 be
1756 1392 111 75 fluted.
1915 1392 77 75 The
2008 1392 128 75 flutings
2153 1392 73 75 may
2238 1392 40 75 be

1248 1438 99 75 filled,
1374 1438 35 75 to
1425 1438 61 75 one
1506 1438 89 75 third
1611 1438 41 75 of
1672 1438 83 75 their
1771 1438 125 75 height,
1914 1438 80 75 with
2012 1438 154 75 cablings,
2195 1438 33 75 as
2244 1438 34 75 in

1247 1485 54 75 the
1326 1485 95 75 infide
1446 1485 40 75 of
1509 1485 55 75 the
1581 1485 174 75 Panthaeon
1769 1485 9 75 ;
1805 1485 106 75 which
1927 1485 66 75 will
2014 1485 182 75 ftrengthen
2223 1485 56 75 the

1247 1531 98 75 lower
1362 1531 73 75 part
1452 1531 40 75 of
1513 1531 55 75 the
1584 1531 141 75 column,
1754 1531 63 75 and
1833 1531 92 75 make
1942 1531 26 75 it
1983 1531 60 75 lefs
2060 1531 95 75 liable
2172 1531 35 75 to
2231 1531 47 75 in-

1245 1580 87 75 jury.

1294 1624 37 75 In
1350 1624 78 75 moft
1445 1624 40 75 of
1502 1624 56 75 the
1581 1624 146 75 antiques
1747 1624 33 75 at
1799 1624 119 75 Rome,
1943 1624 56 75 the
2016 1624 115 75 capital
2154 1624 41 75 of
2214 1624 65 75 this

1247 1671 95 75 order
1358 1671 27 75 is
1402 1671 151 75 enriched
1577 1671 79 75 with
1681 1671 228 75 olive-leaves;
1936 1671 55 75 the
2013 1671 152 75 acanthus
2183 1671 95 75 being

1246 1718 120 75 feldom
1383 1718 169 75 employed
1568 1718 57 75 but
1642 1718 32 75 in
1691 1718 55 75 the
1763 1718 195 75 Compofite.
2008 1718 55 75 De
2079 1718 198 75 Cordemoy,

1246 1763 162 75 however,
1434 1763 122 75 prefers
1580 1763 55 75 the
1647 1763 171 75 .acanthus.

1293 1810 75 75 The
1385 1810 148 75 divifions
1546 1810 40 75 of
1596 1810 58 75 the
1665 1810 200 75 entablature
1881 1810 76 75 bear
1973 1810 56 75 the
2045 1810 83 75 fame
2144 1810 133 75 propor-

1243 1857 85 75 tions
1345 1857 35 75 to
1396 1857 77 75 each
1487 1857 105 75 other,
1611 1857 32 75 as
1655 1857 33 75 in
1706 1857 55 75 the
1774 1857 142 75 Tufcan,
1935 1857 103 75 Ionic,
2056 1857 62 75 and
2135 1857 142 75 Compo-

1248 1904 57 75 fite
1329 1904 125 75 orders.

1392 2006 32 75 5.
1474 2006 74 75 OF
1581 2006 126 75 THE
1744 2006 383 75 COMPOSITE.

1294 2086 85 75 The
1399 2086 233 75 Composite
1654 2086 40 75 is,
1712 2086 118 75 ftridtly
1847 2086 162 75 fpeaking,
2035 2086 75 75 only
2127 2086 19 75 a
2161 2086 118 75 fpecies

1248 2132 38 75 of
1309 2132 57 75 the
1394 2132 215 75 Corinthian;
1651 2132 61 75 and
1742 2132 162 75 therefore
1928 2132 130 75 retains,
2083 2132 32 75 in
2144 2132 19 75 a
2189 2132 92 75 great

1248 2179 154 75 meafure,
1428 2179 56 75 the
1499 2179 84 75 fame
1600 2179 175 75 charadter.
1824 2179 62 75 See
1903 2179 91 75 Plate
2011 2179 135 75 XXIX.

1297 2226 32 75 It
1346 2226 78 75 does
1440 2226 57 75 not
1514 2226 116 75 appear
1647 2226 70 75 that
1734 2226 55 75 the
1802 2226 140 75 ancients
1960 2226 135 75 affedted
2110 2226 61 75 any
2182 2226 99 75 parti-

1252 2273 87 75 cular
1357 2273 83 75 form
1463 2273 41 75 of
1515 2273 198 75 entablature
1730 2273 34 75 to
1780 2273 64 75 this
1862 2273 108 75 order.
2020 2273 189 75 Sometimes
2226 2273 56 75 the

1251 2319 126 75 cornice
1392 2319 27 75 is
1435 2319 135 75 entirely
1588 2319 97 75 plain,
1704 2319 34 75 as
1754 2319 31 75 in
1803 2319 55 75 the
1875 2319 117 75 temple
2009 2319 40 75 of
2060 2319 168 75 Bacchus;
2248 2319 33 75 at

1250 2366 123 75 others,
1398 2366 33 75 as
1450 2366 31 75 in
1498 2366 56 75 the
1571 2366 75 75 arch
1663 2366 40 75 of
1716 2366 172 75 Septimius
1908 2366 149 75 Severus,
2074 2366 26 75 it
2112 2366 26 75 is
2156 2366 125 75 enrich-

1251 2413 40 75 ed
1308 2413 78 75 with
1403 2413 116 75 dentils
1536 2413 150 75 differing
1702 2413 78 75 very
1799 2413 85 75 little
1899 2413 86 75 from
2002 2413 55 75 the
2073 2413 91 75 Ionic
2182 2413 10 75 ;
2220 2413 63 75 and

1251 2459 31 75 in
1295 2459 55 75 the
1362 2459 75 75 arch
1450 2459 40 75 of
1499 2459 113 75 Titus,
1629 2459 91 75 there
1732 2459 53 75 are
1796 2459 78 75 both
1888 2459 117 75 dentils
2018 2459 64 75 and
2091 2459 169 75 modilions
2268 2459 12 75 ;

1253 2506 55 75 the
1325 2506 209 75 wholeTomr
1557 2506 39 75 of
1618 2506 55 75 the
1697 2506 111 75 profile
1819 2506 8 75 '
1827 2506 101 75 being
1952 2506 55 75 the
2032 2506 84 75 fame
2132 2506 79 75 with
2227 2506 57 75 the

1254 2551 203 75 Corinthian,
1483 2551 33 75 as
1533 2551 159 75 executed
1714 2551 31 75 in
1763 2551 55 75 the
1835 2551 146 75 antiques
1996 2551 35 75 at
2046 2551 118 75 Rome.

1301 2599 76 75 The
1398 2599 132 75 modern
1554 2599 168 75 architedts
1746 2599 81 75 have
1844 2599 108 75 varied
1970 2599 88 75 more
2075 2599 31 75 in
2124 2599 63 75 this
2204 2599 79 75 than

1255 2646 30 75 in
1304 2646 60 75 any
1380 2646 94 75 other
1490 2646 108 75 order,
1623 2646 78 75 each
1718 2646 166 75 following
1908 2646 55 75 the
1980 2646 77 75 bent
2079 2646 41 75 of
2138 2646 49 75 his
2210 2646 74 75 own

1256 2692 108 75 fancy.

1303 2738 76 75 The
1401 2738 111 75 height
1535 2738 40 75 of
1592 2738 56 75 the
1666 2738 188 75 Gompofite
1877 2738 140 75 column,
2045 2738 62 75 and
2134 2738 87 75 parts
2249 2738 40 75 of

1257 2785 55 75 the
1328 2785 211 75 entablature,
1558 2785 27 75 is
1603 2785 55 75 the
1674 2785 83 75 fame
1774 2785 78 75 with
1869 2785 71 75 that
1956 2785 44 75 of
2006 2785 55 75 the
2078 2785 206 75 Corinthian.

1257 2832 75 75 The
1349 2832 71 75 foot
1440 2832 40 75 of
1498 2832 55 75 the
1577 2832 106 75 leaves
1706 2832 41 75 of
1766 2832 55 75 the
1837 2832 115 75 capital
1969 2832 101 75 ought
2086 2832 57 75 not
2158 2832 35 75 to
2208 2832 77 75 pro-

1255 2878 64 75 jedt
1335 2878 128 75 beyond
1480 2878 55 75 the
1551 2878 99 75 upper
1667 2878 69 75 part
1761 2878 41 75 of
1819 2878 56 75 the
1900 2878 93 75 fhaft.
2042 2878 76 75 The
2133 2878 153 75 different

1259 2923 139 75 bunches
1416 2923 40 75 of
1477 2923 105 75 leaves
1597 2923 113 75 fhould
1725 2923 39 75 be
1781 2923 140 75 ftrongly
1937 2923 150 75 marked;
2113 2923 56 75 the
2185 2923 101 75 fprigs

1261 2970 104 75 which
1383 2970 78 75 arife
1476 2970 144 75 between
1637 2970 56 75 the
1710 2970 99 75 upper
1824 2970 76 75 ones
1925 2970 112 75 fhould
2064 2970 39 75 be
2130 2970 76 75 kept
2228 2970 57 75 flat

1260 3016 84 75 upon
1360 3016 55 75 the
1432 3016 92 75 vafe;
1551 3016 62 75 and
1640 3016 56 75 the
1723 3016 182 75 ornaments
1932 3016 40 75 of
1993 3016 56 75 the
2064 3016 124 75 volutes
2205 3016 80 75 muft

1259 3062 55 75 not
1331 3062 121 75 projedt
1469 3062 127 75 beyond
1612 3062 55 75 the
1683 3062 94 75 fillets
1794 3062 70 75 that
1879 3062 118 75 inclofe
2013 3062 101 75 them.
