2483 3387
167 158 82 75 384

637 158 44 75 A
759 158 36 75 R
873 158 17 75 I
967 158 38 75 T
1084 158 42 75 H
1203 158 65 75 Ml
1329 158 34 75 E

166 225 76 75 The
261 225 178 75 remaining,
449 225 100 75 terms
562 225 53 75 are
627 225 174 75 extremes,
819 225 105 75 which
939 225 52 75 mu
994 225 25 75 ft
1029 225 41 75 be
1087 225 127 75 claffed.
1257 225 42 75 16
1323 225 69 75 clay!

167 272 68 75 into
247 272 114 75 fnnilar
377 272 97 75 pairs,
494 272 42 75 by
552 272 130 75 making
697 272 78 75 each
790 272 66 75 pair
868 272 109 75 conlift
993 272 40 75 of
1043 272 61 75 one
1120 272 83 75 term
1251 272 79 75 clays
1344 272 12 75 ?

168 318 94 75 taken
280 318 84 75 from
381 318 56 75 the
452 318 203 75 fuppofitipn,
673 318 64 75 and
753 318 134 75 another
903 318 39 75 of
953 318 56 75 the
1025 318 83 75 fame
1124 318 80 75 kind

168 365 96 75 taken
280 365 85 75 from
381 365 55 75 the
453 365 150 75 demand.

216 407 48 75 II.
290 407 70 75 Out
376 407 41 75 of
434 407 78 75 each
529 407 116 75 fimilar
662 407 79 75 pair,
763 407 113 75 joined
900 407 79 75 with
1002 407 56 75 the
1083 407 120 75 middle

169 458 95 75 term,
290 458 84 75 form
391 458 19 75 a
425 458 109 75 fimple
550 458 167 75 queftion;
744 458 63 75 and
829 458 34 75 in
887 458 80 75 each
991 458 108 75 Ample
1125 458 88 75 que-^

168 504 90 75 (lion,
284 504 33 75 fo
343 504 138 75 formed,
512 504 67 75 find
604 504 54 75 the
683 504 140 75 divifor;
855 504 72 75 viz.
953 504 141 75 confider
1118 504 86 75 from

169 552 53 75 the
241 552 111 75 nature
369 552 40 75 of
428 552 55 75 the
500 552 90 75 queft
602 552 69 75 on,.
682 552 146 75 whether
843 552 56 75 the
924 552 121 75 anfwer
1067 552 80 75 muft
1165 552 39 75 be

176 598 118 75 treater
310 598 36 75 or
364 598 59 75 lefs
441 598 78 75 than
542 598 55 75 the
614 598 120 75 middle
751 598 104 75 term;
882 598 64 75 and
959 598 32 75 if
1009 598 56 75 the
1081 598 122 75 anfwer

1441 151 38 75 T
1554 151 18 75 I
1649 151 36 75 C
1763 151 50 75 K.

1440 216 74 75 how
1537 216 96 75 many
1655 216 125 75 bufhels
1803 216 68 75 will
1900 216 46 75 20
1971 216 111 75 horfes
2107 216 53 75 eat
2182 216 10 75 i
2216 230 79 75 •i4r

1301 310 75 75 The
1392 310 191 75 fuppofition
1600 310 31 75 in
1657 310 65 75 this
1746 310 143 75 queftion
1912 310 41 75 is,
1977 310 38 75 If
2039 310 41 75 14
2102 310 108 75 horfes
2233 310 53 75 eat

1257 359 43 75 56
1317 359 124 75 bulhels
1457 359 33 75 in
1512 359 40 75 16
1569 359 99 75 days;
1696 359 62 75 and
1774 359 55 75 the
1846 359 91 75 three
1953 359 98 75 terms
2068 359 169 75 contained
2253 359 33 75 in

1255 403 24 75 it
1306 403 66 75 are,
1403 403 40 75 14
1467 403 122 75 horfes,
1616 403 43 75 56
1684 403 137 75 bulhels,
1846 403 64 75 and
1940 403 38 75 16
2002 403 99 75 days:
2134 403 78 75 The
2228 403 56 75 de-

1254 450 93 75 mand
1365 450 40 75 is,
1434 450 89 75 How
1546 450 96 75 many
1666 450 123 75 bulhels
1813 450 68 75 will
1906 450 45 75 20
1974 450 109 75 horles
2107 450 53 75 eat
2183 450 31 75 in
2239 450 45 75 24

1253 498 102 75 days?
1381 498 64 75 and
1460 498 56 75 the
1532 498 66 75 two
1614 498 292 75 tern^contained
1927 498 33 75 in
1983 498 27 75 it
2025 498 53 75 are
2100 498 46 75 20
2160 498 123 75 horfes,

1253 543 62 75 and
1333 543 45 75 24
1389 543 92 75 days.

1300 589 226 75 The-number
1551 589 115 75 fought
1690 589 27 75 is
1738 589 138 75 bulhels,
1901 589 63 75 and
1986 589 56 75 the
2064 589 83 75 term
2171 589 32 75 in
2227 589 58 75 the

167 644 74 75 inu!i
269 644 39 75 be
325 644 139 75 greater,
488 644 57 75 the
561 644 75 75 leaft
653 644 144 75 extreme
821 644 25 75 is
864 644 55 75 the
935 644 140 75 divifor;
1102 644 59 75 but
1177 644 33 75 if.
1251 644 188 75 fuppofition
1457 644 41 75 of
1517 644 54 75 the
1587 644 84 75 fame
1695 644 78 75 kind
1796 644 26 75 is
1851 644 43 75 56
1918 644 145 75 bulhels;
2089 644 188 75 wherefore,

430 658 17 49 n
468 676 9 75 '
524 676 9 75 '
557 658 17 49 r
616 676 7 75 '

789 676 120 75 :Jji-*

1252 676 171 75 according
1446 676 36 75 to
1505 676 87 75 Rule
1616 676 31 75 I.
1678 676 89 75 place
1792 676 46 75 56
1865 676 124 75 bulhels
2012 676 32 75 in
2069 676 55 75 the
2149 676 134 75 middle.

1251 731 77 75 The
1344 731 176 75 remaining
1537 731 73 75 four
1625 731 101 75 terms
1738 731 53 75 are
1807 731 174 75 extremes,
2007 731 105 75 which
2129 731 63 75 you
2204 731 81 75 clafs

1253 778 70 75 into
1347 778 116 75 fimilar
1488 778 97 75 pairs,
1616 778 44 75 by
1686 778 128 75 making
1837 778 79 75 each
1941 778 68 75 pair
2032 778 109 75 confift
2156 778 48 75 iof
2222 778 63 75 one

1252 824 82 75 term
1350 824 94 75 taken
1461 824 87 75 from
1564 824 55 75 the
1631 824 202 75 fuppofition,
1852 824 63 75 and
1930 824 135 75 another
2081 824 40 75 of
2131 824 56 75 the
2199 824 86 75 fame

1252 870 79 75 kind
1353 870 94 75 taken
1471 870 86 75 from
1580 870 56 75 the
1659 870 150 75 demand.
1863 870 109 75 Thus,
2003 870 42 75 14
2068 870 122 75 horfes,
2219 870 65 75 and

168 691 54 75 the
241 691 117 75 anfwer
371 691 81 75 muft
468 691 40 75 be
524 691 59 75 lefs
600 691 78 75 than
690 691 55 75 the
760 691 120 75 middle
896 691 95 75 term,
1016 691 55 75 the
1094 691 102 75 great-

167 740 44 75 eft
227 740 145 75 extreme
389 740 27 75 is
428 740 55 75 the
499 740 130 75 divifor.

216 786 65 75 III.
330 786 98 75 Place
444 786 43 75 all
503 786 57 75 the
575 786 134 75 divifors
726 786 41 75 on
784 786 56 75 the
862 786 62 75 left
944 786 100 75 hand,
1068 786 64 75 and
1147 786 57 75 the

168 832 93 75 other
279 832 158 75 extremes
453 832 43 75 on
513 832 56 75 the
587 832 107 75 right;
721 832 76 75 then
817 832 149 75 multiply
981 832 57 75 the
1054 832 147 75 divifors,

166 879 38 75 or
221 879 161 75 extremes
406 879 41 75 on
470 879 55 75 the
550 879 73 75 left,
648 879 210 75 continually,
882 879 52 75 for
951 879 18 75 a
985 879 130 75 divifor,
1140 879 62 75 and

166 926 149 75 multiply
333 926 54 75 the
404 926 161 75 extremes
583 926 42 75 bn
648 926 56 75 the
728 926 85 75 right
830 926 86 75 hand
932 926 63 75 and
1011 926 54 75 the
1082 926 119 75 middle
1251 926 46 75 20
1313 926 109 75 horfes
1440 926 91 75 make
1547 926 62 75 one
1630 926 90 75 pair;
1748 926 104 75 again,
1882 926 41 75 16
1940 926 94 75 days,
2058 926 64 75 and
2139 926 45 75 24
2201 926 82 75 days

166 973 95 75 term,
287 973 208 75 continually,
527 973 50 75 for
606 973 18 75 a
652 973 173 75 dividend;
861 973 75 75 and,
959 973 106 75 laltly,
1090 973 109 75 divide
1250 973 94 75 make
1360 973 135 75 another
1510 973 80 75 pair.

166 1020 56 75 the
238 1020 153 75 dividend
406 1020 43 75 by
467 1020 56 75 the
544 1020 140 75 divifor;
710 1020 63 75 and
789 1020 55 75 the
862 1020 81 75 quot
958 1020 28 75 is
997 1020 56 75 the
1066 1020 134 75 anfwer.
1297 1020 70 75 Out
1384 1020 41 75 of
1442 1020 56 75 the
1518 1020 118 75 feveral
1652 1020 117 75 fimilar
1784 1020 97 75 pairs,
1903 1020 112 75 joined
2031 1020 79 75 with
2125 1020 57 75 the
2199 1020 81 75 mid-

165 1067 40 75 of
225 1067 56 75 the
298 1067 82 75 fame
397 1067 92 75 name
505 1067 152 75 with-the
674 1067 121 75 middle
813 1067 97 75 term.

1248 1067 55 75 die
1320 1067 95 75 term,
1440 1067 63 75 you
1520 1067 84 75 form
1620 1067 35 75 fo
1670 1067 95 75 many
1782 1067 106 75 fimple
1913 1067 173 75 queftions,
2111 1067 172 75 according

211 1114 77 75 The
316 1114 120 75 anfwer
463 1114 35 75 to
525 1114 160 75 queftions
713 1114 33 75 in
773 1114 55 75 the
861 1114 182 75 compound
1069 1114 69 75 rule
1165 1114 41 75 o£
1250 1114 35 75 to
1301 1114 87 75 Rule
1404 1114 47 75 II.
1478 1114 71 75 viz.
1575 1114 44 75 by
1633 1114 122 75 faying,

165 1160 90 75 three
272 1160 74 75 may
362 1160 66 75 alfo
450 1160 40 75 be
514 1160 64 75 had
602 1160 44 75 by
669 1160 145 75 working
837 1160 56 75 the
915 1160 107 75 fimple
1039 1160 160 75 queftions
1302 1160 30 75 1.
1358 1160 38 75 If
1419 1160 41 75 14
1475 1160 109 75 horfes
1601 1160 51 75 eat
1671 1160 44 75 56
1732 1160 123 75 bulhels
1867 1160 33 75 in
1917 1160 19 75 a
1951 1160 121 75 certain
2088 1160 134 75 number
2245 1160 42 75 of

164 1207 190 75 feparately,
379 1207 36 75 or
432 1207 43 75 by
497 1207 202 75 themfelves,
724 1207 33 75 in
780 1207 57 75 the
861 1207 166 75 following
1055 1207 143 75 manner.

210 1300 77 75 The
314 1300 121 75 middle
457 1300 95 75 term,
578 1300 77 75 with
682 1300 63 75 any
768 1300 61 75 one
852 1300 70 75 pair
939 1300 39 75 of
997 1300 116 75 fimilar
1137 1300 58 75 ex-

164 1347 131 75 tremes,
320 1347 95 75 make
437 1347 55 75 the
516 1347 65 75 firft
606 1347 107 75 fimpie
736 1347 157 75 queftion,
919 1347 62 75 and
1005 1347 55 75 the
1078 1347 120 75 anfwer

164 1396 35 75 to
217 1396 63 75 this
298 1396 143 75 queftion
457 1396 81 75 muft
562 1396 41 75 be
626 1396 94 75 made
745 1396 55 75 the
825 1396 120 75 middle
969 1396 81 75 term
1079 1396 35 75 to
1142 1396 55 75 the
1244 1396 86 75 fume
1343 1396 12 75 ?

163 1442 80 75 next
271 1442 114 75 fimilar
410 1442 67 75 pair
501 1442 42 75 of
561 1442 183 75 extremes;
771 1442 64 75 and
858 1442 55 75 the
938 1442 120 75 anfwer
1079 1442 36 75 to
1131 1442 64 75 this

162 1489 116 75 fecond
294 1489 156 75 queftion,
468 1489 79 75 muft
563 1489 32 75 in
611 1489 65 75 like
693 1489 131 75 manner
839 1489 40 75 be
896 1489 93 75 made
1004 1489 57 75 the
1077 1489 119 75 middle

162 1536 83 75 term
272 1536 36 75 to
335 1536 56 75 the
416 1536 167 75 following
608 1536 114 75 fimilar
747 1536 68 75 pair
839 1536 40 75 of
897 1536 174 75 extremes,
1105 1536 88 75 6c.;

162 1582 63 75 and
241 1582 55 75 the
312 1582 121 75 anfwer
449 1582 36 75 to
501 1582 56 75 the
573 1582 57 75 laft
646 1582 108 75 fimple
771 1582 143 75 queftion
931 1582 26 75 is
982 1582 56 75 the
1061 1582 134 75 number

162 1628 127 75 fought.

208 1675 67 75 But
291 1675 55 75 the
359 1675 86 75 joint
462 1675 166 75 operation
644 1675 182 75 prefcribed
841 1675 33 75 in
891 1675 87 75 Rule
994 1675 67 75 III.
1086 1675 27 75 is
1137 1675 57 75 the

161 1723 122 75 fhorter
299 1723 33 75 as
345 1723 73 75 well
435 1723 34 75 as
485 1723 55 75 the
557 1723 94 75 eafier
668 1723 154 75 method;
841 1723 52 75 for
908 1723 32 75 in
953 1723 145 75 working
1108 1723 86 75 fome

161 1769 40 75 of
220 1769 55 75 the
291 1769 107 75 fimple
415 1769 172 75 queftions,
613 1769 91 75 there
729 1769 73 75 may
826 1769 123 75 happen
974 1769 36 75 to
1035 1769 39 75 be
1098 1769 20 75 a
1142 1769 49 75 re-

160 1814 155 75 mainder,
348 1814 63 75 and
428 1814 228 75 confequently
671 1814 56 75 the
744 1814 119 75 middle
879 1814 82 75 term
978 1814 40 75 of
1041 1814 56 75 the
1112 1814 81 75 next

160 1860 108 75 fimple
280 1860 142 75 queftion
438 1860 67 75 will
522 1860 80 75 have
620 1860 264 75 fome.fradional
903 1860 92 75 part;
1021 1860 106 75 which
1143 1860 49 75 in-

162 1907 213 75 conveniency
387 1907 26 75 is
432 1907 136 75 avoided
583 1907 44 75 by
643 1907 145 75 working
801 1907 132 75 jointly.

210 1955 37 75 In
264 1955 97 75 every
375 1955 107 75 fimple
499 1955 156 75 queftion,
680 1955 94 75 when
797 1955 56 75 the
876 1955 119 75 divifor
1016 1955 27 75 is
1069 1955 39 75 an
1133 1955 59 75 ex-

161 2001 102 75 treme
279 2001 100 75 found
395 2001 32 75 in
445 2001 54 75 the
515 2001 202 75 fuppofition,
738 2001 8 75 '
746 2001 56 75 the
819 2001 185 75 proportion
1025 2001 26 75 is
1068 2001 123 75 direft;

161 2049 59 75 but
236 2049 92 75 when
345 2049 56 75 the
417 2049 117 75 divifor
551 2049 26 75 is
598 2049 39 75 an
653 2049 146 75 extreme
818 2049 102 75 found
931 2049 30 75 in
975 2049 55 75 the
1042 2049 149 75 demand,

162 2095 56 75 the
234 2095 185 75 proportion
436 2095 26 75 is
478 2095 133 75 inverfe.

208 2142 76 75 The
300 2142 90 75 three
408 2142 84 75 rules
508 2142 163 75 delivered
687 2142 101 75 above
804 2142 55 75 are
873 2142 116 75 indeed
1005 2142 34 75 fo
1056 2142 136 75 calcula-

161 2189 67 75 ted,
254 2189 33 75 as
306 2189 33 75 to
355 2189 92 75 make
463 2189 42 75 no
522 2189 172 75 difference
711 2189 144 75 between
867 2189 101 75 direft
984 2189 62 75 and
1057 2189 133 75 inverfe,

161 2236 38 75 or
215 2236 33 75 fo
267 2236 33 75 as
317 2236 35 75 to
369 2236 114 75 render
498 2236 71 75 that
585 2236 177 75 diftindtion
780 2236 154 75 needlefs,
959 2236 55 75 the
1030 2236 164 75 left-hand

161 2281 160 75 extremes
338 2281 95 75 being
449 2281 40 75 all
505 2281 135 75 divifors
652 2281 10 75 ;
690 2281 58 75 but
764 2281 66 75 yet,
849 2281 34 75 as
900 2281 158 75 queftions
1070 2281 124 75 confift-

160 2329 54 75 ing
230 2329 137 75 entirely
383 2329 39 75 of
433 2329 100 75 diredt
553 2329 203 75 proportions
772 2329 54 75 are
842 2329 55 75 the
913 2329 130 75 plained
1061 2329 62 75 and
1139 2329 53 75 ea-

161 2376 78 75 fieft,
265 2376 24 75 it
313 2376 66 75 will
397 2376 38 75 be
452 2376 127 75 proper,
604 2376 32 75 in
662 2376 55 75 the
740 2376 64 75 lirft
829 2376 102 75 place,
957 2376 35 75 to
1015 2376 178 75 exemplify

162 2423 54 75 the
230 2423 83 75 rules
325 2423 43 75 by
388 2423 160 75 queftiohs
565 2423 40 75 of
623 2423 56 75 the
690 2423 100 75 diredt
806 2423 92 75 kind,
922 2423 63 75 and
1001 2423 190 75 afterwards

161 2466 167 75 introduce
339 2466 76 75 fuch
433 2466 33 75 as
483 2466 54 75 are
553 2466 133 75 inverfe.

209 2516 76 75 And
302 2516 33 75 as
352 2516 159 75 queftions
527 2516 31 75 in
575 2516 55 75 the
648 2516 68 75 rule
739 2516 40 75 of
798 2516 60 75 five
883 2516 54 75 are
962 2516 44 75 by
1029 2516 51 75 far
1104 2516 88 75 more

161 2561 183 75 numerous,
363 2561 61 75 and
439 2561 97 75 occur
553 2561 95 75 much
665 2561 139 75 oftener,
821 2561 77 75 than
915 2561 159 75 quellions
1087 2561 32 75 in
1135 2561 56 75 the

163 2610 67 75 rule
246 2610 39 75 of
297 2610 104 75 feven,
417 2610 86 75 nine,
527 2610 39 75 or
581 2610 132 75 eleven;
739 2610 48 75 we
804 2610 90 75 (hall,
918 2610 117 75 fiiftof
1045 2610 55 75 all,
1119 2610 71 75 give

162 2655 158 75 queftions
338 2655 31 75 in
386 2655 55 75 the
466 2655 68 75 rule
557 2655 41 75 of
616 2655 73 75 five,
714 2655 140 75 wherein
879 2655 79 75 both
987 2655 203 75 proportions

163 2705 54 75 are
239 2705 122 75 diredt;
386 2705 78 75 then
486 2705 91 75 thofe
599 2705 140 75 wherein
761 2705 60 75 one
838 2705 37 75 or
890 2705 81 75 both
987 2705 204 75 proportions

163 2750 52 75 are
232 2750 121 75 inverfe
365 2750 10 75 ;
401 2750 74 75 and,
492 2750 104 75 laftly,
614 2750 72 75 give
703 2750 19 75 a
738 2750 62 75 few
812 2750 163 75 examples
988 2750 40 75 of
1039 2750 55 75 the
1106 2750 85 75 rules

164 2799 39 75 of
222 2799 105 75 feven,
351 2799 85 75 nine,
463 2799 63 75 and
541 2799 124 75 eleven.

408 2909 29 75 I.
487 2909 66 75 The
570 2909 84 75 Rule
673 2909 43 75 of
728 2909 80 75 Five
824 2909 71 75 Dir
897 2909 58 75 eft.

209 2987 149 75 Quest,
381 2987 30 75 i.
460 2987 37 75 If
521 2987 41 75 14
585 2987 110 75 horfes
719 2987 52 75 eat
799 2987 41 75 56
866 2987 124 75 bulhels
1007 2987 40 75 of
1064 2987 77 75 corp
1158 2987 34 75 in

1249 1197 92 75 days,
1365 1197 76 75 how
1456 1197 96 75 many
1571 1197 124 75 bu/hels
1719 1197 68 75 will
1805 1197 44 75 20
1864 1197 114 75 horfes
1996 1197 52 75 eat
2069 1197 34 75 in
2125 1197 57 75 the
2197 1197 84 75 fame

1246 1244 75 75 time
1334 1244 12 75 ?

1296 1293 33 75 2.
1355 1293 36 75 If
1417 1293 38 75 16
1479 1293 80 75 days
1576 1293 52 75 eat
1644 1293 54 75 up,
1724 1293 39 75 or
1778 1293 163 75 confume,
1968 1293 55 75 5:6,
2048 1293 39 75 or
2102 1293 63 75 any
2183 1293 96 75 other

1246 1337 134 75 number
1395 1337 176 75 ofbulhels,
1595 1337 78 75 how
1688 1337 96 75 many
1799 1337 123 75 bulhels
1939 1337 67 75 will
2024 1337 45 75 24
2086 1337 82 75 days
2185 1337 79 75 con-

1295 1431 36 75 In
1350 1431 56 75 the
1422 1431 65 75 firft
1509 1431 108 75 fimple
1633 1431 142 75 queftion
1794 1431 26 75 it
1837 1431 26 75 is
1887 1431 146 75 obvious,
2058 1431 72 75 that
2146 1431 55 75 the
2220 1431 56 75 an-

1246 1477 80 75 fwer
1341 1477 67 75 will
1425 1477 40 75 be
1481 1477 127 75 greater
1624 1477 76 75 than
1711 1477 56 75 the
1783 1477 120 75 middle
1918 1477 81 75 term
2011 1477 11 75 ;
2040 1477 53 75 for
2110 1477 43 75 20
2168 1477 109 75 horfes

1247 1524 65 75 will
1330 1524 52 75 eat
1398 1524 89 75 more
1503 1524 124 75 bulhels
1644 1524 77 75 than
1750 1524 41 75 14
1806 1524 109 75 horfes
1930 1524 68 75 will
2014 1524 43 75 do
2073 1524 33 75 in
2122 1524 56 75 the
2193 1524 85 75 fame

1246 1572 98 75 time;
1371 1572 63 75 and
1449 1572 34 75 fo
1499 1572 56 75 the
1571 1572 76 75 leaft
1663 1572 157 75 extreme,
1845 1572 70 75 viz.
1940 1572 51 75 14,
2017 1572 28 75 is
2062 1572 56 75 the
2134 1572 140 75 divifor;

1245 1618 63 75 and
1323 1618 130 75 becaufe
1476 1618 40 75 14
1533 1618 27 75 is
1583 1618 40 75 an
1644 1618 147 75 extreme
1813 1618 102 75 found
1937 1618 33 75 in
1993 1618 55 75 the
2070 1618 204 75 fuppofition,

1246 1666 54 75 the
1315 1666 187 75 proportion
1519 1666 26 75 is
1561 1666 113 75 diredt.

1292 1712 37 75 In
1347 1712 56 75 the
1418 1712 117 75 fecond
1551 1712 108 75 fimple
1676 1712 142 75 queftion
1834 1712 26 75 it
1876 1712 27 75 is
1927 1712 65 75 alfo
2009 1712 96 75 plain,
2131 1712 72 75 that
2219 1712 57 75 the

1245 1758 118 75 anfwer
1379 1758 67 75 will
1458 1758 40 75 be
1513 1758 125 75 greater
1654 1758 79 75 than
1749 1758 55 75 the
1815 1758 120 75 middle
1947 1758 81 75 term
2040 1758 10 75 ;
2069 1758 52 75 for
2135 1758 44 75 24
2195 1758 79 75 days

1245 1805 65 75 will
1333 1805 147 75 confume
1505 1805 88 75 more
1621 1805 122 75 bulhels
1771 1805 78 75 than
1883 1805 39 75 16
1950 1805 102 75 days;
2079 1805 62 75 and
2165 1805 109 75 confe-

1244 1851 135 75 quently
1395 1851 55 75 the
1466 1851 76 75 leaft
1558 1851 157 75 extreme,
1740 1851 70 75 viz.
1839 1851 54 75 16,
1917 1851 28 75 is
1970 1851 55 75 the
2046 1851 139 75 divifor;
2211 1851 64 75 and

1243 1899 130 75 becaufe
1394 1899 42 75 16
1452 1899 27 75 is
1496 1899 40 75 an
1557 1899 145 75 extreme
1726 1899 101 75 found
1849 1899 34 75 in
1908 1899 56 75 the
1988 1899 204 75 fuppofition,
2216 1899 57 75 the

1241 1945 187 75 proportion
1444 1945 26 75 is
1487 1945 114 75 diredl.

1886 1988 97 75 Joint
1999 1988 176 75 operation.

1824 2037 132 75 Horfes.
1982 2037 136 75 bujhels.
2136 2037 116 75 horfes.

1798 2085 37 75 If
1858 2085 41 75 14
1941 2085 9 75 :
1995 2085 44 75 56
2067 2085 41 75 ::
2137 2085 45 75 20

1796 2132 54 75 da.
1861 2132 38 75 16

2136 2132 46 75 24
2196 2132 54 75 da.

1290 1991 186 75 According
1507 1991 35 75 to
1572 1991 86 75 Rule
1682 1991 67 75 III.

1243 2041 89 75 place
1349 2041 56 75 the
1419 2041 134 75 divifews
1566 2041 41 75 on
1618 2041 58 75 the
1690 2041 62 75 left

1242 2086 98 75 hand,
1381 2086 65 75 and
1476 2086 56 75 the
1563 2086 94 75 other
1690 2086 59 75 ex-

1242 2132 116 75 tremes
1387 2132 42 75 on
1459 2132 57 75 the
1549 2132 99 75 right,
1688 2132 62 75 and

1241 2179 80 75 both
1337 2179 42 75 of
1389 2179 90 75 them
1493 2179 103 75 under
1611 2179 60 75 one
1693 2179 56 75 an-

1245 2226 104 75 other,
1375 2226 34 75 fo
1433 2226 72 75 that
1528 2226 56 75 the
1607 2226 67 75 two
1691 2226 57 75 up-

1242 2273 56 75 per
1313 2273 76 75 ones
1407 2273 92 75 make
1516 2273 19 75 a
1549 2273 82 75 pair,
1656 2273 38 75 or
1708 2273 40 75 be

1242 2319 40 75 of
1300 2319 60 75 one
1386 2319 92 75 kind,
1507 2319 64 75 and
1598 2319 55 75 the
1676 2319 66 75 two

1238 2367 101 75 lower
1370 2367 76 75 ones
1477 2367 93 75 make
1605 2367 134 75 another

1238 2413 81 75 pair,
1353 2413 37 75 or
1417 2413 41 75 be
1484 2413 41 75 of
1549 2413 60 75 one
1633 2413 102 75 kind;

1240 2460 61 75 and
1318 2460 42 75 no
1375 2460 117 75 matter
1508 2460 104 75 which
1629 2460 40 75 of
1679 2460 57 75 the

1240 2507 83 75 pairs
1355 2507 41 75 be
1422 2507 198 75 uppermoft:
1655 2507 80 75 then

1241 2552 151 75 multiply
1424 2552 57 75 the
1507 2552 149 75 divifors,
1696 2552 40 75 or

1240 2601 55 75 the
1327 2601 159 75 extremes
1514 2601 42 75 on
1587 2601 56 75 the
1673 2601 63 75 left

1239 2647 97 75 hand,
1361 2647 52 75 for
1430 2647 18 75 a
1459 2647 138 75 divifor;
1622 2647 63 75 and
1698 2647 36 75 a-

1239 2693 71 75 gain
1335 2693 148 75 multiply
1502 2693 55 75 the
1574 2693 161 75 extremes

1238 2741 41 75 on
1296 2741 55 75 the
1374 2741 97 75 right,
1497 2741 63 75 and
1581 2741 56 75 the
1652 2741 83 75 mid-

1239 2789 53 75 dle
1320 2789 95 75 term,
1448 2789 208 75 continually,
1684 2789 53 75 for

1241 2835 18 75 a
1283 2835 173 75 dividend;
1499 2835 65 75 and
1593 2835 144 75 dividing
1784 2835 82 75 Anf.
1895 2835 64 75 120
1975 2835 137 75 bulhels.

1240 2882 55 75 the
1311 2882 152 75 dividend
1477 2882 44 75 by
1533 2882 55 75 the
1603 2882 129 75 divifor,

1240 2929 54 75 the
1318 2929 80 75 quot
1423 2929 37 75 or
1482 2929 121 75 anfwer
1625 2929 106 75 comes
1755 2929 58 75 out
1837 2929 40 75 of
1894 2929 57 75 the
1973 2929 84 75 fame
2076 2929 93 75 name
2184 2929 81 75 with

1241 2974 56 75 the
1311 2974 120 75 middle
1447 2974 96 75 term,
1568 2974 70 75 viz.
1668 2974 64 75 120
1748 2974 139 75 bulhels.

2185 3015 79 75 The
