2493 3387
738 120 490 75 ASTRO

173 190 92 75 rence
284 190 40 75 of
343 190 178 75 longitude.
572 190 252 75 Confequently,
848 190 32 75 if
897 190 55 75 the
974 190 172 75 beginning
1170 190 37 75 or

174 236 118 75 ending
308 236 40 75 of
368 236 18 75 a
401 236 91 75 lunar
508 236 114 75 eclipfe
647 236 39 75 be
711 236 165 75 obferved,
901 236 131 75 fuppofe
1057 236 33 75 at
1115 236 89 75 Lon-

171 283 79 75 don,
277 283 34 75 to
328 283 39 75 be
392 283 126 75 exaftly
536 283 31 75 at
585 283 173 75 midnight,
783 283 62 75 and
861 283 33 75 in
910 283 85 75 fome
1012 283 94 75 other
1118 283 89 75 place

173 328 34 75 at
227 328 37 75 11
286 328 32 75 at
341 328 103 75 night,
469 328 71 75 that
564 328 89 75 place
679 328 27 75 is
736 328 39 75 15
793 328 131 75 degrees
943 328 163 75 weftward
1123 328 85 75 from

172 376 57 75 the
246 376 152 75 meridian
415 376 41 75 of
467 376 139 75 London
618 376 10 75 ;
655 376 30 75 if
697 376 55 75 the
769 376 83 75 fame
868 376 113 75 eclipfe
998 376 40 75 be
1054 376 155 75 obferved

173 421 33 75 at
228 421 12 75 1
261 421 33 75 in
311 421 56 75 the
383 421 146 75 morning
547 421 32 75 at
597 421 135 75 another
743 421 102 75 place,
862 421 71 75 that
944 421 88 75 place
1048 421 27 75 is
1093 421 13 75 x
1114 421 16 75 5
1150 421 56 75 de-

174 467 89 75 grees
276 467 154 75 eaftward
446 467 85 75 from
545 467 55 75 the
616 467 68 75 laid
699 467 167 75 meridian.

219 513 66 75 But
301 513 33 75 as
352 513 26 75 it
393 513 28 75 is
437 513 58 75 not
512 513 73 75 eafy
608 513 35 75 to
667 513 177 75 determine
869 513 55 75 the
950 513 92 75 exatt
1066 513 142 75 moment

172 559 102 75 either
289 559 41 75 of
349 559 56 75 the
421 559 172 75 beginning
605 559 37 75 or
658 559 117 75 ending
791 559 40 75 of
850 559 19 75 a
883 559 92 75 lunar
996 559 127 75 eclipfe,
1150 559 56 75 be-

172 606 90 75 caufe
278 606 57 75 the
350 606 120 75 earth’s
487 606 141 75 lhadow,
645 606 142 75 through
802 606 104 75 which
919 606 54 75 the
986 606 96 75 moon
1094 606 111 75 paffes,

172 653 27 75 is
217 653 81 75 faint
315 653 63 75 and
393 653 36 75 ill
445 653 125 75 defined
588 653 98 75 about
702 653 54 75 the
769 653 110 75 edges,
896 653 49 75 we
962 653 81 75 have
1060 653 146 75 recourfe

173 699 35 75 to
225 699 55 75 the
297 699 129 75 eclipfes
442 699 41 75 of
501 699 156 75 Jupiter’s
673 699 164 75 fatellites,
863 699 104 75 which
993 699 163 75 difappear
1171 699 35 75 fo

172 744 262 75 inllantaneoufly
458 744 33 75 as
517 744 77 75 they
617 744 89 75 enter
731 744 154 75 Jupiter’s
911 744 139 75 ihadow,
1085 744 62 75 and
1171 744 34 75 e-

173 791 107 75 merge
297 791 33 75 fo
347 791 152 75 fuddenly
517 791 56 75 out
590 791 38 75 of
647 791 39 75 it,
711 791 71 75 that
800 791 48 75 we
865 791 71 75 may
953 791 46 75 fix
1012 791 55 75 the
1084 791 121 75 pheno-

172 837 114 75 menon
303 837 36 75 to
363 837 74 75 half
457 837 18 75 a
498 837 112 75 fecond
637 837 40 75 of
695 837 91 75 time.
834 837 77 75 The
936 837 64 75 firfl:
1025 837 37 75 or
1086 837 120 75 neareft

173 883 133 75 fatellite
322 883 35 75 to
373 883 125 75 Jupiter
513 883 27 75 is
560 883 56 75 the
633 883 79 75 moft
729 883 234 75 advantageous
981 883 51 75 for
1048 883 64 75 this
1129 883 75 75 pur-

171 930 85 75 pofe,
282 930 130 75 becaufe
434 930 41 75 its
492 930 122 75 motion
638 930 28 75 is
689 930 134 75 quicker
846 930 79 75 than
948 930 57 75 the
1029 930 123 75 motion
1169 930 41 75 of

173 976 61 75 any
257 976 39 75 of
316 976 55 75 the
395 976 72 75 reft,
493 976 63 75 and
572 976 163 75 therefore
751 976 42 75 its
809 976 196 75 immerfions
1023 976 62 75 and
1101 976 103 75 emer-

171 1023 82 75 fions
270 1023 54 75 are
341 1023 88 75 more
447 1023 163 75 frequent.

218 1069 76 75 The
318 1069 133 75 Englifti
477 1069 209 75 aftronomers
710 1069 81 75 have
816 1069 181 75 calculated
1020 1069 102 75 tables
1150 1069 54 75 for

172 1114 138 75 (hewing
334 1114 54 75 the
404 1114 93 75 times
522 1114 41 75 of
581 1114 56 75 the
660 1114 130 75 eclipfes
815 1114 40 75 of
874 1114 154 75 Jupiter’s
1051 1114 153 75 fatellites

173 1160 34 75 to
225 1160 90 75 great
327 1160 164 75 precifion,
510 1160 51 75 for
574 1160 55 75 the
641 1160 152 75 meridian
807 1160 39 75 of
858 1160 208 75 Greenwich.
1103 1160 100 75 Now,

172 1206 46 75 let
235 1206 38 75 an
291 1206 159 75 obferver,
475 1206 73 75 who
567 1206 58 75 has
642 1206 87 75 thefe
746 1206 115 75 tables,
887 1206 78 75 with
989 1206 19 75 a
1024 1206 85 75 good
1125 1206 79 75 tele-

172 1253 92 75 fcope
281 1253 60 75 and
359 1253 19 75 a
399 1253 257 75 well-regulated
679 1253 92 75 clock
796 1253 33 75 at
854 1253 61 75 any
938 1253 95 75 other
1056 1253 90 75 place
1170 1253 41 75 of

172 1300 56 75 the
247 1300 104 75 earth,
376 1300 130 75 obferve
523 1300 55 75 the
595 1300 172 75 beginning
783 1300 38 75 or
836 1300 117 75 ending
970 1300 40 75 of
1029 1300 39 75 an
1090 1300 114 75 eclipfe

173 1345 40 75 of
231 1345 60 75 one
315 1345 40 75 of
373 1345 155 75 Jupiter’s
545 1345 165 75 fatelhfes,
735 1345 60 75 and
813 1345 75 75 note
912 1345 56 75 the
991 1345 119 75 precife
1135 1345 68 75 mo-

174 1392 86 75 ment
277 1392 41 75 of
329 1392 76 75 time
418 1392 70 75 that
500 1392 41 75 he
553 1392 61 75 faw
630 1392 53 75 the
695 1392 135 75 fatellite
845 1392 102 75 either
959 1392 151 75 immerge
1122 1392 81 75 into,

174 1437 37 75 or
238 1437 126 75 emerge
389 1437 57 75 out
470 1437 39 75 of
529 1437 55 75 the
608 1437 139 75 (hadow,
773 1437 62 75 and
859 1437 148 75 compare
1031 1437 72 75 that
1125 1437 78 75 time

175 1484 79 75 with
271 1484 55 75 the
342 1484 76 75 time
435 1484 103 75 (hewn
556 1484 42 75 by
615 1484 56 75 the
688 1484 101 75 tables
802 1484 51 75 for
868 1484 194 75 Greenwich
1076 1484 9 75 ;
1112 1484 91 75 then,

179 1531 37 75 15
235 1531 131 75 degrees
383 1531 173 75 difference
572 1531 41 75 of
630 1531 166 75 longitude
818 1531 94 75 being
937 1531 136 75 allowed
1095 1531 51 75 for
1171 1531 32 75 e-

173 1580 79 75 very
267 1580 110 75 hour’s
399 1580 173 75 difference
595 1580 41 75 of
655 1580 89 75 time,
770 1580 67 75 will
863 1580 71 75 give
958 1580 55 75 the
1038 1580 166 75 longitude

175 1623 40 75 of
233 1623 71 75 that
328 1623 89 75 place
440 1623 86 75 from
547 1623 208 75 Greenwich,
782 1623 33 75 as
838 1623 122 75 above;
986 1623 63 75 and
1064 1623 31 75 if
1114 1623 90 75 there

174 1670 39 75 be
230 1670 60 75 any
302 1670 65 75 odd
383 1670 137 75 minutes
537 1670 40 75 of
596 1670 91 75 time,
712 1670 52 75 for
780 1670 96 75 every
899 1670 120 75 minute
1037 1670 14 75 a
1072 1670 71 75 qua>
1154 1670 50 75 ter

174 1717 40 75 of
232 1717 19 75 a
265 1717 129 75 degree,
419 1717 63 75 eaft
505 1717 37 75 or
558 1717 86 75 weft,
669 1717 81 75 muft
773 1717 38 75 be
829 1717 148 75 allowed,
1003 1717 33 75 as
1055 1717 54 75 the
1126 1717 76 75 time

176 1762 38 75 of
233 1762 200 75 obfervation
449 1762 28 75 is
492 1762 83 75 later
591 1762 38 75 or
644 1762 113 75 earlier
773 1762 75 75 than
868 1762 55 75 the
946 1762 76 75 time
1039 1762 103 75 (hewn
1159 1762 44 75 by

174 1809 55 75 the
245 1809 114 75 tables.
410 1809 86 75 Such
522 1809 130 75 eclipfes
676 1809 53 75 are
752 1809 78 75 very
853 1809 187 75 convenient
1063 1809 52 75 for
1138 1809 63 75 this

173 1857 133 75 purpofe
323 1857 31 75 at
370 1857 87 75 land,
483 1857 129 75 becaufe
629 1857 77 75 they
721 1857 125 75 happen
870 1857 110 75 almoft
1003 1857 96 75 every
1114 1857 84 75 day;

174 1902 55 75 but
246 1902 54 75 are
316 1902 41 75 of
374 1902 42 75 no
433 1902 51 75 ufe
501 1902 33 75 at
550 1902 63 75 fea,
638 1902 131 75 becaufe
785 1902 55 75 the
856 1902 116 75 rolling
997 1902 40 75 of
1056 1902 55 75 the
1135 1902 66 75 (hip

173 1949 128 75 hinders
318 1949 41 75 all
373 1949 68 75 nice
457 1949 198 75 telefcopical
673 1949 230 75 obfervations.

184 1996 4 75 .
218 1996 58 75 To
304 1996 129 75 explain
457 1996 64 75 this
544 1996 43 75 by
612 1996 18 75 a
652 1996 113 75 figure,
790 1996 32 75 in
838 1996 93 75 Plate
947 1996 118 75 XLII.
1090 1996 56 75 fig.
1169 1996 31 75 x.

173 2040 44 75 let
242 2040 31 75 J
286 2040 39 75 be
341 2040 139 75 Jupiter,
506 2040 45 75 K,
571 2040 39 75 L,
628 2040 57 75 M,
704 2040 103 75 iVhis
824 2040 73 75 four
909 2040 152 75 fatellites
1073 2040 32 75 in
1117 2040 84 75 their

174 2088 169 75 refpedtive
361 2088 113 75 orbits,
505 2088 30 75 1,
555 2088 31 75 2,
609 2088 32 75 3,
660 2088 42 75 4;
730 2088 61 75 and
808 2088 45 75 let
871 2088 56 75 the
943 2088 89 75 earth
1050 2088 40 75 be
1114 2088 34 75 at
1173 2088 26 75 f,

175 2134 145 75 (fuppofe
337 2134 31 75 in
384 2134 199 75 November,
608 2134 154 75 although
773 2134 71 75 that
861 2134 111 75 month
990 2134 26 75 is
1035 2134 41 75 no
1093 2134 108 75 other-

172 2180 74 75 wife
274 2180 144 75 material
446 2180 77 75 than
555 2180 35 75 to
621 2180 65 75 find
715 2180 56 75 the
803 2180 91 75 earth
926 2180 122 75 readily
1079 2180 32 75 in
1136 2180 64 75 this

171 2227 137 75 fcheme,
333 2227 106 75 where
455 2227 24 75 it
496 2227 26 75 is
545 2227 104 75 (hewn
670 2227 32 75 in
726 2227 90 75 eight
832 2227 149 75 different
998 2227 85 75 parts
1100 2227 40 75 of
1158 2227 41 75 its

172 2273 115 75 orbit).
336 2273 66 75 Let
480 2273 38 75 be
542 2273 18 75 a
584 2273 89 75 place
692 2273 42 75 on
734 2255 10 49 1
757 2273 61 75 the-
837 2273 153 75 meridian
1015 2273 40 75 of
1073 2273 127 75 Green-

171 2319 96 75 wich,
292 2319 62 75 and
372 2319 29 75 R
425 2319 18 75 a
468 2319 88 75 place
581 2319 41 75 on
645 2319 86 75 fome
755 2319 94 75 other
874 2319 151 75 meridian
1048 2319 154 75 eaftward

171 2367 84 75 from
272 2367 206 75 Greenwich.
527 2367 65 75 Let
609 2367 18 75 a
643 2367 110 75 perfon
771 2367 32 75 at
820 2367 30 75 R
868 2367 129 75 obferve
1013 2367 55 75 the
1085 2367 114 75 inftan-

173 2412 129 75 taneous
325 2412 162 75 vaniftiing
509 2412 40 75 of
567 2412 55 75 the
646 2412 63 75 firft
733 2412 136 75 fatellite
895 2412 38 75 K
950 2412 69 75 into
1044 2412 154 75 Jupiter’s

172 2458 139 75 fhadow,
336 2458 130 75 fuppofe
488 2458 32 75 at
545 2458 91 75 three
658 2458 127 75 o)clock
808 2458 32 75 in
866 2458 55 75 the
946 2458 169 75 morning;
1141 2458 59 75 but

173 2505 43 75 by
227 2505 56 75 the
299 2505 101 75 tables
416 2505 40 75 he
468 2505 81 75 finds
566 2505 55 75 the
632 2505 176 75 immerfion
820 2505 39 75 of
871 2505 69 75 that
956 2505 134 75 fatellite
1107 2505 35 75 to
1159 2505 39 75 be

172 2551 33 75 at
222 2551 202 75 midnight.at
441 2551 193 75 Greenwich
647 2551 11 75 ;
685 2551 40 75 he
742 2551 58 75 can
819 2551 76 75 then
913 2551 217 75 immediately
1142 2551 55 75 de-

173 2596 146 75 termine,
333 2596 70 75 that
412 2596 32 75 as
452 2596 90 75 there
551 2596 53 75 are
617 2596 90 75 three
716 2596 97 75 hours
826 2596 171 75 difference
1010 2596 39 75 of
1056 2596 76 75 time
1142 2596 55 75 be-

175 2642 102 75 tween
298 2642 116 75 J^and
430 2642 33 75 R'
463 2642 10 75 ,
494 2642 65 75 and
576 2642 71 75 that
665 2642 29 75 R
710 2642 26 75 is
753 2642 90 75 three
859 2642 98 75 hours
974 2642 174 75 forwarder
1165 2642 32 75 in

172 2688 174 75 reckoning
361 2688 75 75 than
523 2688 24 75 it
564 2688 78 75 muft
655 2688 38 75 be
707 2688 41 75 45
764 2688 131 75 degrees
907 2688 40 75 of
959 2688 61 75 eaft
1032 2688 165 75 longitude

172 2736 83 75 from
270 2736 53 75 the
332 2736 152 75 meridian
494 2736 39 75 of
545 2736 49 75 i£.
618 2736 103 75 Were
737 2736 63 75 this
813 2736 135 75 method
964 2736 33 75 as
1010 2736 188 75 practicable

173 2783 31 75 at
222 2783 50 75 fea
296 2783 33 75 as
355 2783 32 75 at
411 2783 87 75 land,
523 2783 62 75 any
602 2783 93 75 failor
710 2783 103 75 might
829 2783 110 75 almoll:
955 2783 33 75 as
1006 2783 104 75 eafily,
1136 2783 62 75 and

173 2828 75 75 with
274 2828 94 75 equal
386 2828 169 75 certainty,
580 2828 63 75 find
662 2828 55 75 the
740 2828 164 75 longitude
929 2828 32 75 as
979 2828 54 75 the
1050 2828 145 75 latitude.

218 2874 120 75 Whilft
363 2874 54 75 the
440 2874 90 75 earth
554 2874 26 75 is
604 2874 97 75 going
725 2874 83 75 from
835 2874 28 75 C7
884 2874 35 75 to
944 2874 28 75 E
993 2874 30 75 in
1041 2874 40 75 its
1099 2874 96 75 orbit,

173 2922 76 75 only
275 2922 56 75 the
353 2922 192 75 immerfions
567 2922 39 75 of
625 2922 156 75 Jupiter’s
805 2922 151 75 fatellites
971 2922 70 75 into
1056 2922 50 75 hi^
1130 2922 66 75 fha-

171 2968 72 75 dow
273 2968 52 75 are
352 2968 161 75 generally
540 2968 92 75 feen;
667 2968 62 75 and
755 2968 84 75 their
875 2968 166 75 emerfions
1071 2968 59 75 put
1162 2968 45 75 of

220 3015 99 75 Vox-.
338 3015 29 75 I.
415 3015 124 75 Numb.
562 3015 53 75 19.

1083 3015 18 75 3

1306 117 44 75 N
1430 117 40 75 O
1549 117 48 75 M
1678 117 52 75 Y.

2204 117 51 75 45
2269 117 20 75 7

1257 183 24 75 it
1310 183 96 75 while
1431 183 55 75 the
1511 183 91 75 earth
1628 183 75 75 goes
1728 183 84 75 from
1837 183 32 75 G
1893 183 35 75 to
1954 183 44 75 B.
2045 183 135 75 Indeed,
2211 183 81 75 bodt

1257 230 87 75 thefe
1368 230 209 75 appearances
1594 230 75 75 may
1686 230 38 75 be
1742 230 71 75 (een
1830 230 40 75 of
1882 230 55 75 the
1954 230 128 75 fecond,
2107 230 102 75 third,
2230 230 64 75 and

1256 276 111 75 fourth
1383 276 135 75 fatellite
1529 276 95 75 when
1641 276 149 75 eclipfed,
1809 276 105 75 whilft
1929 276 56 75 the
1997 276 92 75 earth
2102 276 26 75 is
2146 276 146 75 between

1256 322 37 75 D
1318 322 62 75 and
1396 322 44 75 E,
1465 322 37 75 or
1520 322 143 75 between
1689 322 29 75 G
1736 322 63 75 and
1815 322 56 75 A;
1898 322 57 75 but
1973 322 95 75 never
2091 322 41 75 of
2150 322 56 75 the
2229 322 66 75 firft

1257 369 146 75 fatellite,
1430 369 41 75 on
1498 369 135 75 account
1661 369 40 75 of
1728 369 57 75 the
1809 369 160 75 fmallnefs
1994 369 40 75 of
2053 369 42 75 its
2120 369 86 75 orbit
2230 369 65 75 and

1256 416 55 75 the
1329 416 78 75 bulk
1423 416 40 75 of
1483 416 139 75 Jupiter,
1648 416 117 75 except
1777 416 76 75 only
1870 416 93 75 when
1976 416 128 75 Jupiter
2114 416 27 75 is
2157 416 137 75 diredtly

1256 462 140 75 oppofite
1413 462 34 75 to
1464 462 55 75 the
1533 462 69 75 fun,
1627 462 70 75 that
1710 462 40 75 is,
1776 462 93 75 when
1886 462 55 75 the
1958 462 90 75 earth
2064 462 28 75 is
2107 462 31 75 at
2161 462 42 75 g;
2230 462 64 75 and

1256 508 78 75 even
1359 508 91 75 then,
1475 508 119 75 ftridtly
1618 508 162 75 fpeaking,
1813 508 49 75 we
1887 508 119 75 cannot
2029 508 49 75 fee
2107 508 103 75 either
2234 508 59 75 the

1257 555 194 75 immerfions
1469 555 37 75 or
1522 555 167 75 emerfions
1707 555 40 75 of
1767 555 62 75 any
1845 555 40 75 of
1904 555 50 75 his
1971 555 165 75 fatellites.,
2161 555 133 75 becaufe

1256 601 49 75 his
1320 601 90 75 body
1432 601 94 75 being
1542 601 134 75 direCtly
1699 601 144 75 between
1868 601 37 75 us
1931 601 63 75 and
2016 601 49 75 his
2084 601 121 75 conical
2222 601 70 75 (ha-

1256 647 86 75 dow,
1367 647 50 75 his
1440 647 152 75 fatellites
1618 647 52 75 are
1695 647 58 75 hid
1776 647 46 75 by
1837 647 50 75 his
1905 647 86 75 body
2008 647 19 75 a
2049 647 62 75 few
2133 647 159 75 moments

1256 694 110 75 before
1383 694 78 75 they
1485 694 97 75 touch
1608 694 49 75 his
1684 694 128 75 fhadow
1820 694 14 75 p
1860 694 62 75 and
1947 694 54 75 are
2024 694 89 75 quite
2140 694 152 75 emerged

1254 741 85 75 from
1364 741 114 75 thence
1502 741 112 75 before
1639 741 49 75 we
1712 741 59 75 can
1798 741 51 75 fee
1872 741 102 75 them,
1999 741 33 75 as
2058 741 25 75 it
2106 741 97 75 were,
2224 741 67 75 juft

1254 787 158 75 dropping
1429 787 82 75 from
1535 787 80 75 him.
1666 787 74 75 And
1768 787 92 75 when
1887 787 55 75 the
1966 787 91 75 earth
2074 787 27 75 is
2119 787 33 75 at
2175 787 29 75 c,
2231 787 58 75 the

1253 833 68 75 fun,
1347 833 95 75 being
1458 833 145 75 between
1619 833 26 75 it
1661 833 62 75 and
1747 833 141 75 Jupiter,
1913 833 91 75 hides
2027 833 80 75 both
2131 833 69 75 him
2226 833 64 75 and

1254 880 49 75 his
1320 880 111 75 moons
1448 880 85 75 from
1551 880 48 75 us.

1301 926 38 75 In
1364 926 63 75 this
1454 926 156 75 diagram,
1644 926 56 75 the
1727 926 101 75 orbits
1856 926 40 75 of
1915 926 157 75 Jupiter’s
2095 926 111 75 moons
2235 926 55 75 are

1254 973 110 75 drawn
1381 973 31 75 in
1430 973 70 75 true
1517 973 185 75 proportion
1726 973 36 75 to
1782 973 51 75 his
1857 973 176 75 diameter;
2060 973 70 75 but,
2156 973 32 75 in
2215 973 74 75 pro-

1254 1019 127 75 portion
1406 1019 35 75 to
1470 1019 55 75 the
1551 1019 119 75 earth’s
1695 1019 98 75 orbit,
1819 1019 77 75 they
1922 1019 56 75 are
2000 1019 109 75 drawn
2133 1019 41 75 81
2196 1019 94 75 times

1257 1065 55 75 too
1329 1065 99 75 large.

1302 1112 36 75 In
1356 1112 162 75 whatever
1534 1112 112 75 month
1664 1112 40 75 of
1723 1112 55 75 the
1795 1112 77 75 year
1888 1112 128 75 Jupiter
2039 1112 26 75 is
2086 1112 31 75 in
2134 1112 154 75 conjunc-

1254 1159 67 75 tion
1345 1159 80 75 with
1451 1159 55 75 the
1528 1159 67 75 fun,
1621 1159 38 75 or
1681 1159 31 75 in
1730 1159 177 75 oppofition
1924 1159 34 75 to
1975 1159 79 75 him,
2080 1159 30 75 in
2129 1159 56 75 the
2209 1159 81 75 next

1254 1205 76 75 year
1353 1205 26 75 it
1404 1205 66 75 will
1494 1205 39 75 be
1560 1205 18 75 a
1602 1205 113 75 month
1739 1205 81 75 later
1837 1205 32 75 at
1886 1205 88 75 lead.
2025 1205 65 75 For
2107 1205 102 75 whilft
2232 1205 58 75 the

1254 1252 91 75 earth
1361 1252 77 75 goes
1454 1252 81 75 once
1552 1252 102 75 round
1667 1252 53 75 the
1732 1252 69 75 fun,
1820 1252 127 75 Jupiter
1959 1252 189 75 defcribes.a
2160 1252 130 75 twelfth

1254 1298 70 75 part
1340 1298 40 75 of
1398 1298 49 75 his
1471 1298 98 75 orbit.
1619 1298 78 75 And
1721 1298 174 75 therefore,
1922 1298 92 75 when
2040 1298 55 75 the
2121 1298 91 75 earth
2229 1298 59 75 has

1253 1345 130 75 finilhed
1399 1345 42 75 its
1458 1345 113 75 annual
1591 1345 124 75 period,
1740 1345 85 75 from
1842 1345 94 75 being
1952 1345 31 75 in
2001 1345 18 75 a
2040 1345 65 75 line
2127 1345 79 75 with
2231 1345 58 75 the

1253 1391 54 75 fun
1325 1391 62 75 and
1404 1391 139 75 Jupiter,
1562 1391 24 75 it
1602 1391 80 75 muft
1698 1391 42 75 go
1758 1391 33 75 as
1809 1391 94 75 much
1917 1391 176 75 forwarder
2109 1391 34 75 as
2161 1391 128 75 Jupiter

1253 1438 56 75 has
1326 1438 115 75 moved
1457 1438 32 75 in
1507 1438 71 75 that
1592 1438 93 75 time,
1707 1438 36 75 to
1755 1438 151 75 overtake
1921 1438 67 75 him
2006 1438 112 75 again.;
2140 1438 66 75 juft
2222 1438 67 75 like

1253 1485 54 75 the
1321 1485 222 75 minute-hand
1558 1485 40 75 of
1617 1485 18 75 a
1648 1485 116 75 watch,
1790 1485 104 75 which
1912 1485 92 75 muft,
2029 1485 84 75 from
2132 1485 62 75 any
2210 1485 78 75 con-

1249 1532 144 75 junction
1405 1532 78 75 with
1501 1532 56 75 the
1569 1532 198 75 hour-hand,
1785 1532 42 75 go
1840 1532 78 75 once
1932 1532 102 75 round
2048 1532 54 75 the
2118 1532 170 75 dial-plate

1253 1578 62 75 and
1342 1578 173 75 fomewhat
1539 1578 99 75 above
1663 1578 19 75 a
1704 1578 128 75 twelfth
1858 1578 71 75 part
1954 1578 101 75 more,
2082 1578 34 75 to
2132 1578 156 75 overtake

1253 1624 54 75 the
1324 1624 82 75 hour
1424 1624 84 75 hand
1526 1624 106 75 again.

1300 1671 31 75 It
1348 1671 25 75 is
1392 1671 100 75 found
1508 1671 43 75 by
1563 1671 213 75 obfervation,
1801 1671 71 75 that
1891 1671 93 75 when
2003 1671 55 75 the
2075 1671 91 75 earth
2183 1671 27 75 is
2227 1671 57 75 be-

1252 1717 103 75 tween
1373 1717 54 75 the
1444 1717 54 75 fun
1516 1717 62 75 and
1595 1717 137 75 Jupiter,
1758 1717 32 75 as
1809 1717 32 75 at
1864 1717 35 75 g,
1923 1717 50 75 his
1991 1717 150 75 (atellites
2158 1717 53 75 are
2232 1717 54 75 ec-

1251 1768 100 75 lipfed
1367 1768 99 75 about
1483 1768 19 75 8
1522 1768 135 75 mffiutes
1670 1768 112 75 fooner
1798 1768 77 75 than
1893 1768 78 75 they
1983 1768 111 75 fhould
2109 1768 41 75 be
2171 1768 117 75 Accor-,

1252 1810 76 75 ding
1344 1810 35 75 to
1395 1810 55 75 the
1467 1810 122 75 tables;
1616 1810 63 75 and
1702 1810 93 75 when
1816 1810 59 75 the
1901 1810 89 75 earth
2016 1810 26 75 is
2068 1810 32 75 at
2126 1810 29 75 B
2182 1810 38 75 ox
2239 1810 44 75 C,

1251 1857 85 75 thele
1353 1857 129 75 eclipfes
1497 1857 125 75 happen
1635 1857 97 75 about
1750 1857 20 75 8
1785 1857 134 75 minutes
1933 1857 79 75 later
2025 1857 77 75 than
2114 1857 55 75 the
2182 1857 102 75 tables

1251 1904 120 75 predict
1388 1904 88 75 them
1539 1904 110 75 Hence
1672 1904 25 75 it
1722 1904 27 75 is
1775 1904 191 75 undeniably
1983 1904 131 75 certain,
2141 1904 70 75 that
2224 1904 61 75 the

1251 1950 121 75 motion
1389 1950 39 75 of
1446 1950 83 75 light
1545 1950 27 75 is
1588 1950 58 75 not
1668 1950 245 75 inftantanepus,
1939 1950 81 75 fince
2036 1950 27 75 it
2080 1950 90 75 takes
2187 1950 98 75 about

1255 1998 64 75 i6i
1335 1998 136 75 minutes
1487 1998 40 75 of
1546 1998 77 75 time
1640 1998 35 75 to
1692 1998 42 75 go
1750 1998 140 75 through
1909 1998 18 75 a
1942 1998 92 75 fpace
2058 1998 93 75 equal
2176 1998 34 75 to
2227 1998 57 75 the

1249 2043 217 75 diameter’of
1485 2043 55 75 the
1564 2043 118 75 earth’s
1706 2043 97 75 orbit,
1829 2043 105 75 which
1959 2043 27 75 is
2009 2043 62 75 162
2090 2043 138 75 millions
2246 2043 43 75 of

1250 2089 90 75 miles
1357 2089 32 75 in
1406 2089 111 75 length
1533 2089 10 75 ;
1569 2089 62 75 and
1648 2089 229 75 confequently
1900 2089 55 75 the
1970 2089 150 75 particles
2138 2089 42 75 of
2197 2089 86 75 light

1250 2135 43 75 fly
1309 2135 99 75 about
1429 2135 65 75 164
1511 2135 157 75 thoufand
1685 2135 67 75 494
1770 2135 90 75 miles
1885 2135 97 75 every
1998 2135 115 75 fecond
2131 2135 40 75 of
2190 2135 92 75 tiine,

1251 2181 103 75 which
1367 2181 26 75 is
1411 2181 100 75 above
1528 2181 18 75 a
1562 2181 122 75 million
1701 2181 41 75 of
1752 2181 93 75 times
1862 2181 120 75 fwifter
1994 2181 77 75 than
2089 2181 54 75 the
2160 2181 123 75 motion

1250 2226 40 75 of
1301 2226 17 75 a
1335 2226 253 75 cannon-bullet.
1637 2226 78 75 And
1733 2226 33 75 as
1783 2226 83 75 light
1883 2226 25 75 is
1931 2226 66 75 i&J
2013 2226 135 75 minutes
2165 2226 119 75 in.tra-

1251 2274 118 75 velling
1385 2274 102 75 acrofs
1500 2274 60 75 .the
1580 2274 120 75 earth’s
1718 2274 96 75 orbit,
1841 2274 24 75 it
1883 2274 79 75 muft
1979 2274 39 75 be
2035 2274 46 75 8^
2095 2274 137 75 minutes
2249 2274 33 75 in

1250 2320 126 75 coming
1392 2320 84 75 from
1494 2320 55 75 the
1571 2320 55 75 fun
1652 2320 35 75 to
1712 2320 36 75 us
1764 2320 10 75 ;
1801 2320 161 75 therefore
1988 2320 30 75 if
2037 2320 54 75 the
2117 2320 59 75 fun
2196 2320 85 75 were

1250 2367 206 75 annihilated,
1474 2367 47 75 we
1537 2367 110 75 fhould
1663 2367 50 75 fee
1724 2367 66 75 him
1808 2367 50 75 for
1876 2367 19 75 8
1901 2367 20 75 J
1938 2367 135 75 minutes
2086 2367 83 75 after
2181 2367 9 75 ;
2217 2367 65 75 and

1249 2413 30 75 if
1298 2413 40 75 he
1360 2413 83 75 were
1468 2413 90 75 again
1584 2413 139 75 created,
1748 2413 40 75 he
1809 2413 110 75 would
1943 2413 39 75 be
2007 2413 45 75 gj
2072 2413 135 75 minutes
2224 2413 57 75 old

1249 2459 108 75 before
1375 2459 48 75 we
1435 2459 96 75 could
1548 2459 49 75 fee
1610 2459 79 75 him.

1295 2506 55 75 To
1378 2506 152 75 illuftrate
1556 2506 63 75 this
1645 2506 186 75 progrefltve
1850 2506 121 75 motion
1987 2506 40 75 of
2045 2506 95 75 light,
2166 2506 113 75 (Plate

1245 2552 116 75 XLII.
1387 2552 51 75 fig.
1461 2552 65 75 2.),
1546 2552 8 75 '
1554 2552 42 75 let
1622 2552 118 75 A/Aodi.
1767 2552 28 75 B
1823 2552 39 75 be
1886 2552 54 75 the
1964 2552 91 75 earth
2072 2552 32 75 in
2122 2552 65 75 two
2210 2552 65 75 dif-

1248 2599 102 75 ferent
1366 2599 86 75 parts
1470 2599 39 75 of
1527 2599 41 75 its
1585 2599 98 75 orbit,
1708 2599 105 75 whofe
1829 2599 136 75 diftance
1981 2599 84 75 from
2083 2599 78 75 each
2183 2599 95 75 other

1247 2644 24 75 is
1290 2644 19 75 8
1321 2644 8 75 1
1352 2644 137 75 millions
1506 2644 41 75 of
1558 2644 103 75 miles,
1685 2644 93 75 equal
1792 2644 34 75 to
1839 2644 54 75 the
1906 2644 120 75 earth’s
2042 2644 137 75 diftance
2192 2644 85 75 from

1247 2691 53 75 the
1319 2691 55 75 fun
1391 2691 37 75 S.
1478 2691 31 75 It
1527 2691 26 75 is
1571 2691 95 75 plain,
1692 2691 71 75 that
1774 2691 32 75 if
1824 2691 55 75 the
1896 2691 121 75 motion
2038 2691 39 75 of
2096 2691 82 75 light
2191 2691 85 75 were

1246 2738 242 75 inftantaneous,
1514 2738 54 75 the
1585 2738 133 75 fatellite
1740 2738 13 75 1
1774 2738 108 75 would
1899 2738 114 75 appear
2035 2738 35 75 to
2094 2738 89 75 enter
2206 2738 69 75 into

1247 2784 153 75 Jupiter’s
1423 2784 126 75 fhadow
1574 2784 55 75 FF
1650 2784 32 75 at
1707 2784 55 75 the
1787 2784 82 75 fame
1888 2784 140 75 moment
2045 2784 39 75 of
2103 2784 76 75 time
2197 2784 34 75 to
2255 2784 20 75 a

1246 2833 155 75 fpeCUtor
1412 2833 32 75 in
1463 2833 43 75 A,
1532 2833 33 75 as
1582 2833 35 75 to
1634 2833 134 75 another
1784 2833 31 75 in
1835 2833 40 75 B.
1927 2833 65 75 But
2010 2833 43 75 by
2070 2833 94 75 many
2182 2833 92 75 years

1247 2878 211 75 obfervatipns
1476 2878 24 75 it
1512 2878 56 75 has
1585 2878 79 75 been
1681 2878 113 75 found,
1820 2878 70 75 that
1908 2878 54 75 the
1978 2878 176 75 immerfion
2168 2878 39 75 of
2220 2878 55 75 the

1247 2925 133 75 fatellite
1397 2925 67 75 ’nto
1481 2925 55 75 the
1553 2925 125 75 fhadow
1695 2925 27 75 is
1737 2925 72 75 feen
1828 2925 45 75 8J
1897 2925 136 75 minutes
2054 2925 112 75 fooner
2183 2925 92 75 when

1248 2971 53 75 the
1318 2971 91 75 earth
1425 2971 26 75 is
1469 2971 33 75 at
1520 2971 43 75 U,
1588 2971 77 75 than
1690 2971 93 75 when
1807 2971 26 75 it
1857 2971 27 75 is
1909 2971 33 75 at
1968 2971 45 75 A.
2064 2971 78 75 And
2162 2971 49 75 fo,
2239 2971 35 75 as

1750 3022 13 75 s
1791 3022 27 75 Z
1935 3022 21 75 '

2217 3022 59 75 Mr
