2397 3387
463 113 39 75 A
560 113 45 75 U
663 113 40 75 T

1046 113 18 75 (
1126 113 82 75 5«9
1267 113 19 75 )

1576 95 42 49 A
1676 95 61 49 w
1795 95 49 49 M

101 179 203 75 Auricles
324 179 53 75 are
393 179 138 75 likewife
544 179 66 75 two
626 179 156 75 mufcular
797 179 77 75 bags
887 179 136 75 fituated
1035 179 32 75 at
1079 179 55 75 the

148 225 78 75 bafis
242 225 41 75 of
301 225 178 75 the'heart.
529 225 106 75 Seep.
655 225 82 75 279.

100 271 269 75 AURICULA,
387 271 32 75 in
436 271 131 75 botany,
586 271 17 75 a
616 271 212 75 fynonimeof
840 271 55 75 the
911 271 222 75 dodecatheon

150 317 190 75 andfeveral
357 317 95 75 other
463 317 118 75 plants.
631 317 61 75 See
709 317 314 75 Dodecatheon,
1041 317 89 75 Pri-

151 365 121 75 mula,
298 365 221 75 Arenaria,
546 365 65 75 <bc.

101 409 333 75 AURICULARIS
454 409 193 75 Digitus,
664 409 55 75 the
735 409 87 75 little
834 409 112 75 finger,
965 409 33 75 fo
1015 409 115 75 called,

149 457 130 75 becaiife
295 457 26 75 it
333 457 27 75 is
377 457 77 75 ufed
469 457 182 75 commonly
662 457 36 75 to
714 457 74 75 pick
804 457 54 75 the
874 457 67 75 ear.

100 503 205 75 AURIGA,
331 503 53 75 the
393 503 168 75 Wagoner,
579 503 32 75 in
627 503 190 75 aftronomy,
837 503 18 75 a
863 503 218 75 conftellation
1095 503 41 75 of

149 547 55 75 the
216 547 153 75 northern
385 547 209 75 hemifphere.
644 547 62 75 See
719 547 261 75 Astronomy,
998 547 33 75 p.
1047 547 82 75 486.

100 595 267 75 AURILLAC,
386 595 18 75 a
413 595 72 75 neat
498 595 62 75 and
571 595 172 75 well-built
755 595 66 75 city
832 595 39 75 of
884 595 135 75 France,
1033 595 32 75 in
1075 595 55 75 the

149 641 113 75 Upper
288 641 162 75 Avergne,
476 641 98 75 noted
589 641 51 75 for
663 641 40 75 its
721 641 92 75 trade
839 641 32 75 in
888 641 188 75 bone-lace:
1103 641 27 75 it

146 688 26 75 is
185 688 134 75 fituated
335 688 32 75 in
386 688 66 75 30°
469 688 54 75 Ji'
539 688 44 75 E.
601 688 76 75 long
708 688 62 75 and
784 688 64 75 $4°
864 688 56 75 44'
936 688 46 75 N.
996 688 58 75 lat.

100 733 440 75 AURIPIGMENTUM,
579 733 170 75 orpiment,
782 733 33 75 in
851 733 124 75 natural
992 733 134 75 hiltory.

150 779 60 75 See
227 779 224 75 Orpiment.

100 824 383 75 AURISCALPIUM,
513 824 38 75 an
574 824 185 75 inllrument
785 824 36 75 to
848 824 88 75 clean
962 824 55 75 the
1045 824 82 75 ears,

146 871 62 75 and
222 871 125 75 ferving
371 871 65 75 alfo
462 871 52 75 for
530 871 94 75 other
650 871 181 75 operations
861 871 33 75 in
910 871 158 75 diforders
1093 871 41 75 of

146 917 69 75 that
233 917 83 75 part.

97 964 218 75 AURORA,
348 964 56 75 the
428 964 317 75 morning-twilight,
782 964 37 75 or
844 964 72 75 that
932 964 80 75 faint
1044 964 83 75 light

144 1009 105 75 which
266 1009 131 75 appears
413 1009 32 75 in
470 1009 55 75 the
542 1009 160 75 morning,
726 1009 94 75 when
832 1009 55 75 the
898 1009 55 75 fun
969 1009 26 75 is
1012 1009 114 75 within

143 1055 149 75 eighteen
308 1055 130 75 degrees
452 1055 40 75 of
504 1055 55 75 the
570 1055 153 75 -hofizon.

97 1102 207 75 AURORA
337 1102 214 75 Borealis,
585 1102 26 75 is
645 1102 39 75 an
711 1102 247 75 extraordinary
988 1102 136 75 meteor,

144 1147 137 75 Ihewing
303 1147 90 75 itfelf
415 1147 33 75 in
465 1147 54 75 the
536 1147 91 75 night
643 1147 89 75 time,
758 1147 32 75 in
807 1147 56 75 the
883 1147 154 75 northern
1054 1147 71 75 part

142 1193 41 75 of
193 1193 55 75 the
265 1193 147 75 heavens.
464 1193 61 75 See
542 1193 269 75 Pneumatics,
839 1193 54 75 Of
903 1193 157 75 Meteors.

97 1241 192 75 AURUM,
315 1241 88 75 gold,
421 1241 32 75 in
470 1241 273 75 natural-hiftory.
794 1241 62 75 See
871 1241 252 75 Chemistry,

143 1284 53 75 Of
202 1284 127 75 metals.

93 1332 203 75 AUSPEX,
333 1332 18 75 a
379 1332 91 75 name
503 1332 160 75 anciently
691 1332 76 75 ufed
801 1332 54 75 for
887 1332 113 75 augur.
1062 1332 62 75 See

141 1378 158 75 Augur.

94 1423 244 75 AUSTRAL,
363 1423 177 75 fomething
557 1423 135 75 relating
709 1423 35 75 to
760 1423 57 75 the
833 1423 92 75 fouth
938 1423 9 75 :
975 1423 75 75 thus
1067 1423 56 75 the

140 1469 47 75 fix
204 1469 81 75 figns
302 1469 41 75 on
359 1469 56 75 the
431 1469 92 75 fouth
540 1469 63 75 fide
620 1469 40 75 of
671 1469 55 75 the
742 1469 190 75 equinoctial
949 1469 54 75 are
1020 1469 103 75 called

139 1514 237 75 aujlralJtgns.

94 1562 230 75 AUSTRAL
341 1562 88 75 Fifh,
462 1562 18 75 a
497 1562 90 75 fmall
604 1562 220 75 conftellation
846 1562 41 75 of
898 1562 56 75 the
970 1562 151 75 fouthern

141 1608 207 75 hemifphere,
374 1608 141 75 invifible
530 1608 35 75 to
583 1608 50 75 us.

93 1654 64 75 AU
164 1654 157 75 STRIA,
347 1654 19 75 a
382 1654 95 75 circle
500 1654 42 75 of
563 1654 178 75 Germany,
774 1654 270 75 comprehending
1064 1654 57 75 the

140 1698 200 75 arch-duchy
362 1698 42 75 of
421 1698 140 75 Auftria,
587 1698 65 75 alfo
681 1698 121 75 Styria,
829 1698 180 75 Carinthia,
1037 1698 83 75 Car-

140 1744 96 75 niola,
264 1744 121 75 Tyrol,
407 1744 119 75 Trent,
551 1744 61 75 and
629 1744 136 75 Brixen.
813 1744 33 75 It
861 1744 27 75 is
906 1744 151 75 bounded
1076 1744 44 75 by

138 1791 157 75 Bohemia
319 1791 62 75 and
403 1791 150 75 Moravia
581 1791 41 75 on
649 1791 54 75 the
727 1791 119 75 north;
882 1791 41 75 by
947 1791 170 75 Hungary,

139 1836 181 75 Sclavonia,
346 1836 61 75 and
424 1836 133 75 Croatia
573 1836 41 75 on
630 1836 55 75 the
701 1836 83 75 eaft;
811 1836 43 75 by
867 1836 55 75 the
938 1836 180 75 dominions

137 1883 41 75 of
188 1883 123 75 Venice
318 1883 50 75 .on
385 1883 55 75 the
452 1883 105 75 fouth,
583 1883 62 75 and
662 1883 42 75 by
716 1883 137 75 Bavaria
860 1883 42 75 on
919 1883 55 75 the
990 1883 87 75 weft.

89 1930 254 75 AUSTRIAN
366 1930 237 75 Netherlands.
654 1930 62 75 See
733 1930 313 75 Netherlands.

87 1976 306 75 AUTHENTIC,
429 1976 179 75 fomething
637 1976 41 75 of
701 1976 249 75 acknowledged
977 1976 63 75 and
1066 1976 51 75 re-

133 2021 111 75 ceived
270 2021 175 75 authority.
495 2021 38 75 In
549 2021 74 75 law,
650 2021 25 75 it
692 2021 133 75 fignifies
846 2021 178 75 fomething
1049 2021 67 75 clo-

134 2066 77 75 thed
228 2066 33 75 in
284 2066 42 75 all
343 2066 42 75 its
407 2066 201 75 formalities,
634 2066 63 75 and
720 2066 133 75 attefted
876 2066 43 75 by
934 2066 129 75 perfons
1081 2066 35 75 to

134 2112 108 75 whom
258 2112 102 75 credit
376 2112 56 75 has
449 2112 80 75 been
545 2112 162 75 regularly
723 2112 105 75 given.
876 2112 95 75 Thus
984 2112 49 75 we
1048 2112 67 75 fay,

136 2157 162 75 authentic
314 2157 125 75 papers,
466 2157 161 75 authentic
643 2157 215 75 inftruments.

88 2203 220 75 AUTHOR,
334 2203 149 75 properly
499 2203 131 75 fignifies
659 2203 60 75 one
735 2203 75 75 who
836 2203 128 75 created
987 2203 38 75 or
1041 2203 73 75 pro-

135 2249 102 75 duced
254 2249 61 75 any
327 2249 103 75 thing.
479 2249 96 75 Thus
594 2249 92 75 God,
704 2249 44 75 by
759 2249 72 75 way
843 2249 37 75 of
894 2249 174 75 eminence,
1087 2249 27 75 is

136 2295 102 75 called
250 2295 54 75 the
316 2295 116 75 author
448 2295 40 75 of
498 2295 124 75 nature,
640 2295 55 75 the
707 2295 119 75 author
837 2295 39 75 of
887 2295 56 75 the
959 2295 155 75 univerfe.

88 2343 220 75 AUTHOR,
333 2343 32 75 in
383 2343 129 75 matters
532 2343 41 75 of
590 2343 177 75 literature,
793 2343 19 75 a
833 2343 112 75 perfon
969 2343 73 75 who
1058 2343 57 75 has

135 2387 167 75 compofed
317 2387 85 75 fome
415 2387 85 75 book
512 2387 37 75 or
561 2387 138 75 writing.

87 2434 306 75 AUTHORITY,
418 2434 32 75 in
474 2434 18 75 a
507 2434 127 75 general
657 2434 97 75 fenfe,
779 2434 132 75 fignifies
930 2434 18 75 a
965 2434 85 75 fight
1080 2434 34 75 to

134 2479 181 75 command,
349 2479 62 75 and
432 2479 92 75 make
551 2479 87 75 one’s
663 2479 64 75 felf
748 2479 136 75 obeyed.
945 2479 38 75 In
1009 2479 105 75 which

133 2524 98 75 fenfe,
256 2524 48 75 we
320 2524 65 75 fay,
413 2524 55 75 the
485 2524 88 75 royal
599 2524 175 75 authority,
800 2524 55 75 the
878 2524 155 75 epifcopal
1059 2524 54 75 au-

133 2569 137 75 thority,
296 2569 55 75 the
381 2569 224 75 authority'of
627 2569 19 75 a
669 2569 118 75 father,
812 2569 64 75 <bc.
927 2569 32 75 It
980 2569 133 75 denotes

131 2616 66 75 alfo
212 2616 56 75 the
285 2616 167 75 teftimony
474 2616 40 75 of
530 2616 38 75 an
586 2616 127 75 author,
739 2616 87 75 fome
843 2616 214 75 apophthegm
1076 2616 37 75 or

132 2663 145 75 fentence
289 2663 40 75 of
340 2663 39 75 an
396 2663 138 75 eminent
550 2663 111 75 perfon
679 2663 122 75 quoted
812 2663 32 75 in
861 2663 18 75 a
896 2663 156 75 difeourfe
1069 2663 44 75 by

132 2709 72 75 way
216 2709 40 75 of
268 2709 105 75 proof.

178 2755 179 75 Authority
372 2755 27 75 is
416 2755 212 75 reprefented,
657 2755 31 75 in
706 2755 155 75 painting,
887 2755 65 75 like
978 2755 18 75 a
1015 2755 96 75 grave

131 2801 125 75 matron
281 2801 106 75 fitting
409 2801 31 75 in
459 2801 17 75 a
500 2801 86 75 chair
603 2801 40 75 of
660 2801 89 75 (late,
779 2801 105 75 richly
899 2801 130 75 clothed
1044 2801 32 75 in
1095 2801 18 75 a

132 2847 144 75 garment
293 2847 218 75 embroidered
529 2847 77 75 with
625 2847 87 75 gold,
738 2847 132 75 holding
886 2847 30 75 in
935 2847 59 75 her
1010 2847 101 75 right-

128 2893 90 75 Jiand
235 2893 18 75 a
268 2893 115 75 fword,
410 2893 62 75 and
489 2893 31 75 in
539 2893 57 75 her
611 2893 60 75 left
689 2893 18 75 a
723 2893 133 75 feeptre.
906 2893 52 75 By
975 2893 58 75 her
1048 2893 63 75 fide

131 2940 26 75 is
175 2940 18 75 a
208 2940 116 75 dpuble
341 2940 115 75 trophy
469 2940 46 75 of
520 2940 100 75 books
638 2940 62 75 and
716 2940 94 75 arms.

132 2987 98 75 Vol.
258 2987 28 75 I.
335 2987 70 75 No.
425 2987 56 75 22.

996 2987 17 75 3

1185 170 137 75 AUTO
1342 170 66 75 DE
1428 170 70 75 FE,
1518 170 49 75 aft
1583 170 41 75 of
1635 170 94 75 faith.
1771 170 62 75 See
1847 170 84 75 Act
1949 170 43 75 of
1994 170 102 75 faith.

1185 218 320 75 AUTOGRAPH,
1531 218 132 75 denotes
1689 218 19 75 a
1734 218 140 75 perfon’s
1902 218 242 75 hand-writing,
2177 218 37 75 or

1232 263 55 75 the
1304 263 133 75 original
1454 263 190 75 manufeript
1657 263 40 75 of
1709 263 61 75 any
1786 263 98 75 book,
1911 263 64 75 tic.

1183 310 67 75 AU
1266 310 259 75 POMATUM,
1543 310 37 75 or
1597 310 271 75 Automaton,
1904 310 39 75 an
1959 310 198 75 inftrument,
2176 310 37 75 or

1230 355 108 75 rather
1354 355 156 75 machine,
1535 355 108 75 which
1666 355 44 75 by
1728 355 107 75 means
1858 355 41 75 of
1910 355 134 75 fprings,
2062 355 149 75 weights,

1217 402 77 75 'tic.
1311 402 99 75 feems
1427 402 35 75 to
1478 402 93 75 move
1583 402 98 75 itfelf,
1700 402 32 75 as
1746 402 18 75 a
1775 402 117 75 watch,
1911 402 104 75 clock,
2034 402 65 75 tic.
2126 402 87 75 Such

1229 448 64 75 alfo
1321 448 85 75 were
1431 448 193 75 Archytus’s
1648 448 101 75 Hying
1775 448 95 75 dove,
1907 448 305 75 Regiomontanus’s

1228 495 253 75 wooden-eagle,
1508 495 66 75 tic.

1180 542 231 75 AUTUMN,
1437 542 54 75 the
1507 542 89 75 third
1608 542 105 75 feafon
1730 542 40 75 of
1781 542 56 75 the
1853 542 88 75 year,
1959 542 93 75 when
2070 542 55 75 the
2137 542 76 75 har-

1227 587 64 75 veft
1298 587 168 75 and-fruits
1477 587 52 75 are
1542 587 154 75 gathered
1711 587 240 75 in.-—Autumn
1959 587 26 75 is
1995 587 216 75 reprefented,

1226 632 31 75 in
1275 632 154 75 painting,
1454 632 43 75 by
1509 632 18 75 a
1544 632 72 75 man
1634 632 32 75 at
1687 632 119 75 perfect
1829 632 72 75 age,
1925 632 131 75 clothed
2072 632 66 75 like
2153 632 58 75 the

1225 679 122 75 vernal,
1373 679 59 75 and
1450 679 139 75 likewife
1604 679 114 75 girded
1735 679 215 75 withaftarry
1967 679 122 75 girdle;
2114 679 100 75 hold-

1226 725 54 75 ing
1296 725 31 75 in
1340 725 60 75 one
1416 725 87 75 hand
1519 725 19 75 a
1554 725 68 75 pair
1638 725 41 75 of
1688 725 97 75 feales
1802 725 131 75 equally
1949 725 121 75 poifed,
2095 725 79 75 with
2193 725 19 75 a

1226 773 95 75 globe
1336 773 32 75 in
1391 773 100 75 each;
1517 773 33 75 in
1574 773 55 75 the
1646 773 93 75 other
1762 773 19 75 a
1799 773 106 75 bunch
1930 773 41 75 of
1992 773 106 75 divers
2115 773 96 75 fruits

1227 818 62 75 and
1315 818 127 75 grapes.
1491 818 62 75 His
1582 818 56 75 age
1655 818 136 75 denotes
1815 818 55 75 the
1895 818 174 75 perfection
2086 818 40 75 of
2145 818 64 75 this

1226 864 127 75 feafon;
1373 864 62 75 and
1451 864 56 75 the
1524 864 142 75 balance,
1684 864 71 75 that
1772 864 63 75 fign
1849 864 41 75 of
1901 864 60 75 the
1973 864 114 75 zodiac
2105 864 104 75 which

1225 911 54 75 the
1296 911 54 75 fun
1368 911 105 75 enters
1492 911 90 75 when
1599 911 59 75 our
1675 911 130 75 autumn
1822 911 121 75 begins.

1177 958 285 75 AUTUMNAL
1479 958 114 75 Point,
1619 958 27 75 is
1667 958 70 75 that
1754 958 72 75 part
1843 958 39 75 of
1894 958 55 75 the
1966 958 144 75 equinox
2122 958 87 75 from

1225 1004 105 75 which
1340 1004 55 75 the
1404 1004 56 75 fun
1472 1004 109 75 begins
1594 1004 181 75 todefeend
1789 1004 139 75 towards
1943 1004 55 75 the
2016 1004 91 75 fouth
2121 1004 86 75 pole.

1177 1050 226 75 Autumnal
1431 1050 110 75 Signs,
1567 1050 31 75 in
1624 1050 190 75 aftronomy,
1842 1050 53 75 are
1922 1050 56 75 the
1994 1050 82 75 figns
2092 1050 114 75 Libra,

1225 1097 147 75 Scorpio,
1406 1097 204 75 Sagittarius,
1645 1097 142 75 through
1814 1097 106 75 which
1944 1097 55 75 the
2021 1097 57 75 fun
2108 1097 100 75 palfes

1224 1142 114 75 during
1354 1142 55 75 the
1426 1142 142 75 autumn.

1174 1189 227 75 Autumnal
1431 1189 162 75 Equinox.,
1618 1189 70 75 that
1717 1189 78 75 time
1818 1189 94 75 when
1936 1189 55 75 the
2019 1189 55 75 fun
2100 1189 105 75 enters

1224 1235 54 75 the
1296 1235 160 75 autumnal
1476 1235 101 75 point.

1174 1282 189 75 AUTUN,
1387 1282 19 75 a
1422 1282 67 75 city
1502 1282 39 75 of
1552 1282 177 75 Burgundy
1742 1282 31 75 in
1786 1282 134 75 France,
1946 1282 133 75 fituated
2096 1282 41 75 on
2150 1282 56 75 the

1222 1327 83 75 river
1322 1327 146 75 Arroux,
1486 1327 31 75 in
1536 1327 21 75 4
1557 1309 17 49 0
1598 1327 52 75 15'
1667 1327 43 75 E.
1723 1327 90 75 long,
1831 1327 63 75 and
1911 1327 62 75 46°
1990 1327 44 75 jo
2034 1309 10 49 7
2061 1327 45 75 N.
2122 1327 57 75 lat.

1174 1376 288 75 AUVERGNE,
1481 1376 17 75 a
1510 1376 154 75 territory
1677 1376 39 75 of
1728 1376 55 75 the
1793 1376 145 75 Lyonois
1951 1376 31 75 in
1994 1376 120 75 France
2126 1376 10 75 ;
2154 1376 50 75 ly-

1219 1419 54 75 ing
1288 1419 144 75 between
1449 1419 55 75 the
1515 1419 203 75 Bourbonois
1735 1419 41 75 on
1794 1419 54 75 the
1866 1419 108 75 north,
1992 1419 62 75 and
2072 1419 54 75 the
2139 1419 71 75 Ce-

1220 1467 116 75 vennes
1353 1467 41 75 on
1411 1467 56 75 the
1484 1467 105 75 fouth.

1172 1512 117 75 AUX,
1314 1512 31 75 in
1363 1512 190 75 aftronomy,
1580 1512 54 75 the
1651 1512 83 75 fame
1750 1512 78 75 with
1844 1512 56 75 the
1918 1512 154 75 apogeum
2097 1512 40 75 of
2149 1512 55 75 the

1220 1559 153 75 ancients,
1398 1559 38 75 or
1447 1559 56 75 the
1519 1559 159 75 aphelium
1694 1559 41 75 of
1745 1559 56 75 the
1817 1559 162 75 moderns.
2029 1559 61 75 See
2106 1559 98 75 Apc-

1222 1605 108 75 geum
1360 1605 63 75 and
1449 1605 225 75 Aphelium.
1730 1605 32 75 It
1788 1605 65 75 alfo
1881 1605 138 75 denoted
2047 1605 55 75 the
2127 1605 77 75 arch

1220 1651 39 75 of
1270 1651 55 75 the
1345 1651 138 75 ecliptic,
1509 1651 197 75 intercepted
1723 1651 143 75 between
1884 1651 56 75 the
1956 1651 63 75 firft
2036 1651 117 75 degree
2169 1651 41 75 of

1219 1699 95 75 Aries
1331 1699 63 75 and
1411 1699 54 75 the
1479 1699 167 75 apogeum.

1172 1746 105 75 Aux,
1303 1746 38 75 or
1357 1746 132 75 Augh,
1515 1746 32 75 in
1564 1746 194 75 geography,
1777 1746 57 75 the
1849 1746 116 75 capital
1983 1746 67 75 city
2067 1746 41 75 of
2118 1746 84 75 Gaf-

1219 1789 81 75 cony
1315 1789 33 75 in
1372 1789 135 75 France.
1556 1789 32 75 It
1605 1789 26 75 is
1648 1789 61 75 one
1731 1789 40 75 of
1787 1789 54 75 the
1859 1789 112 75 riefieft
1987 1789 215 75 archbilhop’s

1217 1836 65 75 fees
1299 1836 32 75 in
1356 1836 134 75 France,
1516 1836 122 75 though
1663 1836 57 75 but
1737 1836 18 75 a
1771 1836 90 75 fmall
1877 1836 109 75 town;
2013 1836 134 75 fituated
2170 1836 37 75 iri

1219 1884 44 75 20
1290 1884 43 75 E.
1352 1884 88 75 long,
1458 1884 63 75 and
1538 1884 40 75 43
1578 1866 21 49 0
1614 1884 56 75 40'
1686 1884 46 75 N.
1751 1884 58 75 lat.

1169 1930 247 75 AUXERRE,
1442 1930 18 75 a
1473 1930 65 75 city
1549 1930 41 75 of
1601 1930 190 75 Burgundy,
1809 1930 32 75 in
1854 1930 135 75 France,
2008 1930 134 75 fituated
2157 1930 43 75 on

1217 1975 53 75 the
1283 1975 85 75 river
1379 1975 126 75 Yonne,
1523 1975 30 75 in
1575 1975 15 75 3
1590 1957 21 49 0
1627 1975 16 75 3
1652 1975 28 75 5'
1694 1975 42 75 E.
1751 1975 86 75 long,
1853 1975 63 75 and
1930 1975 61 75 47°
2006 1975 55 75 40'
2077 1975 47 75 N.
2140 1975 68 75 lat.-

1168 2022 285 75 AUXILIARY,
1471 2022 162 75 whatever
1644 2022 26 75 is
1684 2022 107 75 aiding
1807 2022 37 75 or
1860 2022 129 75 helping
2006 2022 34 75 to
2053 2022 146 75 another.

1168 2068 231 75 Auxiliary
1417 2068 114 75 Verbs,
1548 2068 32 75 in
1593 2068 170 75 grammar,
1781 2068 140 75 arefuch
1935 2068 32 75 as
1977 2068 74 75 help
2064 2068 34 75 to
2115 2068 85 75 form

1216 2112 36 75 or
1269 2112 172 75 cbnjugate
1458 2112 108 75 others
1578 2112 9 75 ;
1614 2112 72 75 that
1702 2112 41 75 is,
1768 2112 53 75 are
1838 2112 144 75 prefixed
2003 2112 34 75 to
2050 2112 100 75 them,
2165 2112 35 75 to

1214 2159 84 75 form
1326 2159 37 75 or
1389 2159 117 75 denote
1530 2159 55 75 the
1608 2159 113 75 moods
1749 2159 36 75 or
1811 2159 102 75 tenfes
1931 2159 147 75 thereof;
2106 2159 33 75 as
2167 2159 31 75 to

1215 2206 80 75 have
1313 2206 62 75 and
1391 2206 32 75 to
1439 2206 47 75 be,
1511 2206 32 75 in
1561 2206 55 75 the
1633 2206 131 75 Englilh
1777 2206 9 75 ;
1813 2206 68 75 etre
1893 2206 61 75 and
1970 2206 106 75 avoir,
2093 2206 33 75 in
2143 2206 57 75 the

1215 2251 125 75 French
1353 2251 9 75 ;
1390 2251 37 75 ho
1443 2251 61 75 and
1510 2251 79 75 fono
1607 2251 31 75 in
1656 2251 54 75 the
1727 2251 127 75 Italian,
1882 2251 62 75 tic.

1262 2297 36 75 In
1312 2297 54 75 the
1379 2297 131 75 Englifir
1527 2297 239 75 language/the
1779 2297 158 75 auxiliary
1950 2297 154 75 verbdr/w,
2124 2297 73 75 fup-

1214 2343 77 75 plies
1309 2343 54 75 the
1376 2343 85 75 want
1474 2343 40 75 of
1526 2343 109 75 paflive
1652 2343 107 75 verbs.

1166 2390 218 75 AUXONE,
1411 2390 18 75 a
1451 2390 88 75 fmall
1557 2390 66 75 city
1642 2390 40 75 of
1693 2390 190 75 Burgundy,
1911 2390 32 75 in
1969 2390 134 75 France,
2123 2390 72 75 fitu-

1214 2435 73 75 ated
1311 2435 41 75 on
1380 2435 55 75 the
1452 2435 83 75 river
1564 2435 117 75 Soane,
1707 2435 96 75 about
1828 2435 91 75 feven
1949 2435 90 75 miles
2070 2435 71 75 weft
2159 2435 42 75 of

1214 2482 99 75 Dole,
1339 2482 31 75 in
1391 2482 16 75 5
1407 2464 21 49 0
1445 2482 42 75 22
1516 2482 43 75 E.
1577 2482 88 75 long,
1684 2482 62 75 and
1760 2482 40 75 47
1800 2464 20 49 0
1845 2482 35 75 ij
1880 2464 15 49 7
1908 2482 44 75 N.
1966 2482 67 75 iat.

1166 2528 199 75 AWARD,
1392 2528 32 75 in
1441 2528 73 75 law,
1539 2528 54 75 the
1606 2528 170 75 judgment
1786 2528 39 75 of
1837 2528 37 75 an
1893 2528 185 75 arbitrator,
2105 2528 38 75 or
2158 2528 43 75 of

1212 2574 60 75 one
1299 2574 73 75 who
1389 2574 26 75 is
1443 2574 57 75 not
1528 2574 168 75 appointed
1721 2574 44 75 by
1783 2574 55 75 the
1867 2574 61 75 law
1947 2574 19 75 a
1986 2574 113 75 judge,
2138 2574 58 75 but

1212 2620 113 75 chofen
1343 2620 42 75 by
1403 2620 54 75 the
1475 2620 115 75 parties
1608 2620 186 75 therpfelves
1812 2620 52 75 for
1890 2620 203 75 terminating
2110 2620 85 75 their

1174 2666 7 75 •
1211 2666 184 75 difference.
1447 2666 60 75 See
1526 2666 193 75 Arbiter.

1164 2713 127 75 AWL;
1315 2713 117 75 among
1461 2713 228 75 Ihoe-makers,
1723 2713 40 75 an
1791 2713 187 75 inftrument
2007 2713 186 75 wherewith

1211 2759 91 75 holes
1325 2759 52 75 are
1389 2759 105 75 bored
1513 2759 139 75 through
1672 2759 54 75 the
1753 2759 135 75 leather,
1915 2759 34 75 to
1965 2759 156 75 facilitate
2138 2759 56 75 the

1211 2805 150 75 hitching
1383 2805 36 75 or
1437 2805 116 75 fewing
1565 2805 7 75 '
1572 2805 51 75 the
1652 2805 96 75 fame.
1797 2805 76 75 The
1890 2805 96 75 blade
2003 2805 41 75 of
2060 2805 54 75 the
2132 2805 62 75 awl

1210 2851 25 75 is
1249 2851 122 75 ufually
1384 2851 17 75 a
1413 2851 83 75 little
1513 2851 54 75 flat
1581 2851 61 75 and
1653 2851 141 75 bended,
1813 2851 62 75 and
1890 2851 56 75 the
1962 2851 89 75 point
2069 2851 126 75 ground

1210 2897 33 75 to
1261 2897 38 75 an
1321 2897 96 75 acute'
1429 2897 103 75 angle.

1159 2946 170 75 AWME,
1363 2946 38 75 or
1416 2946 131 75 Aume,
1572 2946 19 75 a
1605 2946 112 75 Dutch
1735 2946 104 75 liquid
1855 2946 140 75 meafure
2011 2946 184 75 containing

1630 3000 21 75 6
1675 3000 34 75 N

2109 3000 90 75 eight
