<?xml version="1.0" encoding="UTF-8"?>
<alto xmlns="http://www.loc.gov/standards/alto/v3/alto.xsd"><Description><MeasurementUnit>pixel</MeasurementUnit><sourceImageInformation><fileName>./data/pdfs/c_188936619/i_144133901/188082693.23.pdf</fileName></sourceImageInformation><OCRProcessing ID="IdOcr"><ocrProcessingStep><processingDateTime>Fri Jul 12 10:37:26 2019
</processingDateTime><processingSoftware><softwareCreator>CONTRIBUTORS</softwareCreator><softwareName>pdfalto</softwareName><softwareVersion>0.1</softwareVersion></processingSoftware></ocrProcessingStep></OCRProcessing></Description><Styles><TextStyle ID="font0" FONTFAMILY="times" FONTSIZE="10.000" FONTTYPE="serif" FONTWIDTH="proportional" FONTCOLOR="#WWWWWW" FONTSTYLE=""/><TextStyle ID="font1" FONTFAMILY="invisibleocr" FONTSIZE="10.000" FONTTYPE="sans-serif" FONTWIDTH="proportional" FONTCOLOR="#WWWWWW" FONTSTYLE=""/></Styles><Layout><Page ID="Page346" PHYSICAL_IMG_NR="346" WIDTH="2498" HEIGHT="3377"><PrintSpace><TextLine WIDTH="78" HEIGHT="75" ID="p346_t1" HPOS="181" VPOS="154"><String ID="p346_w1" CONTENT="292" HPOS="181" VPOS="154" WIDTH="78" HEIGHT="75" STYLEREFS="font0"/></TextLine><TextLine WIDTH="518" HEIGHT="75" ID="p346_t2" HPOS="680" VPOS="154"><String ID="p346_w2" CONTENT="A" HPOS="680" VPOS="154" WIDTH="44" HEIGHT="75" STYLEREFS="font0"/><SP WIDTH="116" VPOS="154" HPOS="724"/><String ID="p346_w3" CONTENT="N" HPOS="840" VPOS="154" WIDTH="42" HEIGHT="75" STYLEREFS="font0"/><SP WIDTH="119" VPOS="154" HPOS="882"/><String ID="p346_w4" CONTENT="A" HPOS="1001" VPOS="154" WIDTH="43" HEIGHT="75" STYLEREFS="font0"/><SP WIDTH="115" VPOS="154" HPOS="1044"/><String ID="p346_w5" CONTENT="T" HPOS="1159" VPOS="154" WIDTH="39" HEIGHT="75" STYLEREFS="font0"/></TextLine><TextLine WIDTH="992" HEIGHT="75" ID="p346_t3" HPOS="230" VPOS="233"><String ID="p346_w6" CONTENT="The" HPOS="230" VPOS="233" WIDTH="76" HEIGHT="75" STYLEREFS="font0"/><SP WIDTH="26" VPOS="233" HPOS="306"/><String ID="p346_w7" CONTENT="broad" HPOS="332" VPOS="233" WIDTH="101" HEIGHT="75" STYLEREFS="font0"/><SP WIDTH="25" VPOS="233" HPOS="433"/><String ID="p346_w8" CONTENT="UgamentS'" HPOS="458" VPOS="233" WIDTH="184" HEIGHT="75" STYLEREFS="font0"/><String ID="p346_w9" CONTENT="Of" HPOS="642" VPOS="233" WIDTH="44" HEIGHT="75" STYLEREFS="font0"/><SP WIDTH="21" VPOS="233" HPOS="686"/><String ID="p346_w10" CONTENT="the" HPOS="707" VPOS="233" WIDTH="57" HEIGHT="75" STYLEREFS="font0"/><SP WIDTH="17" VPOS="233" HPOS="764"/><String ID="p346_w11" CONTENT="tarfi" HPOS="781" VPOS="233" WIDTH="72" HEIGHT="75" STYLEREFS="font0"/><SP WIDTH="19" VPOS="233" HPOS="853"/><String ID="p346_w12" CONTENT="are" HPOS="872" VPOS="233" WIDTH="54" HEIGHT="75" STYLEREFS="font0"/><SP WIDTH="16" VPOS="233" HPOS="926"/><String ID="p346_w13" CONTENT="membranous" HPOS="942" VPOS="233" WIDTH="222" HEIGHT="75" STYLEREFS="font0"/><SP WIDTH="25" VPOS="233" HPOS="1164"/><String ID="p346_w14" CONTENT="e-" HPOS="1189" VPOS="233" WIDTH="33" HEIGHT="75" STYLEREFS="font0"/></TextLine><TextLine WIDTH="1037" HEIGHT="75" ID="p346_t4" HPOS="185" VPOS="279"><String ID="p346_w15" CONTENT="I" HPOS="185" VPOS="279" WIDTH="9" HEIGHT="75" STYLEREFS="font0"/><SP WIDTH="6" VPOS="279" HPOS="194"/><String ID="p346_w16" CONTENT="o" HPOS="200" VPOS="279" WIDTH="16" HEIGHT="75" STYLEREFS="font0"/><SP WIDTH="12" VPOS="279" HPOS="216"/><String ID="p346_w17" CONTENT="-gatioHS" HPOS="228" VPOS="279" WIDTH="138" HEIGHT="75" STYLEREFS="font0"/><SP WIDTH="17" VPOS="279" HPOS="366"/><String ID="p346_w18" CONTENT="formed" HPOS="383" VPOS="279" WIDTH="126" HEIGHT="75" STYLEREFS="font0"/><SP WIDTH="15" VPOS="279" HPOS="509"/><String ID="p346_w19" CONTENT="by" HPOS="524" VPOS="279" WIDTH="45" HEIGHT="75" STYLEREFS="font0"/><SP WIDTH="16" VPOS="279" HPOS="569"/><String ID="p346_w20" CONTENT="the" HPOS="585" VPOS="279" WIDTH="55" HEIGHT="75" STYLEREFS="font0"/><SP WIDTH="17" VPOS="279" HPOS="640"/><String ID="p346_w21" CONTENT="union" HPOS="657" VPOS="279" WIDTH="98" HEIGHT="75" STYLEREFS="font0"/><SP WIDTH="16" VPOS="279" HPOS="755"/><String ID="p346_w22" CONTENT="of" HPOS="771" VPOS="279" WIDTH="40" HEIGHT="75" STYLEREFS="font0"/><SP WIDTH="11" VPOS="279" HPOS="811"/><String ID="p346_w23" CONTENT="the" HPOS="822" VPOS="279" WIDTH="56" HEIGHT="75" STYLEREFS="font0"/><SP WIDTH="23" VPOS="279" HPOS="878"/><String ID="p346_w24" CONTENT="peri" HPOS="901" VPOS="279" WIDTH="68" HEIGHT="75" STYLEREFS="font0"/><SP WIDTH="4" VPOS="279" HPOS="969"/><String ID="p346_w25" CONTENT="oft" HPOS="973" VPOS="279" WIDTH="44" HEIGHT="75" STYLEREFS="font0"/><SP WIDTH="3" VPOS="279" HPOS="1017"/><String ID="p346_w26" CONTENT="sum" HPOS="1020" VPOS="279" WIDTH="72" HEIGHT="75" STYLEREFS="font0"/><SP WIDTH="16" VPOS="279" HPOS="1092"/><String ID="p346_w27" CONTENT="of" HPOS="1108" VPOS="279" WIDTH="40" HEIGHT="75" STYLEREFS="font0"/><SP WIDTH="18" VPOS="279" HPOS="1148"/><String ID="p346_w28" CONTENT="the" HPOS="1166" VPOS="279" WIDTH="56" HEIGHT="75" STYLEREFS="font0"/></TextLine><TextLine WIDTH="1037" HEIGHT="75" ID="p346_t5" HPOS="183" VPOS="328"><String ID="p346_w29" CONTENT="t-rbits" HPOS="183" VPOS="328" WIDTH="101" HEIGHT="75" STYLEREFS="font0"/><SP WIDTH="12" VPOS="328" HPOS="284"/><String ID="p346_w30" CONTENT="'" HPOS="296" VPOS="328" WIDTH="5" HEIGHT="75" STYLEREFS="font0"/><SP WIDTH="12" VPOS="328" HPOS="301"/><String ID="p346_w31" CONTENT="and" HPOS="313" VPOS="328" WIDTH="63" HEIGHT="75" STYLEREFS="font0"/><SP WIDTH="24" VPOS="328" HPOS="376"/><String ID="p346_w32" CONTENT="pericranium" HPOS="400" VPOS="328" WIDTH="210" HEIGHT="75" STYLEREFS="font0"/><SP WIDTH="17" VPOS="328" HPOS="610"/><String ID="p346_w33" CONTENT="along" HPOS="627" VPOS="328" WIDTH="95" HEIGHT="75" STYLEREFS="font0"/><SP WIDTH="24" VPOS="328" HPOS="722"/><String ID="p346_w34" CONTENT="both" HPOS="746" VPOS="328" WIDTH="79" HEIGHT="75" STYLEREFS="font0"/><SP WIDTH="29" VPOS="328" HPOS="825"/><String ID="p346_w35" CONTENT="edges" HPOS="854" VPOS="328" WIDTH="96" HEIGHT="75" STYLEREFS="font0"/><SP WIDTH="19" VPOS="328" HPOS="950"/><String ID="p346_w36" CONTENT="of" HPOS="969" VPOS="328" WIDTH="40" HEIGHT="75" STYLEREFS="font0"/><SP WIDTH="18" VPOS="328" HPOS="1009"/><String ID="p346_w37" CONTENT="each" HPOS="1027" VPOS="328" WIDTH="78" HEIGHT="75" STYLEREFS="font0"/><SP WIDTH="16" VPOS="328" HPOS="1105"/><String ID="p346_w38" CONTENT="orbit." HPOS="1121" VPOS="328" WIDTH="99" HEIGHT="75" STYLEREFS="font0"/></TextLine><TextLine WIDTH="1039" HEIGHT="75" ID="p346_t6" HPOS="184" VPOS="373"><String ID="p346_w39" CONTENT="The" HPOS="184" VPOS="373" WIDTH="78" HEIGHT="75" STYLEREFS="font0"/><SP WIDTH="12" VPOS="373" HPOS="262"/><String ID="p346_w40" CONTENT="fuperior" HPOS="274" VPOS="373" WIDTH="145" HEIGHT="75" STYLEREFS="font0"/><SP WIDTH="12" VPOS="373" HPOS="419"/><String ID="p346_w41" CONTENT="ligament" HPOS="431" VPOS="373" WIDTH="153" HEIGHT="75" STYLEREFS="font0"/><SP WIDTH="24" VPOS="373" HPOS="584"/><String ID="p346_w42" CONTENT="is" HPOS="608" VPOS="373" WIDTH="27" HEIGHT="75" STYLEREFS="font0"/><SP WIDTH="23" VPOS="373" HPOS="635"/><String ID="p346_w43" CONTENT="broader" HPOS="658" VPOS="373" WIDTH="137" HEIGHT="75" STYLEREFS="font0"/><SP WIDTH="21" VPOS="373" HPOS="795"/><String ID="p346_w44" CONTENT="than" HPOS="816" VPOS="373" WIDTH="79" HEIGHT="75" STYLEREFS="font0"/><SP WIDTH="16" VPOS="373" HPOS="895"/><String ID="p346_w45" CONTENT="the" HPOS="911" VPOS="373" WIDTH="56" HEIGHT="75" STYLEREFS="font0"/><SP WIDTH="22" VPOS="373" HPOS="967"/><String ID="p346_w46" CONTENT="inferior," HPOS="989" VPOS="373" WIDTH="145" HEIGHT="75" STYLEREFS="font0"/><SP WIDTH="26" VPOS="373" HPOS="1134"/><String ID="p346_w47" CONTENT="and" HPOS="1160" VPOS="373" WIDTH="63" HEIGHT="75" STYLEREFS="font0"/></TextLine><TextLine WIDTH="1040" HEIGHT="75" ID="p346_t7" HPOS="183" VPOS="419"><String ID="p346_w48" CONTENT="fixed" HPOS="183" VPOS="419" WIDTH="91" HEIGHT="75" STYLEREFS="font0"/><SP WIDTH="17" VPOS="419" HPOS="274"/><String ID="p346_w49" CONTENT="to" HPOS="291" VPOS="419" WIDTH="34" HEIGHT="75" STYLEREFS="font0"/><SP WIDTH="24" VPOS="419" HPOS="325"/><String ID="p346_w50" CONTENT="the" HPOS="349" VPOS="419" WIDTH="54" HEIGHT="75" STYLEREFS="font0"/><SP WIDTH="16" VPOS="419" HPOS="403"/><String ID="p346_w51" CONTENT="fupetior" HPOS="419" VPOS="419" WIDTH="142" HEIGHT="75" STYLEREFS="font0"/><SP WIDTH="16" VPOS="419" HPOS="561"/><String ID="p346_w52" CONTENT="edge" HPOS="577" VPOS="419" WIDTH="81" HEIGHT="75" STYLEREFS="font0"/><SP WIDTH="17" VPOS="419" HPOS="658"/><String ID="p346_w53" CONTENT="of" HPOS="675" VPOS="419" WIDTH="41" HEIGHT="75" STYLEREFS="font0"/><SP WIDTH="10" VPOS="419" HPOS="716"/><String ID="p346_w54" CONTENT="the" HPOS="726" VPOS="419" WIDTH="56" HEIGHT="75" STYLEREFS="font0"/><SP WIDTH="19" VPOS="419" HPOS="782"/><String ID="p346_w55" CONTENT="upper" HPOS="801" VPOS="419" WIDTH="99" HEIGHT="75" STYLEREFS="font0"/><SP WIDTH="18" VPOS="419" HPOS="900"/><String ID="p346_w56" CONTENT="cartilage," HPOS="918" VPOS="419" WIDTH="165" HEIGHT="75" STYLEREFS="font0"/><SP WIDTH="27" VPOS="419" HPOS="1083"/><String ID="p346_w57" CONTENT="as" HPOS="1110" VPOS="419" WIDTH="33" HEIGHT="75" STYLEREFS="font0"/><SP WIDTH="25" VPOS="419" HPOS="1143"/><String ID="p346_w58" CONTENT="the" HPOS="1168" VPOS="419" WIDTH="55" HEIGHT="75" STYLEREFS="font0"/></TextLine><TextLine WIDTH="1039" HEIGHT="75" ID="p346_t8" HPOS="185" VPOS="466"><String ID="p346_w59" CONTENT="inferior" HPOS="185" VPOS="466" WIDTH="131" HEIGHT="75" STYLEREFS="font0"/><SP WIDTH="17" VPOS="466" HPOS="316"/><String ID="p346_w60" CONTENT="is" HPOS="333" VPOS="466" WIDTH="26" HEIGHT="75" STYLEREFS="font0"/><SP WIDTH="27" VPOS="466" HPOS="359"/><String ID="p346_w61" CONTENT="to" HPOS="386" VPOS="466" WIDTH="34" HEIGHT="75" STYLEREFS="font0"/><SP WIDTH="25" VPOS="466" HPOS="420"/><String ID="p346_w62" CONTENT="the" HPOS="445" VPOS="466" WIDTH="55" HEIGHT="75" STYLEREFS="font0"/><SP WIDTH="23" VPOS="466" HPOS="500"/><String ID="p346_w63" CONTENT="lower" HPOS="523" VPOS="466" WIDTH="101" HEIGHT="75" STYLEREFS="font0"/><SP WIDTH="23" VPOS="466" HPOS="624"/><String ID="p346_w64" CONTENT="edge" HPOS="647" VPOS="466" WIDTH="81" HEIGHT="75" STYLEREFS="font0"/><SP WIDTH="24" VPOS="466" HPOS="728"/><String ID="p346_w65" CONTENT="of" HPOS="752" VPOS="466" WIDTH="41" HEIGHT="75" STYLEREFS="font0"/><SP WIDTH="18" VPOS="466" HPOS="793"/><String ID="p346_w66" CONTENT="the" HPOS="811" VPOS="466" WIDTH="55" HEIGHT="75" STYLEREFS="font0"/><SP WIDTH="17" VPOS="466" HPOS="866"/><String ID="p346_w67" CONTENT="lower" HPOS="883" VPOS="466" WIDTH="100" HEIGHT="75" STYLEREFS="font0"/><SP WIDTH="16" VPOS="466" HPOS="983"/><String ID="p346_w68" CONTENT="cartilage," HPOS="999" VPOS="466" WIDTH="164" HEIGHT="75" STYLEREFS="font0"/><SP WIDTH="25" VPOS="466" HPOS="1163"/><String ID="p346_w69" CONTENT="fo" HPOS="1188" VPOS="466" WIDTH="36" HEIGHT="75" STYLEREFS="font0"/></TextLine><TextLine WIDTH="1036" HEIGHT="75" ID="p346_t9" HPOS="187" VPOS="513"><String ID="p346_w70" CONTENT="that" HPOS="187" VPOS="513" WIDTH="70" HEIGHT="75" STYLEREFS="font0"/><SP WIDTH="18" VPOS="513" HPOS="257"/><String ID="p346_w71" CONTENT="thefe" HPOS="275" VPOS="513" WIDTH="88" HEIGHT="75" STYLEREFS="font0"/><SP WIDTH="19" VPOS="513" HPOS="363"/><String ID="p346_w72" CONTENT="ligaments" HPOS="382" VPOS="513" WIDTH="165" HEIGHT="75" STYLEREFS="font0"/><SP WIDTH="18" VPOS="513" HPOS="547"/><String ID="p346_w73" CONTENT="and" HPOS="565" VPOS="513" WIDTH="62" HEIGHT="75" STYLEREFS="font0"/><SP WIDTH="15" VPOS="513" HPOS="627"/><String ID="p346_w74" CONTENT="the" HPOS="642" VPOS="513" WIDTH="55" HEIGHT="75" STYLEREFS="font0"/><SP WIDTH="11" VPOS="513" HPOS="697"/><String ID="p346_w75" CONTENT="tarfi," HPOS="708" VPOS="513" WIDTH="85" HEIGHT="75" STYLEREFS="font0"/><SP WIDTH="18" VPOS="513" HPOS="793"/><String ID="p346_w76" CONTENT="taken" HPOS="811" VPOS="513" WIDTH="95" HEIGHT="75" STYLEREFS="font0"/><SP WIDTH="17" VPOS="513" HPOS="906"/><String ID="p346_w77" CONTENT="alone" HPOS="923" VPOS="513" WIDTH="91" HEIGHT="75" STYLEREFS="font0"/><SP WIDTH="17" VPOS="513" HPOS="1014"/><String ID="p346_w78" CONTENT="or" HPOS="1031" VPOS="513" WIDTH="38" HEIGHT="75" STYLEREFS="font0"/><SP WIDTH="16" VPOS="513" HPOS="1069"/><String ID="p346_w79" CONTENT="without" HPOS="1085" VPOS="513" WIDTH="138" HEIGHT="75" STYLEREFS="font0"/></TextLine><TextLine WIDTH="659" HEIGHT="75" ID="p346_t10" HPOS="189" VPOS="561"><String ID="p346_w80" CONTENT="the" HPOS="189" VPOS="561" WIDTH="54" HEIGHT="75" STYLEREFS="font0"/><SP WIDTH="17" VPOS="561" HPOS="243"/><String ID="p346_w81" CONTENT="other" HPOS="260" VPOS="561" WIDTH="94" HEIGHT="75" STYLEREFS="font0"/><SP WIDTH="12" VPOS="561" HPOS="354"/><String ID="p346_w82" CONTENT="parts," HPOS="366" VPOS="561" WIDTH="106" HEIGHT="75" STYLEREFS="font0"/><SP WIDTH="26" VPOS="561" HPOS="472"/><String ID="p346_w83" CONTENT="reprefent" HPOS="498" VPOS="561" WIDTH="160" HEIGHT="75" STYLEREFS="font0"/><SP WIDTH="18" VPOS="561" HPOS="658"/><String ID="p346_w84" CONTENT="palpebrse." HPOS="676" VPOS="561" WIDTH="172" HEIGHT="75" STYLEREFS="font0"/></TextLine><TextLine WIDTH="991" HEIGHT="75" ID="p346_t11" HPOS="233" VPOS="607"><String ID="p346_w85" CONTENT="The" HPOS="233" VPOS="607" WIDTH="77" HEIGHT="75" STYLEREFS="font0"/><SP WIDTH="16" VPOS="607" HPOS="310"/><String ID="p346_w86" CONTENT="membrana" HPOS="326" VPOS="607" WIDTH="185" HEIGHT="75" STYLEREFS="font0"/><SP WIDTH="15" VPOS="607" HPOS="511"/><String ID="p346_w87" CONTENT="conjunftiva" HPOS="526" VPOS="607" WIDTH="202" HEIGHT="75" STYLEREFS="font0"/><SP WIDTH="26" VPOS="607" HPOS="728"/><String ID="p346_w88" CONTENT="is" HPOS="754" VPOS="607" WIDTH="27" HEIGHT="75" STYLEREFS="font0"/><SP WIDTH="29" VPOS="607" HPOS="781"/><String ID="p346_w89" CONTENT="a" HPOS="810" VPOS="607" WIDTH="19" HEIGHT="75" STYLEREFS="font0"/><SP WIDTH="27" VPOS="607" HPOS="829"/><String ID="p346_w90" CONTENT="thin" HPOS="856" VPOS="607" WIDTH="69" HEIGHT="75" STYLEREFS="font0"/><SP WIDTH="17" VPOS="607" HPOS="925"/><String ID="p346_w91" CONTENT="membrane," HPOS="942" VPOS="607" WIDTH="195" HEIGHT="75" STYLEREFS="font0"/><SP WIDTH="26" VPOS="607" HPOS="1137"/><String ID="p346_w92" CONTENT="one" HPOS="1163" VPOS="607" WIDTH="61" HEIGHT="75" STYLEREFS="font0"/></TextLine><TextLine WIDTH="1037" HEIGHT="75" ID="p346_t12" HPOS="185" VPOS="653"><String ID="p346_w93" CONTENT="portion" HPOS="185" VPOS="653" WIDTH="131" HEIGHT="75" STYLEREFS="font0"/><SP WIDTH="16" VPOS="653" HPOS="316"/><String ID="p346_w94" CONTENT="of" HPOS="332" VPOS="653" WIDTH="40" HEIGHT="75" STYLEREFS="font0"/><SP WIDTH="11" VPOS="653" HPOS="372"/><String ID="p346_w95" CONTENT="which" HPOS="383" VPOS="653" WIDTH="106" HEIGHT="75" STYLEREFS="font0"/><SP WIDTH="18" VPOS="653" HPOS="489"/><String ID="p346_w96" CONTENT="lines" HPOS="507" VPOS="653" WIDTH="80" HEIGHT="75" STYLEREFS="font0"/><SP WIDTH="19" VPOS="653" HPOS="587"/><String ID="p346_w97" CONTENT="the" HPOS="606" VPOS="653" WIDTH="54" HEIGHT="75" STYLEREFS="font0"/><SP WIDTH="16" VPOS="653" HPOS="660"/><String ID="p346_w98" CONTENT="inner" HPOS="676" VPOS="653" WIDTH="90" HEIGHT="75" STYLEREFS="font0"/><SP WIDTH="22" VPOS="653" HPOS="766"/><String ID="p346_w99" CONTENT="furface" HPOS="788" VPOS="653" WIDTH="123" HEIGHT="75" STYLEREFS="font0"/><SP WIDTH="19" VPOS="653" HPOS="911"/><String ID="p346_w100" CONTENT="of" HPOS="930" VPOS="653" WIDTH="40" HEIGHT="75" STYLEREFS="font0"/><SP WIDTH="15" VPOS="653" HPOS="970"/><String ID="p346_w101" CONTENT="the" HPOS="985" VPOS="653" WIDTH="54" HEIGHT="75" STYLEREFS="font0"/><SP WIDTH="13" VPOS="653" HPOS="1039"/><String ID="p346_w102" CONTENT="palpebras." HPOS="1052" VPOS="653" WIDTH="170" HEIGHT="75" STYLEREFS="font0"/></TextLine><TextLine WIDTH="1036" HEIGHT="75" ID="p346_t13" HPOS="188" VPOS="701"><String ID="p346_w103" CONTENT="At" HPOS="188" VPOS="701" WIDTH="49" HEIGHT="75" STYLEREFS="font0"/><SP WIDTH="17" VPOS="701" HPOS="237"/><String ID="p346_w104" CONTENT="the" HPOS="254" VPOS="701" WIDTH="55" HEIGHT="75" STYLEREFS="font0"/><SP WIDTH="19" VPOS="701" HPOS="309"/><String ID="p346_w105" CONTENT="edge" HPOS="328" VPOS="701" WIDTH="81" HEIGHT="75" STYLEREFS="font0"/><SP WIDTH="17" VPOS="701" HPOS="409"/><String ID="p346_w106" CONTENT="of" HPOS="426" VPOS="701" WIDTH="40" HEIGHT="75" STYLEREFS="font0"/><SP WIDTH="11" VPOS="701" HPOS="466"/><String ID="p346_w107" CONTENT="the" HPOS="477" VPOS="701" WIDTH="55" HEIGHT="75" STYLEREFS="font0"/><SP WIDTH="24" VPOS="701" HPOS="532"/><String ID="p346_w108" CONTENT="orbit" HPOS="556" VPOS="701" WIDTH="85" HEIGHT="75" STYLEREFS="font0"/><SP WIDTH="22" VPOS="701" HPOS="641"/><String ID="p346_w109" CONTENT="it" HPOS="663" VPOS="701" WIDTH="26" HEIGHT="75" STYLEREFS="font0"/><SP WIDTH="20" VPOS="701" HPOS="689"/><String ID="p346_w110" CONTENT="has" HPOS="709" VPOS="701" WIDTH="57" HEIGHT="75" STYLEREFS="font0"/><SP WIDTH="18" VPOS="701" HPOS="766"/><String ID="p346_w111" CONTENT="a" HPOS="784" VPOS="701" WIDTH="19" HEIGHT="75" STYLEREFS="font0"/><SP WIDTH="15" VPOS="701" HPOS="803"/><String ID="p346_w112" CONTENT="fold," HPOS="818" VPOS="701" WIDTH="84" HEIGHT="75" STYLEREFS="font0"/><SP WIDTH="27" VPOS="701" HPOS="902"/><String ID="p346_w113" CONTENT="and" HPOS="929" VPOS="701" WIDTH="62" HEIGHT="75" STYLEREFS="font0"/><SP WIDTH="16" VPOS="701" HPOS="991"/><String ID="p346_w114" CONTENT="is" HPOS="1007" VPOS="701" WIDTH="26" HEIGHT="75" STYLEREFS="font0"/><SP WIDTH="18" VPOS="701" HPOS="1033"/><String ID="p346_w115" CONTENT="continued" HPOS="1051" VPOS="701" WIDTH="173" HEIGHT="75" STYLEREFS="font0"/></TextLine><TextLine WIDTH="1036" HEIGHT="75" ID="p346_t14" HPOS="188" VPOS="748"><String ID="p346_w116" CONTENT="from" HPOS="188" VPOS="748" WIDTH="84" HEIGHT="75" STYLEREFS="font0"/><SP WIDTH="16" VPOS="748" HPOS="272"/><String ID="p346_w117" CONTENT="hence" HPOS="288" VPOS="748" WIDTH="100" HEIGHT="75" STYLEREFS="font0"/><SP WIDTH="17" VPOS="748" HPOS="388"/><String ID="p346_w118" CONTENT="on" HPOS="405" VPOS="748" WIDTH="41" HEIGHT="75" STYLEREFS="font0"/><SP WIDTH="12" VPOS="748" HPOS="446"/><String ID="p346_w119" CONTENT="the" HPOS="458" VPOS="748" WIDTH="60" HEIGHT="75" STYLEREFS="font0"/><SP WIDTH="17" VPOS="748" HPOS="518"/><String ID="p346_w120" CONTENT="anterior" HPOS="535" VPOS="748" WIDTH="138" HEIGHT="75" STYLEREFS="font0"/><SP WIDTH="18" VPOS="748" HPOS="673"/><String ID="p346_w121" CONTENT="half" HPOS="691" VPOS="748" WIDTH="73" HEIGHT="75" STYLEREFS="font0"/><SP WIDTH="10" VPOS="748" HPOS="764"/><String ID="p346_w122" CONTENT="of" HPOS="774" VPOS="748" WIDTH="40" HEIGHT="75" STYLEREFS="font0"/><SP WIDTH="20" VPOS="748" HPOS="814"/><String ID="p346_w123" CONTENT="the" HPOS="834" VPOS="748" WIDTH="56" HEIGHT="75" STYLEREFS="font0"/><SP WIDTH="16" VPOS="748" HPOS="890"/><String ID="p346_w124" CONTENT="globe" HPOS="906" VPOS="748" WIDTH="96" HEIGHT="75" STYLEREFS="font0"/><SP WIDTH="16" VPOS="748" HPOS="1002"/><String ID="p346_w125" CONTENT="of" HPOS="1018" VPOS="748" WIDTH="41" HEIGHT="75" STYLEREFS="font0"/><SP WIDTH="19" VPOS="748" HPOS="1059"/><String ID="p346_w126" CONTENT="the" HPOS="1078" VPOS="748" WIDTH="56" HEIGHT="75" STYLEREFS="font0"/><SP WIDTH="17" VPOS="748" HPOS="1134"/><String ID="p346_w127" CONTENT="eye," HPOS="1151" VPOS="748" WIDTH="73" HEIGHT="75" STYLEREFS="font0"/></TextLine><TextLine WIDTH="1037" HEIGHT="75" ID="p346_t15" HPOS="187" VPOS="793"><String ID="p346_w128" CONTENT="adhering" HPOS="187" VPOS="793" WIDTH="156" HEIGHT="75" STYLEREFS="font0"/><SP WIDTH="15" VPOS="793" HPOS="343"/><String ID="p346_w129" CONTENT="to" HPOS="358" VPOS="793" WIDTH="36" HEIGHT="75" STYLEREFS="font0"/><SP WIDTH="24" VPOS="793" HPOS="394"/><String ID="p346_w130" CONTENT="the" HPOS="418" VPOS="793" WIDTH="56" HEIGHT="75" STYLEREFS="font0"/><SP WIDTH="25" VPOS="793" HPOS="474"/><String ID="p346_w131" CONTENT="tunica-albuginea;" HPOS="499" VPOS="793" WIDTH="310" HEIGHT="75" STYLEREFS="font0"/><SP WIDTH="27" VPOS="793" HPOS="809"/><String ID="p346_w132" CONTENT="fo" HPOS="836" VPOS="793" WIDTH="34" HEIGHT="75" STYLEREFS="font0"/><SP WIDTH="23" VPOS="793" HPOS="870"/><String ID="p346_w133" CONTENT="that" HPOS="893" VPOS="793" WIDTH="72" HEIGHT="75" STYLEREFS="font0"/><SP WIDTH="23" VPOS="793" HPOS="965"/><String ID="p346_w134" CONTENT="the" HPOS="988" VPOS="793" WIDTH="55" HEIGHT="75" STYLEREFS="font0"/><SP WIDTH="24" VPOS="793" HPOS="1043"/><String ID="p346_w135" CONTENT="palpebrce" HPOS="1067" VPOS="793" WIDTH="157" HEIGHT="75" STYLEREFS="font0"/></TextLine><TextLine WIDTH="1037" HEIGHT="75" ID="p346_t16" HPOS="188" VPOS="842"><String ID="p346_w136" CONTENT="and" HPOS="188" VPOS="842" WIDTH="65" HEIGHT="75" STYLEREFS="font0"/><SP WIDTH="15" VPOS="842" HPOS="253"/><String ID="p346_w137" CONTENT="the" HPOS="268" VPOS="842" WIDTH="56" HEIGHT="75" STYLEREFS="font0"/><SP WIDTH="16" VPOS="842" HPOS="324"/><String ID="p346_w138" CONTENT="forepart" HPOS="340" VPOS="842" WIDTH="145" HEIGHT="75" STYLEREFS="font0"/><SP WIDTH="16" VPOS="842" HPOS="485"/><String ID="p346_w139" CONTENT="of" HPOS="501" VPOS="842" WIDTH="39" HEIGHT="75" STYLEREFS="font0"/><SP WIDTH="7" VPOS="842" HPOS="540"/><String ID="p346_w140" CONTENT="the" HPOS="547" VPOS="842" WIDTH="59" HEIGHT="75" STYLEREFS="font0"/><SP WIDTH="17" VPOS="842" HPOS="606"/><String ID="p346_w141" CONTENT="globe" HPOS="623" VPOS="842" WIDTH="95" HEIGHT="75" STYLEREFS="font0"/><SP WIDTH="17" VPOS="842" HPOS="718"/><String ID="p346_w142" CONTENT="of" HPOS="735" VPOS="842" WIDTH="40" HEIGHT="75" STYLEREFS="font0"/><SP WIDTH="23" VPOS="842" HPOS="775"/><String ID="p346_w143" CONTENT="the" HPOS="798" VPOS="842" WIDTH="55" HEIGHT="75" STYLEREFS="font0"/><SP WIDTH="16" VPOS="842" HPOS="853"/><String ID="p346_w144" CONTENT="eye" HPOS="869" VPOS="842" WIDTH="59" HEIGHT="75" STYLEREFS="font0"/><SP WIDTH="17" VPOS="842" HPOS="928"/><String ID="p346_w145" CONTENT="are" HPOS="945" VPOS="842" WIDTH="54" HEIGHT="75" STYLEREFS="font0"/><SP WIDTH="20" VPOS="842" HPOS="999"/><String ID="p346_w146" CONTENT="covered" HPOS="1019" VPOS="842" WIDTH="138" HEIGHT="75" STYLEREFS="font0"/><SP WIDTH="24" VPOS="842" HPOS="1157"/><String ID="p346_w147" CONTENT="by" HPOS="1181" VPOS="842" WIDTH="44" HEIGHT="75" STYLEREFS="font0"/></TextLine><TextLine WIDTH="1036" HEIGHT="75" ID="p346_t17" HPOS="189" VPOS="888"><String ID="p346_w148" CONTENT="one" HPOS="189" VPOS="888" WIDTH="61" HEIGHT="75" STYLEREFS="font0"/><SP WIDTH="26" VPOS="888" HPOS="250"/><String ID="p346_w149" CONTENT="and" HPOS="276" VPOS="888" WIDTH="63" HEIGHT="75" STYLEREFS="font0"/><SP WIDTH="24" VPOS="888" HPOS="339"/><String ID="p346_w150" CONTENT="the" HPOS="363" VPOS="888" WIDTH="55" HEIGHT="75" STYLEREFS="font0"/><SP WIDTH="22" VPOS="888" HPOS="418"/><String ID="p346_w151" CONTENT="fame" HPOS="440" VPOS="888" WIDTH="83" HEIGHT="75" STYLEREFS="font0"/><SP WIDTH="27" VPOS="888" HPOS="523"/><String ID="p346_w152" CONTENT="membrane," HPOS="550" VPOS="888" WIDTH="193" HEIGHT="75" STYLEREFS="font0"/><SP WIDTH="25" VPOS="888" HPOS="743"/><String ID="p346_w153" CONTENT="which" HPOS="768" VPOS="888" WIDTH="105" HEIGHT="75" STYLEREFS="font0"/><SP WIDTH="17" VPOS="888" HPOS="873"/><String ID="p346_w154" CONTENT="does" HPOS="890" VPOS="888" WIDTH="78" HEIGHT="75" STYLEREFS="font0"/><SP WIDTH="17" VPOS="888" HPOS="968"/><String ID="p346_w155" CONTENT="not" HPOS="985" VPOS="888" WIDTH="63" HEIGHT="75" STYLEREFS="font0"/><SP WIDTH="10" VPOS="888" HPOS="1048"/><String ID="p346_w156" CONTENT="appear" HPOS="1058" VPOS="888" WIDTH="116" HEIGHT="75" STYLEREFS="font0"/><SP WIDTH="16" VPOS="888" HPOS="1174"/><String ID="p346_w157" CONTENT="to" HPOS="1190" VPOS="888" WIDTH="35" HEIGHT="75" STYLEREFS="font0"/></TextLine><TextLine WIDTH="1035" HEIGHT="75" ID="p346_t18" HPOS="189" VPOS="935"><String ID="p346_w158" CONTENT="be" HPOS="189" VPOS="935" WIDTH="40" HEIGHT="75" STYLEREFS="font0"/><SP WIDTH="13" VPOS="935" HPOS="229"/><String ID="p346_w159" CONTENT="a" HPOS="242" VPOS="935" WIDTH="19" HEIGHT="75" STYLEREFS="font0"/><SP WIDTH="11" VPOS="935" HPOS="261"/><String ID="p346_w160" CONTENT="continuation" HPOS="272" VPOS="935" WIDTH="219" HEIGHT="75" STYLEREFS="font0"/><SP WIDTH="12" VPOS="935" HPOS="491"/><String ID="p346_w161" CONTENT="ofthe" HPOS="503" VPOS="935" WIDTH="100" HEIGHT="75" STYLEREFS="font0"/><SP WIDTH="11" VPOS="935" HPOS="603"/><String ID="p346_w162" CONTENT="pericranium," HPOS="614" VPOS="935" WIDTH="226" HEIGHT="75" STYLEREFS="font0"/><SP WIDTH="18" VPOS="935" HPOS="840"/><String ID="p346_w163" CONTENT="but" HPOS="858" VPOS="935" WIDTH="58" HEIGHT="75" STYLEREFS="font0"/><SP WIDTH="9" VPOS="935" HPOS="916"/><String ID="p346_w164" CONTENT="has" HPOS="925" VPOS="935" WIDTH="57" HEIGHT="75" STYLEREFS="font0"/><SP WIDTH="12" VPOS="935" HPOS="982"/><String ID="p346_w165" CONTENT="fome" HPOS="994" VPOS="935" WIDTH="85" HEIGHT="75" STYLEREFS="font0"/><SP WIDTH="10" VPOS="935" HPOS="1079"/><String ID="p346_w166" CONTENT="connec-" HPOS="1089" VPOS="935" WIDTH="135" HEIGHT="75" STYLEREFS="font0"/></TextLine><TextLine WIDTH="774" HEIGHT="75" ID="p346_t19" HPOS="189" VPOS="982"><String ID="p346_w167" CONTENT="tion" HPOS="189" VPOS="982" WIDTH="71" HEIGHT="75" STYLEREFS="font0"/><SP WIDTH="16" VPOS="982" HPOS="260"/><String ID="p346_w168" CONTENT="with" HPOS="276" VPOS="982" WIDTH="80" HEIGHT="75" STYLEREFS="font0"/><SP WIDTH="16" VPOS="982" HPOS="356"/><String ID="p346_w169" CONTENT="the" HPOS="372" VPOS="982" WIDTH="55" HEIGHT="75" STYLEREFS="font0"/><SP WIDTH="16" VPOS="982" HPOS="427"/><String ID="p346_w170" CONTENT="broad" HPOS="443" VPOS="982" WIDTH="103" HEIGHT="75" STYLEREFS="font0"/><SP WIDTH="16" VPOS="982" HPOS="546"/><String ID="p346_w171" CONTENT="ligaments" HPOS="562" VPOS="982" WIDTH="169" HEIGHT="75" STYLEREFS="font0"/><SP WIDTH="18" VPOS="982" HPOS="731"/><String ID="p346_w172" CONTENT="of" HPOS="749" VPOS="982" WIDTH="39" HEIGHT="75" STYLEREFS="font0"/><SP WIDTH="16" VPOS="982" HPOS="788"/><String ID="p346_w173" CONTENT="the" HPOS="804" VPOS="982" WIDTH="55" HEIGHT="75" STYLEREFS="font0"/><SP WIDTH="20" VPOS="982" HPOS="859"/><String ID="p346_w174" CONTENT="tarfi." HPOS="879" VPOS="982" WIDTH="84" HEIGHT="75" STYLEREFS="font0"/></TextLine><TextLine WIDTH="988" HEIGHT="75" ID="p346_t20" HPOS="236" VPOS="1029"><String ID="p346_w175" CONTENT="The" HPOS="236" VPOS="1029" WIDTH="77" HEIGHT="75" STYLEREFS="font0"/><SP WIDTH="17" VPOS="1029" HPOS="313"/><String ID="p346_w176" CONTENT="name" HPOS="330" VPOS="1029" WIDTH="92" HEIGHT="75" STYLEREFS="font0"/><SP WIDTH="24" VPOS="1029" HPOS="422"/><String ID="p346_w177" CONTENT="of" HPOS="446" VPOS="1029" WIDTH="40" HEIGHT="75" STYLEREFS="font0"/><SP WIDTH="20" VPOS="1029" HPOS="486"/><String ID="p346_w178" CONTENT="conjunttiva" HPOS="506" VPOS="1029" WIDTH="208" HEIGHT="75" STYLEREFS="font0"/><SP WIDTH="16" VPOS="1029" HPOS="714"/><String ID="p346_w179" CONTENT="is" HPOS="730" VPOS="1029" WIDTH="27" HEIGHT="75" STYLEREFS="font0"/><SP WIDTH="21" VPOS="1029" HPOS="757"/><String ID="p346_w180" CONTENT="commonly" HPOS="778" VPOS="1029" WIDTH="184" HEIGHT="75" STYLEREFS="font0"/><SP WIDTH="23" VPOS="1029" HPOS="962"/><String ID="p346_w181" CONTENT="given" HPOS="985" VPOS="1029" WIDTH="94" HEIGHT="75" STYLEREFS="font0"/><SP WIDTH="16" VPOS="1029" HPOS="1079"/><String ID="p346_w182" CONTENT="only" HPOS="1095" VPOS="1029" WIDTH="77" HEIGHT="75" STYLEREFS="font0"/><SP WIDTH="16" VPOS="1029" HPOS="1172"/><String ID="p346_w183" CONTENT="to" HPOS="1188" VPOS="1029" WIDTH="36" HEIGHT="75" STYLEREFS="font0"/></TextLine><TextLine WIDTH="1035" HEIGHT="75" ID="p346_t21" HPOS="189" VPOS="1076"><String ID="p346_w184" CONTENT="that" HPOS="189" VPOS="1076" WIDTH="72" HEIGHT="75" STYLEREFS="font0"/><SP WIDTH="13" VPOS="1076" HPOS="261"/><String ID="p346_w185" CONTENT="part" HPOS="274" VPOS="1076" WIDTH="70" HEIGHT="75" STYLEREFS="font0"/><SP WIDTH="17" VPOS="1076" HPOS="344"/><String ID="p346_w186" CONTENT="which" HPOS="361" VPOS="1076" WIDTH="106" HEIGHT="75" STYLEREFS="font0"/><SP WIDTH="24" VPOS="1076" HPOS="467"/><String ID="p346_w187" CONTENT="covers" HPOS="491" VPOS="1076" WIDTH="111" HEIGHT="75" STYLEREFS="font0"/><SP WIDTH="17" VPOS="1076" HPOS="602"/><String ID="p346_w188" CONTENT="the" HPOS="619" VPOS="1076" WIDTH="55" HEIGHT="75" STYLEREFS="font0"/><SP WIDTH="17" VPOS="1076" HPOS="674"/><String ID="p346_w189" CONTENT="globe," HPOS="691" VPOS="1076" WIDTH="108" HEIGHT="75" STYLEREFS="font0"/><SP WIDTH="25" VPOS="1076" HPOS="799"/><String ID="p346_w190" CONTENT="the" HPOS="824" VPOS="1076" WIDTH="55" HEIGHT="75" STYLEREFS="font0"/><SP WIDTH="16" VPOS="1076" HPOS="879"/><String ID="p346_w191" CONTENT="other" HPOS="895" VPOS="1076" WIDTH="96" HEIGHT="75" STYLEREFS="font0"/><SP WIDTH="18" VPOS="1076" HPOS="991"/><String ID="p346_w192" CONTENT="being" HPOS="1009" VPOS="1076" WIDTH="94" HEIGHT="75" STYLEREFS="font0"/><SP WIDTH="17" VPOS="1076" HPOS="1103"/><String ID="p346_w193" CONTENT="called" HPOS="1120" VPOS="1076" WIDTH="104" HEIGHT="75" STYLEREFS="font0"/></TextLine><TextLine WIDTH="1034" HEIGHT="75" ID="p346_t22" HPOS="191" VPOS="1123"><String ID="p346_w194" CONTENT="limply" HPOS="191" VPOS="1123" WIDTH="111" HEIGHT="75" STYLEREFS="font0"/><SP WIDTH="16" VPOS="1123" HPOS="302"/><String ID="p346_w195" CONTENT="the" HPOS="318" VPOS="1123" WIDTH="55" HEIGHT="75" STYLEREFS="font0"/><SP WIDTH="21" VPOS="1123" HPOS="373"/><String ID="p346_w196" CONTENT="internal" HPOS="394" VPOS="1123" WIDTH="149" HEIGHT="75" STYLEREFS="font0"/><SP WIDTH="11" VPOS="1123" HPOS="543"/><String ID="p346_w197" CONTENT="metnbrane" HPOS="554" VPOS="1123" WIDTH="181" HEIGHT="75" STYLEREFS="font0"/><SP WIDTH="16" VPOS="1123" HPOS="735"/><String ID="p346_w198" CONTENT="of" HPOS="751" VPOS="1123" WIDTH="40" HEIGHT="75" STYLEREFS="font0"/><SP WIDTH="17" VPOS="1123" HPOS="791"/><String ID="p346_w199" CONTENT="the" HPOS="808" VPOS="1123" WIDTH="57" HEIGHT="75" STYLEREFS="font0"/><SP WIDTH="19" VPOS="1123" HPOS="865"/><String ID="p346_w200" CONTENT="palpebrse" HPOS="884" VPOS="1123" WIDTH="156" HEIGHT="75" STYLEREFS="font0"/><SP WIDTH="13" VPOS="1123" HPOS="1040"/><String ID="p346_w201" CONTENT=";" HPOS="1053" VPOS="1123" WIDTH="10" HEIGHT="75" STYLEREFS="font0"/><SP WIDTH="27" VPOS="1123" HPOS="1063"/><String ID="p346_w202" CONTENT="bnt" HPOS="1090" VPOS="1123" WIDTH="58" HEIGHT="75" STYLEREFS="font0"/><SP WIDTH="26" VPOS="1123" HPOS="1148"/><String ID="p346_w203" CONTENT="we" HPOS="1174" VPOS="1123" WIDTH="51" HEIGHT="75" STYLEREFS="font0"/></TextLine><TextLine WIDTH="1033" HEIGHT="75" ID="p346_t23" HPOS="190" VPOS="1169"><String ID="p346_w204" CONTENT="may" HPOS="190" VPOS="1169" WIDTH="74" HEIGHT="75" STYLEREFS="font0"/><SP WIDTH="17" VPOS="1169" HPOS="264"/><String ID="p346_w205" CONTENT="very" HPOS="281" VPOS="1169" WIDTH="78" HEIGHT="75" STYLEREFS="font0"/><SP WIDTH="16" VPOS="1169" HPOS="359"/><String ID="p346_w206" CONTENT="well" HPOS="375" VPOS="1169" WIDTH="74" HEIGHT="75" STYLEREFS="font0"/><SP WIDTH="17" VPOS="1169" HPOS="449"/><String ID="p346_w207" CONTENT="name" HPOS="466" VPOS="1169" WIDTH="91" HEIGHT="75" STYLEREFS="font0"/><SP WIDTH="25" VPOS="1169" HPOS="557"/><String ID="p346_w208" CONTENT="the" HPOS="582" VPOS="1169" WIDTH="56" HEIGHT="75" STYLEREFS="font0"/><SP WIDTH="20" VPOS="1169" HPOS="638"/><String ID="p346_w209" CONTENT="one" HPOS="658" VPOS="1169" WIDTH="61" HEIGHT="75" STYLEREFS="font0"/><SP WIDTH="25" VPOS="1169" HPOS="719"/><String ID="p346_w210" CONTENT="membrana" HPOS="744" VPOS="1169" WIDTH="187" HEIGHT="75" STYLEREFS="font0"/><SP WIDTH="27" VPOS="1169" HPOS="931"/><String ID="p346_w211" CONTENT="oculi" HPOS="958" VPOS="1169" WIDTH="87" HEIGHT="75" STYLEREFS="font0"/><SP WIDTH="27" VPOS="1169" HPOS="1045"/><String ID="p346_w212" CONTENT="conjunc-" HPOS="1072" VPOS="1169" WIDTH="151" HEIGHT="75" STYLEREFS="font0"/></TextLine><TextLine WIDTH="1030" HEIGHT="75" ID="p346_t24" HPOS="191" VPOS="1215"><String ID="p346_w213" CONTENT="tivaand" HPOS="191" VPOS="1215" WIDTH="166" HEIGHT="75" STYLEREFS="font0"/><SP WIDTH="15" VPOS="1215" HPOS="357"/><String ID="p346_w214" CONTENT="the" HPOS="372" VPOS="1215" WIDTH="55" HEIGHT="75" STYLEREFS="font0"/><SP WIDTH="18" VPOS="1215" HPOS="427"/><String ID="p346_w215" CONTENT="other" HPOS="445" VPOS="1215" WIDTH="93" HEIGHT="75" STYLEREFS="font0"/><SP WIDTH="17" VPOS="1215" HPOS="538"/><String ID="p346_w216" CONTENT="metnbrana" HPOS="555" VPOS="1215" WIDTH="186" HEIGHT="75" STYLEREFS="font0"/><SP WIDTH="10" VPOS="1215" HPOS="741"/><String ID="p346_w217" CONTENT="palpebrarum" HPOS="751" VPOS="1215" WIDTH="234" HEIGHT="75" STYLEREFS="font0"/><SP WIDTH="15" VPOS="1215" HPOS="985"/><String ID="p346_w218" CONTENT="conjunftha." HPOS="1000" VPOS="1215" WIDTH="221" HEIGHT="75" STYLEREFS="font0"/></TextLine><TextLine WIDTH="1033" HEIGHT="75" ID="p346_t25" HPOS="190" VPOS="1262"><String ID="p346_w219" CONTENT="That" HPOS="190" VPOS="1262" WIDTH="93" HEIGHT="75" STYLEREFS="font0"/><SP WIDTH="15" VPOS="1262" HPOS="283"/><String ID="p346_w220" CONTENT="of" HPOS="298" VPOS="1262" WIDTH="41" HEIGHT="75" STYLEREFS="font0"/><SP WIDTH="11" VPOS="1262" HPOS="339"/><String ID="p346_w221" CONTENT="the" HPOS="350" VPOS="1262" WIDTH="55" HEIGHT="75" STYLEREFS="font0"/><SP WIDTH="16" VPOS="1262" HPOS="405"/><String ID="p346_w222" CONTENT="palpebrae" HPOS="421" VPOS="1262" WIDTH="157" HEIGHT="75" STYLEREFS="font0"/><SP WIDTH="17" VPOS="1262" HPOS="578"/><String ID="p346_w223" CONTENT="is" HPOS="595" VPOS="1262" WIDTH="26" HEIGHT="75" STYLEREFS="font0"/><SP WIDTH="28" VPOS="1262" HPOS="621"/><String ID="p346_w224" CONTENT="a" HPOS="649" VPOS="1262" WIDTH="19" HEIGHT="75" STYLEREFS="font0"/><SP WIDTH="21" VPOS="1262" HPOS="668"/><String ID="p346_w225" CONTENT="very" HPOS="689" VPOS="1262" WIDTH="80" HEIGHT="75" STYLEREFS="font0"/><SP WIDTH="16" VPOS="1262" HPOS="769"/><String ID="p346_w226" CONTENT="fine" HPOS="785" VPOS="1262" WIDTH="62" HEIGHT="75" STYLEREFS="font0"/><SP WIDTH="23" VPOS="1262" HPOS="847"/><String ID="p346_w227" CONTENT="membrane" HPOS="870" VPOS="1262" WIDTH="182" HEIGHT="75" STYLEREFS="font0"/><SP WIDTH="17" VPOS="1262" HPOS="1052"/><String ID="p346_w228" CONTENT="adhering" HPOS="1069" VPOS="1262" WIDTH="154" HEIGHT="75" STYLEREFS="font0"/></TextLine><TextLine WIDTH="1032" HEIGHT="75" ID="p346_t26" HPOS="191" VPOS="1309"><String ID="p346_w229" CONTENT="very" HPOS="191" VPOS="1309" WIDTH="79" HEIGHT="75" STYLEREFS="font0"/><SP WIDTH="16" VPOS="1309" HPOS="270"/><String ID="p346_w230" CONTENT="clofe," HPOS="286" VPOS="1309" WIDTH="97" HEIGHT="75" STYLEREFS="font0"/><SP WIDTH="18" VPOS="1309" HPOS="383"/><String ID="p346_w231" CONTENT="and" HPOS="401" VPOS="1309" WIDTH="63" HEIGHT="75" STYLEREFS="font0"/><SP WIDTH="16" VPOS="1309" HPOS="464"/><String ID="p346_w232" CONTENT="full" HPOS="480" VPOS="1309" WIDTH="61" HEIGHT="75" STYLEREFS="font0"/><SP WIDTH="16" VPOS="1309" HPOS="541"/><String ID="p346_w233" CONTENT="of-fmail" HPOS="557" VPOS="1309" WIDTH="141" HEIGHT="75" STYLEREFS="font0"/><SP WIDTH="13" VPOS="1309" HPOS="698"/><String ID="p346_w234" CONTENT="capillary" HPOS="711" VPOS="1309" WIDTH="153" HEIGHT="75" STYLEREFS="font0"/><SP WIDTH="11" VPOS="1309" HPOS="864"/><String ID="p346_w235" CONTENT="blood-vefiels." HPOS="875" VPOS="1309" WIDTH="238" HEIGHT="75" STYLEREFS="font0"/><SP WIDTH="34" VPOS="1309" HPOS="1113"/><String ID="p346_w236" CONTENT="It" HPOS="1147" VPOS="1309" WIDTH="33" HEIGHT="75" STYLEREFS="font0"/><SP WIDTH="16" VPOS="1309" HPOS="1180"/><String ID="p346_w237" CONTENT="is" HPOS="1196" VPOS="1309" WIDTH="27" HEIGHT="75" STYLEREFS="font0"/></TextLine><TextLine WIDTH="1032" HEIGHT="75" ID="p346_t27" HPOS="191" VPOS="1355"><String ID="p346_w238" CONTENT="“perforated" HPOS="191" VPOS="1355" WIDTH="187" HEIGHT="75" STYLEREFS="font0"/><SP WIDTH="20" VPOS="1355" HPOS="378"/><String ID="p346_w239" CONTENT="by" HPOS="398" VPOS="1355" WIDTH="47" HEIGHT="75" STYLEREFS="font0"/><SP WIDTH="21" VPOS="1355" HPOS="445"/><String ID="p346_w240" CONTENT="numerous" HPOS="466" VPOS="1355" WIDTH="170" HEIGHT="75" STYLEREFS="font0"/><SP WIDTH="32" VPOS="1355" HPOS="636"/><String ID="p346_w241" CONTENT="imperceptible" HPOS="668" VPOS="1355" WIDTH="241" HEIGHT="75" STYLEREFS="font0"/><SP WIDTH="33" VPOS="1355" HPOS="909"/><String ID="p346_w242" CONTENT="pores," HPOS="942" VPOS="1355" WIDTH="106" HEIGHT="75" STYLEREFS="font0"/><SP WIDTH="34" VPOS="1355" HPOS="1048"/><String ID="p346_w243" CONTENT="through" HPOS="1082" VPOS="1355" WIDTH="141" HEIGHT="75" STYLEREFS="font0"/></TextLine><TextLine WIDTH="889" HEIGHT="75" ID="p346_t28" HPOS="192" VPOS="1403"><String ID="p346_w244" CONTENT="which" HPOS="192" VPOS="1403" WIDTH="107" HEIGHT="75" STYLEREFS="font0"/><SP WIDTH="18" VPOS="1403" HPOS="299"/><String ID="p346_w245" CONTENT="a" HPOS="317" VPOS="1403" WIDTH="18" HEIGHT="75" STYLEREFS="font0"/><SP WIDTH="22" VPOS="1403" HPOS="335"/><String ID="p346_w246" CONTENT="kind" HPOS="357" VPOS="1403" WIDTH="79" HEIGHT="75" STYLEREFS="font0"/><SP WIDTH="16" VPOS="1403" HPOS="436"/><String ID="p346_w247" CONTENT="of" HPOS="452" VPOS="1403" WIDTH="40" HEIGHT="75" STYLEREFS="font0"/><SP WIDTH="10" VPOS="1403" HPOS="492"/><String ID="p346_w248" CONTENT="ferum" HPOS="502" VPOS="1403" WIDTH="103" HEIGHT="75" STYLEREFS="font0"/><SP WIDTH="17" VPOS="1403" HPOS="605"/><String ID="p346_w249" CONTENT="is" HPOS="622" VPOS="1403" WIDTH="27" HEIGHT="75" STYLEREFS="font0"/><SP WIDTH="17" VPOS="1403" HPOS="649"/><String ID="p346_w250" CONTENT="continually" HPOS="666" VPOS="1403" WIDTH="199" HEIGHT="75" STYLEREFS="font0"/><SP WIDTH="15" VPOS="1403" HPOS="865"/><String ID="p346_w251" CONTENT="difcharged." HPOS="880" VPOS="1403" WIDTH="201" HEIGHT="75" STYLEREFS="font0"/></TextLine><TextLine WIDTH="985" HEIGHT="75" ID="p346_t29" HPOS="238" VPOS="1450"><String ID="p346_w252" CONTENT="The" HPOS="238" VPOS="1450" WIDTH="77" HEIGHT="75" STYLEREFS="font0"/><SP WIDTH="17" VPOS="1450" HPOS="315"/><String ID="p346_w253" CONTENT="conjunctiva" HPOS="332" VPOS="1450" WIDTH="200" HEIGHT="75" STYLEREFS="font0"/><SP WIDTH="22" VPOS="1450" HPOS="532"/><String ID="p346_w254" CONTENT="of" HPOS="554" VPOS="1450" WIDTH="39" HEIGHT="75" STYLEREFS="font0"/><SP WIDTH="21" VPOS="1450" HPOS="593"/><String ID="p346_w255" CONTENT="the" HPOS="614" VPOS="1450" WIDTH="55" HEIGHT="75" STYLEREFS="font0"/><SP WIDTH="27" VPOS="1450" HPOS="669"/><String ID="p346_w256" CONTENT="eye" HPOS="696" VPOS="1450" WIDTH="59" HEIGHT="75" STYLEREFS="font0"/><SP WIDTH="28" VPOS="1450" HPOS="755"/><String ID="p346_w257" CONTENT="adheres" HPOS="783" VPOS="1450" WIDTH="134" HEIGHT="75" STYLEREFS="font0"/><SP WIDTH="15" VPOS="1450" HPOS="917"/><String ID="p346_w258" CONTENT="by" HPOS="932" VPOS="1450" WIDTH="45" HEIGHT="75" STYLEREFS="font0"/><SP WIDTH="15" VPOS="1450" HPOS="977"/><String ID="p346_w259" CONTENT="the" HPOS="992" VPOS="1450" WIDTH="57" HEIGHT="75" STYLEREFS="font0"/><SP WIDTH="15" VPOS="1450" HPOS="1049"/><String ID="p346_w260" CONTENT="interven-" HPOS="1064" VPOS="1450" WIDTH="159" HEIGHT="75" STYLEREFS="font0"/></TextLine><TextLine WIDTH="1032" HEIGHT="75" ID="p346_t30" HPOS="192" VPOS="1497"><String ID="p346_w261" CONTENT="tion" HPOS="192" VPOS="1497" WIDTH="69" HEIGHT="75" STYLEREFS="font0"/><SP WIDTH="24" VPOS="1497" HPOS="261"/><String ID="p346_w262" CONTENT="of" HPOS="285" VPOS="1497" WIDTH="41" HEIGHT="75" STYLEREFS="font0"/><SP WIDTH="19" VPOS="1497" HPOS="326"/><String ID="p346_w263" CONTENT="a" HPOS="345" VPOS="1497" WIDTH="18" HEIGHT="75" STYLEREFS="font0"/><SP WIDTH="16" VPOS="1497" HPOS="363"/><String ID="p346_w264" CONTENT="cellular" HPOS="379" VPOS="1497" WIDTH="132" HEIGHT="75" STYLEREFS="font0"/><SP WIDTH="22" VPOS="1497" HPOS="511"/><String ID="p346_w265" CONTENT="fubftance," HPOS="533" VPOS="1497" WIDTH="172" HEIGHT="75" STYLEREFS="font0"/><SP WIDTH="26" VPOS="1497" HPOS="705"/><String ID="p346_w266" CONTENT="and" HPOS="731" VPOS="1497" WIDTH="62" HEIGHT="75" STYLEREFS="font0"/><SP WIDTH="26" VPOS="1497" HPOS="793"/><String ID="p346_w267" CONTENT="is" HPOS="819" VPOS="1497" WIDTH="27" HEIGHT="75" STYLEREFS="font0"/><SP WIDTH="28" VPOS="1497" HPOS="846"/><String ID="p346_w268" CONTENT="confequently" HPOS="874" VPOS="1497" WIDTH="228" HEIGHT="75" STYLEREFS="font0"/><SP WIDTH="22" VPOS="1497" HPOS="1102"/><String ID="p346_w269" CONTENT="loofe," HPOS="1124" VPOS="1497" WIDTH="100" HEIGHT="75" STYLEREFS="font0"/></TextLine><TextLine WIDTH="1033" HEIGHT="75" ID="p346_t31" HPOS="193" VPOS="1544"><String ID="p346_w270" CONTENT="and" HPOS="193" VPOS="1544" WIDTH="64" HEIGHT="75" STYLEREFS="font0"/><SP WIDTH="11" VPOS="1544" HPOS="257"/><String ID="p346_w271" CONTENT="as" HPOS="268" VPOS="1544" WIDTH="33" HEIGHT="75" STYLEREFS="font0"/><SP WIDTH="10" VPOS="1544" HPOS="301"/><String ID="p346_w272" CONTENT="it" HPOS="311" VPOS="1544" WIDTH="26" HEIGHT="75" STYLEREFS="font0"/><SP WIDTH="9" VPOS="1544" HPOS="337"/><String ID="p346_w273" CONTENT="were" HPOS="346" VPOS="1544" WIDTH="84" HEIGHT="75" STYLEREFS="font0"/><SP WIDTH="11" VPOS="1544" HPOS="430"/><String ID="p346_w274" CONTENT="moveable;" HPOS="441" VPOS="1544" WIDTH="186" HEIGHT="75" STYLEREFS="font0"/><SP WIDTH="20" VPOS="1544" HPOS="627"/><String ID="p346_w275" CONTENT="and" HPOS="647" VPOS="1544" WIDTH="63" HEIGHT="75" STYLEREFS="font0"/><SP WIDTH="15" VPOS="1544" HPOS="710"/><String ID="p346_w276" CONTENT="it" HPOS="725" VPOS="1544" WIDTH="26" HEIGHT="75" STYLEREFS="font0"/><SP WIDTH="16" VPOS="1544" HPOS="751"/><String ID="p346_w277" CONTENT="may" HPOS="767" VPOS="1544" WIDTH="74" HEIGHT="75" STYLEREFS="font0"/><SP WIDTH="11" VPOS="1544" HPOS="841"/><String ID="p346_w278" CONTENT="be" HPOS="852" VPOS="1544" WIDTH="40" HEIGHT="75" STYLEREFS="font0"/><SP WIDTH="12" VPOS="1544" HPOS="892"/><String ID="p346_w279" CONTENT="taken" HPOS="904" VPOS="1544" WIDTH="95" HEIGHT="75" STYLEREFS="font0"/><SP WIDTH="16" VPOS="1544" HPOS="999"/><String ID="p346_w280" CONTENT="hold" HPOS="1015" VPOS="1544" WIDTH="80" HEIGHT="75" STYLEREFS="font0"/><SP WIDTH="15" VPOS="1544" HPOS="1095"/><String ID="p346_w281" CONTENT="of" HPOS="1110" VPOS="1544" WIDTH="41" HEIGHT="75" STYLEREFS="font0"/><SP WIDTH="10" VPOS="1544" HPOS="1151"/><String ID="p346_w282" CONTENT="and" HPOS="1161" VPOS="1544" WIDTH="65" HEIGHT="75" STYLEREFS="font0"/></TextLine><TextLine WIDTH="1033" HEIGHT="75" ID="p346_t32" HPOS="192" VPOS="1590"><String ID="p346_w283" CONTENT="Separated" HPOS="192" VPOS="1590" WIDTH="167" HEIGHT="75" STYLEREFS="font0"/><SP WIDTH="22" VPOS="1590" HPOS="359"/><String ID="p346_w284" CONTENT="in" HPOS="381" VPOS="1590" WIDTH="32" HEIGHT="75" STYLEREFS="font0"/><SP WIDTH="27" VPOS="1590" HPOS="413"/><String ID="p346_w285" CONTENT="feveral" HPOS="440" VPOS="1590" WIDTH="119" HEIGHT="75" STYLEREFS="font0"/><SP WIDTH="17" VPOS="1590" HPOS="559"/><String ID="p346_w286" CONTENT="places" HPOS="576" VPOS="1590" WIDTH="105" HEIGHT="75" STYLEREFS="font0"/><SP WIDTH="16" VPOS="1590" HPOS="681"/><String ID="p346_w287" CONTENT="from" HPOS="697" VPOS="1590" WIDTH="85" HEIGHT="75" STYLEREFS="font0"/><SP WIDTH="17" VPOS="1590" HPOS="782"/><String ID="p346_w288" CONTENT="the" HPOS="799" VPOS="1590" WIDTH="56" HEIGHT="75" STYLEREFS="font0"/><SP WIDTH="16" VPOS="1590" HPOS="855"/><String ID="p346_w289" CONTENT="tendinous" HPOS="871" VPOS="1590" WIDTH="170" HEIGHT="75" STYLEREFS="font0"/><SP WIDTH="17" VPOS="1590" HPOS="1041"/><String ID="p346_w290" CONTENT="coat." HPOS="1058" VPOS="1590" WIDTH="84" HEIGHT="75" STYLEREFS="font0"/><SP WIDTH="50" VPOS="1590" HPOS="1142"/><String ID="p346_w291" CONTENT="It" HPOS="1192" VPOS="1590" WIDTH="33" HEIGHT="75" STYLEREFS="font0"/></TextLine><TextLine WIDTH="1030" HEIGHT="75" ID="p346_t33" HPOS="194" VPOS="1637"><String ID="p346_w292" CONTENT="is" HPOS="194" VPOS="1637" WIDTH="27" HEIGHT="75" STYLEREFS="font0"/><SP WIDTH="26" VPOS="1637" HPOS="221"/><String ID="p346_w293" CONTENT="of" HPOS="247" VPOS="1637" WIDTH="39" HEIGHT="75" STYLEREFS="font0"/><SP WIDTH="17" VPOS="1637" HPOS="286"/><String ID="p346_w294" CONTENT="a" HPOS="303" VPOS="1637" WIDTH="18" HEIGHT="75" STYLEREFS="font0"/><SP WIDTH="26" VPOS="1637" HPOS="321"/><String ID="p346_w295" CONTENT="whitilh" HPOS="347" VPOS="1637" WIDTH="123" HEIGHT="75" STYLEREFS="font0"/><SP WIDTH="18" VPOS="1637" HPOS="470"/><String ID="p346_w296" CONTENT="colour;" HPOS="488" VPOS="1637" WIDTH="130" HEIGHT="75" STYLEREFS="font0"/><SP WIDTH="26" VPOS="1637" HPOS="618"/><String ID="p346_w297" CONTENT="and" HPOS="644" VPOS="1637" WIDTH="63" HEIGHT="75" STYLEREFS="font0"/><SP WIDTH="15" VPOS="1637" HPOS="707"/><String ID="p346_w298" CONTENT="being" HPOS="722" VPOS="1637" WIDTH="95" HEIGHT="75" STYLEREFS="font0"/><SP WIDTH="15" VPOS="1637" HPOS="817"/><String ID="p346_w299" CONTENT="tranfparent," HPOS="832" VPOS="1637" WIDTH="210" HEIGHT="75" STYLEREFS="font0"/><SP WIDTH="25" VPOS="1637" HPOS="1042"/><String ID="p346_w300" CONTENT="the" HPOS="1067" VPOS="1637" WIDTH="56" HEIGHT="75" STYLEREFS="font0"/><SP WIDTH="11" VPOS="1637" HPOS="1123"/><String ID="p346_w301" CONTENT="albu-" HPOS="1134" VPOS="1637" WIDTH="90" HEIGHT="75" STYLEREFS="font0"/></TextLine><TextLine WIDTH="1031" HEIGHT="75" ID="p346_t34" HPOS="194" VPOS="1684"><String ID="p346_w302" CONTENT="ginea" HPOS="194" VPOS="1684" WIDTH="92" HEIGHT="75" STYLEREFS="font0"/><SP WIDTH="16" VPOS="1684" HPOS="286"/><String ID="p346_w303" CONTENT="makes" HPOS="302" VPOS="1684" WIDTH="108" HEIGHT="75" STYLEREFS="font0"/><SP WIDTH="17" VPOS="1684" HPOS="410"/><String ID="p346_w304" CONTENT="it" HPOS="427" VPOS="1684" WIDTH="26" HEIGHT="75" STYLEREFS="font0"/><SP WIDTH="16" VPOS="1684" HPOS="453"/><String ID="p346_w305" CONTENT="appear" HPOS="469" VPOS="1684" WIDTH="116" HEIGHT="75" STYLEREFS="font0"/><SP WIDTH="16" VPOS="1684" HPOS="585"/><String ID="p346_w306" CONTENT="perfectly" HPOS="601" VPOS="1684" WIDTH="154" HEIGHT="75" STYLEREFS="font0"/><SP WIDTH="16" VPOS="1684" HPOS="755"/><String ID="p346_w307" CONTENT="white:" HPOS="771" VPOS="1684" WIDTH="118" HEIGHT="75" STYLEREFS="font0"/><SP WIDTH="28" VPOS="1684" HPOS="889"/><String ID="p346_w308" CONTENT="Thefe" HPOS="917" VPOS="1684" WIDTH="109" HEIGHT="75" STYLEREFS="font0"/><SP WIDTH="28" VPOS="1684" HPOS="1026"/><String ID="p346_w309" CONTENT="two" HPOS="1054" VPOS="1684" WIDTH="65" HEIGHT="75" STYLEREFS="font0"/><SP WIDTH="17" VPOS="1684" HPOS="1119"/><String ID="p346_w310" CONTENT="coats" HPOS="1136" VPOS="1684" WIDTH="89" HEIGHT="75" STYLEREFS="font0"/></TextLine><TextLine WIDTH="982" HEIGHT="75" ID="p346_t35" HPOS="194" VPOS="1730"><String ID="p346_w311" CONTENT="together" HPOS="194" VPOS="1730" WIDTH="150" HEIGHT="75" STYLEREFS="font0"/><SP WIDTH="16" VPOS="1730" HPOS="344"/><String ID="p346_w312" CONTENT="forming" HPOS="360" VPOS="1730" WIDTH="139" HEIGHT="75" STYLEREFS="font0"/><SP WIDTH="17" VPOS="1730" HPOS="499"/><String ID="p346_w313" CONTENT="what" HPOS="516" VPOS="1730" WIDTH="87" HEIGHT="75" STYLEREFS="font0"/><SP WIDTH="23" VPOS="1730" HPOS="603"/><String ID="p346_w314" CONTENT="is" HPOS="626" VPOS="1730" WIDTH="27" HEIGHT="75" STYLEREFS="font0"/><SP WIDTH="17" VPOS="1730" HPOS="653"/><String ID="p346_w315" CONTENT="called" HPOS="670" VPOS="1730" WIDTH="104" HEIGHT="75" STYLEREFS="font0"/><SP WIDTH="17" VPOS="1730" HPOS="774"/><String ID="p346_w316" CONTENT="the" HPOS="791" VPOS="1730" WIDTH="54" HEIGHT="75" STYLEREFS="font0"/><SP WIDTH="16" VPOS="1730" HPOS="845"/><String ID="p346_w317" CONTENT="white" HPOS="861" VPOS="1730" WIDTH="103" HEIGHT="75" STYLEREFS="font0"/><SP WIDTH="23" VPOS="1730" HPOS="964"/><String ID="p346_w318" CONTENT="of" HPOS="987" VPOS="1730" WIDTH="45" HEIGHT="75" STYLEREFS="font0"/><SP WIDTH="12" VPOS="1730" HPOS="1032"/><String ID="p346_w319" CONTENT="the" HPOS="1044" VPOS="1730" WIDTH="53" HEIGHT="75" STYLEREFS="font0"/><SP WIDTH="16" VPOS="1730" HPOS="1097"/><String ID="p346_w320" CONTENT="eye." HPOS="1113" VPOS="1730" WIDTH="63" HEIGHT="75" STYLEREFS="font0"/></TextLine><TextLine WIDTH="992" HEIGHT="75" ID="p346_t36" HPOS="240" VPOS="1777"><String ID="p346_w321" CONTENT="The" HPOS="240" VPOS="1777" WIDTH="77" HEIGHT="75" STYLEREFS="font0"/><SP WIDTH="18" VPOS="1777" HPOS="317"/><String ID="p346_w322" CONTENT="lachrymal" HPOS="335" VPOS="1777" WIDTH="175" HEIGHT="75" STYLEREFS="font0"/><SP WIDTH="18" VPOS="1777" HPOS="510"/><String ID="p346_w323" CONTENT="gland" HPOS="528" VPOS="1777" WIDTH="97" HEIGHT="75" STYLEREFS="font0"/><SP WIDTH="20" VPOS="1777" HPOS="625"/><String ID="p346_w324" CONTENT="is" HPOS="645" VPOS="1777" WIDTH="28" HEIGHT="75" STYLEREFS="font0"/><SP WIDTH="23" VPOS="1777" HPOS="673"/><String ID="p346_w325" CONTENT="white," HPOS="696" VPOS="1777" WIDTH="111" HEIGHT="75" STYLEREFS="font0"/><SP WIDTH="26" VPOS="1777" HPOS="807"/><String ID="p346_w326" CONTENT="and" HPOS="833" VPOS="1777" WIDTH="62" HEIGHT="75" STYLEREFS="font0"/><SP WIDTH="16" VPOS="1777" HPOS="895"/><String ID="p346_w327" CONTENT="of" HPOS="911" VPOS="1777" WIDTH="40" HEIGHT="75" STYLEREFS="font0"/><SP WIDTH="11" VPOS="1777" HPOS="951"/><String ID="p346_w328" CONTENT="the" HPOS="962" VPOS="1777" WIDTH="56" HEIGHT="75" STYLEREFS="font0"/><SP WIDTH="23" VPOS="1777" HPOS="1018"/><String ID="p346_w329" CONTENT="number" HPOS="1041" VPOS="1777" WIDTH="133" HEIGHT="75" STYLEREFS="font0"/><SP WIDTH="17" VPOS="1777" HPOS="1174"/><String ID="p346_w330" CONTENT="of" HPOS="1191" VPOS="1777" WIDTH="41" HEIGHT="75" STYLEREFS="font0"/></TextLine><TextLine WIDTH="1031" HEIGHT="75" ID="p346_t37" HPOS="194" VPOS="1825"><String ID="p346_w331" CONTENT="thofe" HPOS="194" VPOS="1825" WIDTH="91" HEIGHT="75" STYLEREFS="font0"/><SP WIDTH="18" VPOS="1825" HPOS="285"/><String ID="p346_w332" CONTENT="called" HPOS="303" VPOS="1825" WIDTH="101" HEIGHT="75" STYLEREFS="font0"/><SP WIDTH="16" VPOS="1825" HPOS="404"/><String ID="p346_w333" CONTENT="conglomerate" HPOS="420" VPOS="1825" WIDTH="232" HEIGHT="75" STYLEREFS="font0"/><SP WIDTH="8" VPOS="1825" HPOS="652"/><String ID="p346_w334" CONTENT="glands." HPOS="660" VPOS="1825" WIDTH="136" HEIGHT="75" STYLEREFS="font0"/><SP WIDTH="49" VPOS="1825" HPOS="796"/><String ID="p346_w335" CONTENT="It" HPOS="845" VPOS="1825" WIDTH="32" HEIGHT="75" STYLEREFS="font0"/><SP WIDTH="16" VPOS="1825" HPOS="877"/><String ID="p346_w336" CONTENT="lies" HPOS="893" VPOS="1825" WIDTH="59" HEIGHT="75" STYLEREFS="font0"/><SP WIDTH="16" VPOS="1825" HPOS="952"/><String ID="p346_w337" CONTENT="under" HPOS="968" VPOS="1825" WIDTH="102" HEIGHT="75" STYLEREFS="font0"/><SP WIDTH="16" VPOS="1825" HPOS="1070"/><String ID="p346_w338" CONTENT="thatde-" HPOS="1086" VPOS="1825" WIDTH="139" HEIGHT="75" STYLEREFS="font0"/></TextLine><TextLine WIDTH="1031" HEIGHT="75" ID="p346_t38" HPOS="194" VPOS="1870"><String ID="p346_w339" CONTENT="preflion" HPOS="194" VPOS="1870" WIDTH="130" HEIGHT="75" STYLEREFS="font0"/><SP WIDTH="17" VPOS="1870" HPOS="324"/><String ID="p346_w340" CONTENT="obfervable" HPOS="341" VPOS="1870" WIDTH="183" HEIGHT="75" STYLEREFS="font0"/><SP WIDTH="16" VPOS="1870" HPOS="524"/><String ID="p346_w341" CONTENT="in" HPOS="540" VPOS="1870" WIDTH="33" HEIGHT="75" STYLEREFS="font0"/><SP WIDTH="23" VPOS="1870" HPOS="573"/><String ID="p346_w342" CONTENT="the" HPOS="596" VPOS="1870" WIDTH="56" HEIGHT="75" STYLEREFS="font0"/><SP WIDTH="17" VPOS="1870" HPOS="652"/><String ID="p346_w343" CONTENT="arch" HPOS="669" VPOS="1870" WIDTH="77" HEIGHT="75" STYLEREFS="font0"/><SP WIDTH="16" VPOS="1870" HPOS="746"/><String ID="p346_w344" CONTENT="of" HPOS="762" VPOS="1870" WIDTH="42" HEIGHT="75" STYLEREFS="font0"/><SP WIDTH="10" VPOS="1870" HPOS="804"/><String ID="p346_w345" CONTENT="the" HPOS="814" VPOS="1870" WIDTH="54" HEIGHT="75" STYLEREFS="font0"/><SP WIDTH="16" VPOS="1870" HPOS="868"/><String ID="p346_w346" CONTENT="orbit" HPOS="884" VPOS="1870" WIDTH="87" HEIGHT="75" STYLEREFS="font0"/><SP WIDTH="16" VPOS="1870" HPOS="971"/><String ID="p346_w347" CONTENT="near" HPOS="987" VPOS="1870" WIDTH="76" HEIGHT="75" STYLEREFS="font0"/><SP WIDTH="15" VPOS="1870" HPOS="1063"/><String ID="p346_w348" CONTENT="the" HPOS="1078" VPOS="1870" WIDTH="55" HEIGHT="75" STYLEREFS="font0"/><SP WIDTH="12" VPOS="1870" HPOS="1133"/><String ID="p346_w349" CONTENT="tem-" HPOS="1145" VPOS="1870" WIDTH="80" HEIGHT="75" STYLEREFS="font0"/></TextLine><TextLine WIDTH="1033" HEIGHT="75" ID="p346_t39" HPOS="194" VPOS="1917"><String ID="p346_w350" CONTENT="ples," HPOS="194" VPOS="1917" WIDTH="81" HEIGHT="75" STYLEREFS="font0"/><SP WIDTH="25" VPOS="1917" HPOS="275"/><String ID="p346_w351" CONTENT="and" HPOS="300" VPOS="1917" WIDTH="62" HEIGHT="75" STYLEREFS="font0"/><SP WIDTH="15" VPOS="1917" HPOS="362"/><String ID="p346_w352" CONTENT="laterally" HPOS="377" VPOS="1917" WIDTH="148" HEIGHT="75" STYLEREFS="font0"/><SP WIDTH="16" VPOS="1917" HPOS="525"/><String ID="p346_w353" CONTENT="above" HPOS="541" VPOS="1917" WIDTH="101" HEIGHT="75" STYLEREFS="font0"/><SP WIDTH="15" VPOS="1917" HPOS="642"/><String ID="p346_w354" CONTENT="the" HPOS="657" VPOS="1917" WIDTH="56" HEIGHT="75" STYLEREFS="font0"/><SP WIDTH="16" VPOS="1917" HPOS="713"/><String ID="p346_w355" CONTENT="globe" HPOS="729" VPOS="1917" WIDTH="95" HEIGHT="75" STYLEREFS="font0"/><SP WIDTH="24" VPOS="1917" HPOS="824"/><String ID="p346_w356" CONTENT="of" HPOS="848" VPOS="1917" WIDTH="41" HEIGHT="75" STYLEREFS="font0"/><SP WIDTH="19" VPOS="1917" HPOS="889"/><String ID="p346_w357" CONTENT="the" HPOS="908" VPOS="1917" WIDTH="55" HEIGHT="75" STYLEREFS="font0"/><SP WIDTH="26" VPOS="1917" HPOS="963"/><String ID="p346_w358" CONTENT="eye." HPOS="989" VPOS="1917" WIDTH="71" HEIGHT="75" STYLEREFS="font0"/><SP WIDTH="50" VPOS="1917" HPOS="1060"/><String ID="p346_w359" CONTENT="It" HPOS="1110" VPOS="1917" WIDTH="32" HEIGHT="75" STYLEREFS="font0"/><SP WIDTH="15" VPOS="1917" HPOS="1142"/><String ID="p346_w360" CONTENT="is" HPOS="1157" VPOS="1917" WIDTH="27" HEIGHT="75" STYLEREFS="font0"/><SP WIDTH="24" VPOS="1917" HPOS="1184"/><String ID="p346_w361" CONTENT="a" HPOS="1208" VPOS="1917" WIDTH="19" HEIGHT="75" STYLEREFS="font0"/></TextLine><TextLine WIDTH="1031" HEIGHT="75" ID="p346_t40" HPOS="195" VPOS="1964"><String ID="p346_w362" CONTENT="Ihtle" HPOS="195" VPOS="1964" WIDTH="84" HEIGHT="75" STYLEREFS="font0"/><SP WIDTH="19" VPOS="1964" HPOS="279"/><String ID="p346_w363" CONTENT="flatted," HPOS="298" VPOS="1964" WIDTH="125" HEIGHT="75" STYLEREFS="font0"/><SP WIDTH="25" VPOS="1964" HPOS="423"/><String ID="p346_w364" CONTENT="and" HPOS="448" VPOS="1964" WIDTH="63" HEIGHT="75" STYLEREFS="font0"/><SP WIDTH="16" VPOS="1964" HPOS="511"/><String ID="p346_w365" CONTENT="divided" HPOS="527" VPOS="1964" WIDTH="131" HEIGHT="75" STYLEREFS="font0"/><SP WIDTH="16" VPOS="1964" HPOS="658"/><String ID="p346_w366" CONTENT="as" HPOS="674" VPOS="1964" WIDTH="32" HEIGHT="75" STYLEREFS="font0"/><SP WIDTH="18" VPOS="1964" HPOS="706"/><String ID="p346_w367" CONTENT="it" HPOS="724" VPOS="1964" WIDTH="25" HEIGHT="75" STYLEREFS="font0"/><SP WIDTH="17" VPOS="1964" HPOS="749"/><String ID="p346_w368" CONTENT="were" HPOS="766" VPOS="1964" WIDTH="84" HEIGHT="75" STYLEREFS="font0"/><SP WIDTH="15" VPOS="1964" HPOS="850"/><String ID="p346_w369" CONTENT="into" HPOS="865" VPOS="1964" WIDTH="69" HEIGHT="75" STYLEREFS="font0"/><SP WIDTH="16" VPOS="1964" HPOS="934"/><String ID="p346_w370" CONTENT="two" HPOS="950" VPOS="1964" WIDTH="66" HEIGHT="75" STYLEREFS="font0"/><SP WIDTH="22" VPOS="1964" HPOS="1016"/><String ID="p346_w371" CONTENT="lobes," HPOS="1038" VPOS="1964" WIDTH="102" HEIGHT="75" STYLEREFS="font0"/><SP WIDTH="25" VPOS="1964" HPOS="1140"/><String ID="p346_w372" CONTENT="one" HPOS="1165" VPOS="1964" WIDTH="61" HEIGHT="75" STYLEREFS="font0"/></TextLine><TextLine WIDTH="1029" HEIGHT="75" ID="p346_t41" HPOS="197" VPOS="2010"><String ID="p346_w373" CONTENT="of" HPOS="197" VPOS="2010" WIDTH="40" HEIGHT="75" STYLEREFS="font0"/><SP WIDTH="12" VPOS="2010" HPOS="237"/><String ID="p346_w374" CONTENT="which" HPOS="249" VPOS="2010" WIDTH="104" HEIGHT="75" STYLEREFS="font0"/><SP WIDTH="15" VPOS="2010" HPOS="353"/><String ID="p346_w375" CONTENT="lies" HPOS="368" VPOS="2010" WIDTH="60" HEIGHT="75" STYLEREFS="font0"/><SP WIDTH="17" VPOS="2010" HPOS="428"/><String ID="p346_w376" CONTENT="toward" HPOS="445" VPOS="2010" WIDTH="125" HEIGHT="75" STYLEREFS="font0"/><SP WIDTH="16" VPOS="2010" HPOS="570"/><String ID="p346_w377" CONTENT="the" HPOS="586" VPOS="2010" WIDTH="56" HEIGHT="75" STYLEREFS="font0"/><SP WIDTH="16" VPOS="2010" HPOS="642"/><String ID="p346_w378" CONTENT="infertion" HPOS="658" VPOS="2010" WIDTH="151" HEIGHT="75" STYLEREFS="font0"/><SP WIDTH="16" VPOS="2010" HPOS="809"/><String ID="p346_w379" CONTENT="of" HPOS="825" VPOS="2010" WIDTH="41" HEIGHT="75" STYLEREFS="font0"/><SP WIDTH="11" VPOS="2010" HPOS="866"/><String ID="p346_w380" CONTENT="the" HPOS="877" VPOS="2010" WIDTH="55" HEIGHT="75" STYLEREFS="font0"/><SP WIDTH="17" VPOS="2010" HPOS="932"/><String ID="p346_w381" CONTENT="mufculus" HPOS="949" VPOS="2010" WIDTH="158" HEIGHT="75" STYLEREFS="font0"/><SP WIDTH="16" VPOS="2010" HPOS="1107"/><String ID="p346_w382" CONTENT="reCtus" HPOS="1123" VPOS="2010" WIDTH="103" HEIGHT="75" STYLEREFS="font0"/></TextLine><TextLine WIDTH="1029" HEIGHT="75" ID="p346_t42" HPOS="196" VPOS="2056"><String ID="p346_w383" CONTENT="fuperior," HPOS="196" VPOS="2056" WIDTH="152" HEIGHT="75" STYLEREFS="font0"/><SP WIDTH="26" VPOS="2056" HPOS="348"/><String ID="p346_w384" CONTENT="the" HPOS="374" VPOS="2056" WIDTH="55" HEIGHT="75" STYLEREFS="font0"/><SP WIDTH="25" VPOS="2056" HPOS="429"/><String ID="p346_w385" CONTENT="other" HPOS="454" VPOS="2056" WIDTH="94" HEIGHT="75" STYLEREFS="font0"/><SP WIDTH="14" VPOS="2056" HPOS="548"/><String ID="p346_w386" CONTENT="toward" HPOS="562" VPOS="2056" WIDTH="121" HEIGHT="75" STYLEREFS="font0"/><SP WIDTH="18" VPOS="2056" HPOS="683"/><String ID="p346_w387" CONTENT="the" HPOS="701" VPOS="2056" WIDTH="55" HEIGHT="75" STYLEREFS="font0"/><SP WIDTH="16" VPOS="2056" HPOS="756"/><String ID="p346_w388" CONTENT="reCtus" HPOS="772" VPOS="2056" WIDTH="103" HEIGHT="75" STYLEREFS="font0"/><SP WIDTH="17" VPOS="2056" HPOS="875"/><String ID="p346_w389" CONTENT="externus." HPOS="892" VPOS="2056" WIDTH="165" HEIGHT="75" STYLEREFS="font0"/><SP WIDTH="57" VPOS="2056" HPOS="1057"/><String ID="p346_w390" CONTENT="It" HPOS="1114" VPOS="2056" WIDTH="32" HEIGHT="75" STYLEREFS="font0"/><SP WIDTH="25" VPOS="2056" HPOS="1146"/><String ID="p346_w391" CONTENT="ad-" HPOS="1171" VPOS="2056" WIDTH="54" HEIGHT="75" STYLEREFS="font0"/></TextLine><TextLine WIDTH="1045" HEIGHT="75" ID="p346_t43" HPOS="196" VPOS="2103"><String ID="p346_w392" CONTENT="heres" HPOS="196" VPOS="2103" WIDTH="92" HEIGHT="75" STYLEREFS="font0"/><SP WIDTH="17" VPOS="2103" HPOS="288"/><String ID="p346_w393" CONTENT="very" HPOS="305" VPOS="2103" WIDTH="79" HEIGHT="75" STYLEREFS="font0"/><SP WIDTH="12" VPOS="2103" HPOS="384"/><String ID="p346_w394" CONTENT="clofely" HPOS="396" VPOS="2103" WIDTH="118" HEIGHT="75" STYLEREFS="font0"/><SP WIDTH="16" VPOS="2103" HPOS="514"/><String ID="p346_w395" CONTENT="to" HPOS="530" VPOS="2103" WIDTH="35" HEIGHT="75" STYLEREFS="font0"/><SP WIDTH="16" VPOS="2103" HPOS="565"/><String ID="p346_w396" CONTENT="the" HPOS="581" VPOS="2103" WIDTH="57" HEIGHT="75" STYLEREFS="font0"/><SP WIDTH="15" VPOS="2103" HPOS="638"/><String ID="p346_w397" CONTENT="fat" HPOS="653" VPOS="2103" WIDTH="48" HEIGHT="75" STYLEREFS="font0"/><SP WIDTH="15" VPOS="2103" HPOS="701"/><String ID="p346_w398" CONTENT="which" HPOS="716" VPOS="2103" WIDTH="107" HEIGHT="75" STYLEREFS="font0"/><SP WIDTH="15" VPOS="2103" HPOS="823"/><String ID="p346_w399" CONTENT="furrounds" HPOS="838" VPOS="2103" WIDTH="173" HEIGHT="75" STYLEREFS="font0"/><SP WIDTH="16" VPOS="2103" HPOS="1011"/><String ID="p346_w400" CONTENT="the" HPOS="1027" VPOS="2103" WIDTH="55" HEIGHT="75" STYLEREFS="font0"/><SP WIDTH="12" VPOS="2103" HPOS="1082"/><String ID="p346_w401" CONTENT="mufcles-" HPOS="1094" VPOS="2103" WIDTH="147" HEIGHT="75" STYLEREFS="font0"/></TextLine><TextLine WIDTH="1030" HEIGHT="75" ID="p346_t44" HPOS="197" VPOS="2150"><String ID="p346_w402" CONTENT="and" HPOS="197" VPOS="2150" WIDTH="63" HEIGHT="75" STYLEREFS="font0"/><SP WIDTH="15" VPOS="2150" HPOS="260"/><String ID="p346_w403" CONTENT="pefterior" HPOS="275" VPOS="2150" WIDTH="154" HEIGHT="75" STYLEREFS="font0"/><SP WIDTH="11" VPOS="2150" HPOS="429"/><String ID="p346_w404" CONTENT="convexity" HPOS="440" VPOS="2150" WIDTH="180" HEIGHT="75" STYLEREFS="font0"/><SP WIDTH="16" VPOS="2150" HPOS="620"/><String ID="p346_w405" CONTENT="of" HPOS="636" VPOS="2150" WIDTH="40" HEIGHT="75" STYLEREFS="font0"/><SP WIDTH="22" VPOS="2150" HPOS="676"/><String ID="p346_w406" CONTENT="the" HPOS="698" VPOS="2150" WIDTH="55" HEIGHT="75" STYLEREFS="font0"/><SP WIDTH="17" VPOS="2150" HPOS="753"/><String ID="p346_w407" CONTENT="eye," HPOS="770" VPOS="2150" WIDTH="71" HEIGHT="75" STYLEREFS="font0"/><SP WIDTH="25" VPOS="2150" HPOS="841"/><String ID="p346_w408" CONTENT="and" HPOS="866" VPOS="2150" WIDTH="63" HEIGHT="75" STYLEREFS="font0"/><SP WIDTH="15" VPOS="2150" HPOS="929"/><String ID="p346_w409" CONTENT="it" HPOS="944" VPOS="2150" WIDTH="26" HEIGHT="75" STYLEREFS="font0"/><SP WIDTH="20" VPOS="2150" HPOS="970"/><String ID="p346_w410" CONTENT="was" HPOS="990" VPOS="2150" WIDTH="66" HEIGHT="75" STYLEREFS="font0"/><SP WIDTH="16" VPOS="2150" HPOS="1056"/><String ID="p346_w411" CONTENT="formerly" HPOS="1072" VPOS="2150" WIDTH="155" HEIGHT="75" STYLEREFS="font0"/></TextLine><TextLine WIDTH="526" HEIGHT="75" ID="p346_t45" HPOS="197" VPOS="2196"><String ID="p346_w412" CONTENT="named" HPOS="197" VPOS="2196" WIDTH="114" HEIGHT="75" STYLEREFS="font0"/><SP WIDTH="14" VPOS="2196" HPOS="311"/><String ID="p346_w413" CONTENT="glandula" HPOS="325" VPOS="2196" WIDTH="163" HEIGHT="75" STYLEREFS="font0"/><SP WIDTH="17" VPOS="2196" HPOS="488"/><String ID="p346_w414" CONTENT="innominata." HPOS="505" VPOS="2196" WIDTH="218" HEIGHT="75" STYLEREFS="font0"/></TextLine><TextLine WIDTH="981" HEIGHT="75" ID="p346_t46" HPOS="246" VPOS="2242"><String ID="p346_w415" CONTENT="From" HPOS="246" VPOS="2242" WIDTH="96" HEIGHT="75" STYLEREFS="font0"/><SP WIDTH="18" VPOS="2242" HPOS="342"/><String ID="p346_w416" CONTENT="this" HPOS="360" VPOS="2242" WIDTH="63" HEIGHT="75" STYLEREFS="font0"/><SP WIDTH="19" VPOS="2242" HPOS="423"/><String ID="p346_w417" CONTENT="gland" HPOS="442" VPOS="2242" WIDTH="97" HEIGHT="75" STYLEREFS="font0"/><SP WIDTH="13" VPOS="2242" HPOS="539"/><String ID="p346_w418" CONTENT="feveral" HPOS="552" VPOS="2242" WIDTH="120" HEIGHT="75" STYLEREFS="font0"/><SP WIDTH="17" VPOS="2242" HPOS="672"/><String ID="p346_w419" CONTENT="fmall.duCls" HPOS="689" VPOS="2242" WIDTH="193" HEIGHT="75" STYLEREFS="font0"/><SP WIDTH="17" VPOS="2242" HPOS="882"/><String ID="p346_w420" CONTENT="go" HPOS="899" VPOS="2242" WIDTH="42" HEIGHT="75" STYLEREFS="font0"/><SP WIDTH="17" VPOS="2242" HPOS="941"/><String ID="p346_w421" CONTENT="out," HPOS="958" VPOS="2242" WIDTH="69" HEIGHT="75" STYLEREFS="font0"/><SP WIDTH="18" VPOS="2242" HPOS="1027"/><String ID="p346_w422" CONTENT="which" HPOS="1045" VPOS="2242" WIDTH="107" HEIGHT="75" STYLEREFS="font0"/><SP WIDTH="17" VPOS="2242" HPOS="1152"/><String ID="p346_w423" CONTENT="run" HPOS="1169" VPOS="2242" WIDTH="58" HEIGHT="75" STYLEREFS="font0"/></TextLine><TextLine WIDTH="1028" HEIGHT="75" ID="p346_t47" HPOS="199" VPOS="2289"><String ID="p346_w424" CONTENT="down" HPOS="199" VPOS="2289" WIDTH="95" HEIGHT="75" STYLEREFS="font0"/><SP WIDTH="25" VPOS="2289" HPOS="294"/><String ID="p346_w425" CONTENT="almoft" HPOS="319" VPOS="2289" WIDTH="110" HEIGHT="75" STYLEREFS="font0"/><SP WIDTH="24" VPOS="2289" HPOS="429"/><String ID="p346_w426" CONTENT="parallel" HPOS="453" VPOS="2289" WIDTH="131" HEIGHT="75" STYLEREFS="font0"/><SP WIDTH="27" VPOS="2289" HPOS="584"/><String ID="p346_w427" CONTENT="to" HPOS="611" VPOS="2289" WIDTH="36" HEIGHT="75" STYLEREFS="font0"/><SP WIDTH="24" VPOS="2289" HPOS="647"/><String ID="p346_w428" CONTENT="each" HPOS="671" VPOS="2289" WIDTH="78" HEIGHT="75" STYLEREFS="font0"/><SP WIDTH="23" VPOS="2289" HPOS="749"/><String ID="p346_w429" CONTENT="other," HPOS="772" VPOS="2289" WIDTH="106" HEIGHT="75" STYLEREFS="font0"/><SP WIDTH="26" VPOS="2289" HPOS="878"/><String ID="p346_w430" CONTENT="through" HPOS="904" VPOS="2289" WIDTH="141" HEIGHT="75" STYLEREFS="font0"/><SP WIDTH="27" VPOS="2289" HPOS="1045"/><String ID="p346_w431" CONTENT="the" HPOS="1072" VPOS="2289" WIDTH="57" HEIGHT="75" STYLEREFS="font0"/><SP WIDTH="26" VPOS="2289" HPOS="1129"/><String ID="p346_w432" CONTENT="fub-" HPOS="1155" VPOS="2289" WIDTH="72" HEIGHT="75" STYLEREFS="font0"/></TextLine><TextLine WIDTH="1030" HEIGHT="75" ID="p346_t48" HPOS="199" VPOS="2335"><String ID="p346_w433" CONTENT="ftance" HPOS="199" VPOS="2335" WIDTH="103" HEIGHT="75" STYLEREFS="font0"/><SP WIDTH="17" VPOS="2335" HPOS="302"/><String ID="p346_w434" CONTENT="of" HPOS="319" VPOS="2335" WIDTH="38" HEIGHT="75" STYLEREFS="font0"/><SP WIDTH="13" VPOS="2335" HPOS="357"/><String ID="p346_w435" CONTENT="the" HPOS="370" VPOS="2335" WIDTH="55" HEIGHT="75" STYLEREFS="font0"/><SP WIDTH="13" VPOS="2335" HPOS="425"/><String ID="p346_w436" CONTENT="tunica" HPOS="438" VPOS="2335" WIDTH="106" HEIGHT="75" STYLEREFS="font0"/><SP WIDTH="11" VPOS="2335" HPOS="544"/><String ID="p346_w437" CONTENT="interna" HPOS="555" VPOS="2335" WIDTH="125" HEIGHT="75" STYLEREFS="font0"/><SP WIDTH="16" VPOS="2335" HPOS="680"/><String ID="p346_w438" CONTENT="or" HPOS="696" VPOS="2335" WIDTH="36" HEIGHT="75" STYLEREFS="font0"/><SP WIDTH="20" VPOS="2335" HPOS="732"/><String ID="p346_w439" CONTENT="conjunctiva" HPOS="752" VPOS="2335" WIDTH="199" HEIGHT="75" STYLEREFS="font0"/><SP WIDTH="14" VPOS="2335" HPOS="951"/><String ID="p346_w440" CONTENT="of" HPOS="965" VPOS="2335" WIDTH="41" HEIGHT="75" STYLEREFS="font0"/><SP WIDTH="11" VPOS="2335" HPOS="1006"/><String ID="p346_w441" CONTENT="the" HPOS="1017" VPOS="2335" WIDTH="55" HEIGHT="75" STYLEREFS="font0"/><SP WIDTH="17" VPOS="2335" HPOS="1072"/><String ID="p346_w442" CONTENT="fuperior" HPOS="1089" VPOS="2335" WIDTH="140" HEIGHT="75" STYLEREFS="font0"/></TextLine><TextLine WIDTH="1028" HEIGHT="75" ID="p346_t49" HPOS="200" VPOS="2381"><String ID="p346_w443" CONTENT="palpebra," HPOS="200" VPOS="2381" WIDTH="162" HEIGHT="75" STYLEREFS="font0"/><SP WIDTH="27" VPOS="2381" HPOS="362"/><String ID="p346_w444" CONTENT="and" HPOS="389" VPOS="2381" WIDTH="62" HEIGHT="75" STYLEREFS="font0"/><SP WIDTH="16" VPOS="2381" HPOS="451"/><String ID="p346_w445" CONTENT="afterwards" HPOS="467" VPOS="2381" WIDTH="187" HEIGHT="75" STYLEREFS="font0"/><SP WIDTH="16" VPOS="2381" HPOS="654"/><String ID="p346_w446" CONTENT="pierce" HPOS="670" VPOS="2381" WIDTH="105" HEIGHT="75" STYLEREFS="font0"/><SP WIDTH="16" VPOS="2381" HPOS="775"/><String ID="p346_w447" CONTENT="it" HPOS="791" VPOS="2381" WIDTH="25" HEIGHT="75" STYLEREFS="font0"/><SP WIDTH="16" VPOS="2381" HPOS="816"/><String ID="p346_w448" CONTENT="inwardly" HPOS="832" VPOS="2381" WIDTH="158" HEIGHT="75" STYLEREFS="font0"/><SP WIDTH="15" VPOS="2381" HPOS="990"/><String ID="p346_w449" CONTENT="near" HPOS="1005" VPOS="2381" WIDTH="75" HEIGHT="75" STYLEREFS="font0"/><SP WIDTH="22" VPOS="2381" HPOS="1080"/><String ID="p346_w450" CONTENT="the" HPOS="1102" VPOS="2381" WIDTH="55" HEIGHT="75" STYLEREFS="font0"/><SP WIDTH="22" VPOS="2381" HPOS="1157"/><String ID="p346_w451" CONTENT="fu-" HPOS="1179" VPOS="2381" WIDTH="49" HEIGHT="75" STYLEREFS="font0"/></TextLine><TextLine WIDTH="462" HEIGHT="75" ID="p346_t50" HPOS="200" VPOS="2428"><String ID="p346_w452" CONTENT="perior" HPOS="200" VPOS="2428" WIDTH="106" HEIGHT="75" STYLEREFS="font0"/><SP WIDTH="25" VPOS="2428" HPOS="306"/><String ID="p346_w453" CONTENT="edge" HPOS="331" VPOS="2428" WIDTH="79" HEIGHT="75" STYLEREFS="font0"/><SP WIDTH="17" VPOS="2428" HPOS="410"/><String ID="p346_w454" CONTENT="of" HPOS="427" VPOS="2428" WIDTH="40" HEIGHT="75" STYLEREFS="font0"/><SP WIDTH="12" VPOS="2428" HPOS="467"/><String ID="p346_w455" CONTENT="the" HPOS="479" VPOS="2428" WIDTH="54" HEIGHT="75" STYLEREFS="font0"/><SP WIDTH="16" VPOS="2428" HPOS="533"/><String ID="p346_w456" CONTENT="tarfiis." HPOS="549" VPOS="2428" WIDTH="113" HEIGHT="75" STYLEREFS="font0"/></TextLine><TextLine WIDTH="983" HEIGHT="75" ID="p346_t51" HPOS="247" VPOS="2474"><String ID="p346_w457" CONTENT="The" HPOS="247" VPOS="2474" WIDTH="77" HEIGHT="75" STYLEREFS="font0"/><SP WIDTH="16" VPOS="2474" HPOS="324"/><String ID="p346_w458" CONTENT="flat" HPOS="340" VPOS="2474" WIDTH="55" HEIGHT="75" STYLEREFS="font0"/><SP WIDTH="16" VPOS="2474" HPOS="395"/><String ID="p346_w459" CONTENT="edge" HPOS="411" VPOS="2474" WIDTH="80" HEIGHT="75" STYLEREFS="font0"/><SP WIDTH="16" VPOS="2474" HPOS="491"/><String ID="p346_w460" CONTENT="of" HPOS="507" VPOS="2474" WIDTH="40" HEIGHT="75" STYLEREFS="font0"/><SP WIDTH="12" VPOS="2474" HPOS="547"/><String ID="p346_w461" CONTENT="each" HPOS="559" VPOS="2474" WIDTH="78" HEIGHT="75" STYLEREFS="font0"/><SP WIDTH="16" VPOS="2474" HPOS="637"/><String ID="p346_w462" CONTENT="palpebra" HPOS="653" VPOS="2474" WIDTH="148" HEIGHT="75" STYLEREFS="font0"/><SP WIDTH="16" VPOS="2474" HPOS="801"/><String ID="p346_w463" CONTENT="is" HPOS="817" VPOS="2474" WIDTH="27" HEIGHT="75" STYLEREFS="font0"/><SP WIDTH="18" VPOS="2474" HPOS="844"/><String ID="p346_w464" CONTENT="adorned" HPOS="862" VPOS="2474" WIDTH="141" HEIGHT="75" STYLEREFS="font0"/><SP WIDTH="25" VPOS="2474" HPOS="1003"/><String ID="p346_w465" CONTENT="with" HPOS="1028" VPOS="2474" WIDTH="78" HEIGHT="75" STYLEREFS="font0"/><SP WIDTH="21" VPOS="2474" HPOS="1106"/><String ID="p346_w466" CONTENT="a" HPOS="1127" VPOS="2474" WIDTH="18" HEIGHT="75" STYLEREFS="font0"/><SP WIDTH="17" VPOS="2474" HPOS="1145"/><String ID="p346_w467" CONTENT="row" HPOS="1162" VPOS="2474" WIDTH="68" HEIGHT="75" STYLEREFS="font0"/></TextLine><TextLine WIDTH="1028" HEIGHT="75" ID="p346_t52" HPOS="201" VPOS="2521"><String ID="p346_w468" CONTENT="of" HPOS="201" VPOS="2521" WIDTH="39" HEIGHT="75" STYLEREFS="font0"/><SP WIDTH="12" VPOS="2521" HPOS="240"/><String ID="p346_w469" CONTENT="hairs" HPOS="252" VPOS="2521" WIDTH="85" HEIGHT="75" STYLEREFS="font0"/><SP WIDTH="17" VPOS="2521" HPOS="337"/><String ID="p346_w470" CONTENT="called" HPOS="354" VPOS="2521" WIDTH="105" HEIGHT="75" STYLEREFS="font0"/><SP WIDTH="15" VPOS="2521" HPOS="459"/><String ID="p346_w471" CONTENT="cilia," HPOS="474" VPOS="2521" WIDTH="93" HEIGHT="75" STYLEREFS="font0"/><SP WIDTH="25" VPOS="2521" HPOS="567"/><String ID="p346_w472" CONTENT="or" HPOS="592" VPOS="2521" WIDTH="39" HEIGHT="75" STYLEREFS="font0"/><SP WIDTH="24" VPOS="2521" HPOS="631"/><String ID="p346_w473" CONTENT="the" HPOS="655" VPOS="2521" WIDTH="55" HEIGHT="75" STYLEREFS="font0"/><SP WIDTH="24" VPOS="2521" HPOS="710"/><String ID="p346_w474" CONTENT="eye-lafhes." HPOS="734" VPOS="2521" WIDTH="183" HEIGHT="75" STYLEREFS="font0"/><SP WIDTH="48" VPOS="2521" HPOS="917"/><String ID="p346_w475" CONTENT="Thofe" HPOS="965" VPOS="2521" WIDTH="112" HEIGHT="75" STYLEREFS="font0"/><SP WIDTH="20" VPOS="2521" HPOS="1077"/><String ID="p346_w476" CONTENT="belong-" HPOS="1097" VPOS="2521" WIDTH="132" HEIGHT="75" STYLEREFS="font0"/></TextLine><TextLine WIDTH="1030" HEIGHT="75" ID="p346_t53" HPOS="201" VPOS="2567"><String ID="p346_w477" CONTENT="ing" HPOS="201" VPOS="2567" WIDTH="55" HEIGHT="75" STYLEREFS="font0"/><SP WIDTH="15" VPOS="2567" HPOS="256"/><String ID="p346_w478" CONTENT="to" HPOS="271" VPOS="2567" WIDTH="35" HEIGHT="75" STYLEREFS="font0"/><SP WIDTH="16" VPOS="2567" HPOS="306"/><String ID="p346_w479" CONTENT="the" HPOS="322" VPOS="2567" WIDTH="55" HEIGHT="75" STYLEREFS="font0"/><SP WIDTH="16" VPOS="2567" HPOS="377"/><String ID="p346_w480" CONTENT="fuperior" HPOS="393" VPOS="2567" WIDTH="141" HEIGHT="75" STYLEREFS="font0"/><SP WIDTH="15" VPOS="2567" HPOS="534"/><String ID="p346_w481" CONTENT="palpebra" HPOS="549" VPOS="2567" WIDTH="151" HEIGHT="75" STYLEREFS="font0"/><SP WIDTH="12" VPOS="2567" HPOS="700"/><String ID="p346_w482" CONTENT="are" HPOS="712" VPOS="2567" WIDTH="51" HEIGHT="75" STYLEREFS="font0"/><SP WIDTH="17" VPOS="2567" HPOS="763"/><String ID="p346_w483" CONTENT="bent" HPOS="780" VPOS="2567" WIDTH="75" HEIGHT="75" STYLEREFS="font0"/><SP WIDTH="17" VPOS="2567" HPOS="855"/><String ID="p346_w484" CONTENT="upward," HPOS="872" VPOS="2567" WIDTH="143" HEIGHT="75" STYLEREFS="font0"/><SP WIDTH="27" VPOS="2567" HPOS="1015"/><String ID="p346_w485" CONTENT="and" HPOS="1042" VPOS="2567" WIDTH="61" HEIGHT="75" STYLEREFS="font0"/><SP WIDTH="15" VPOS="2567" HPOS="1103"/><String ID="p346_w486" CONTENT="longer" HPOS="1118" VPOS="2567" WIDTH="113" HEIGHT="75" STYLEREFS="font0"/></TextLine><TextLine WIDTH="1028" HEIGHT="75" ID="p346_t54" HPOS="203" VPOS="2614"><String ID="p346_w487" CONTENT="than" HPOS="203" VPOS="2614" WIDTH="78" HEIGHT="75" STYLEREFS="font0"/><SP WIDTH="22" VPOS="2614" HPOS="281"/><String ID="p346_w488" CONTENT="thofe" HPOS="303" VPOS="2614" WIDTH="89" HEIGHT="75" STYLEREFS="font0"/><SP WIDTH="28" VPOS="2614" HPOS="392"/><String ID="p346_w489" CONTENT="of" HPOS="420" VPOS="2614" WIDTH="40" HEIGHT="75" STYLEREFS="font0"/><SP WIDTH="18" VPOS="2614" HPOS="460"/><String ID="p346_w490" CONTENT="the" HPOS="478" VPOS="2614" WIDTH="55" HEIGHT="75" STYLEREFS="font0"/><SP WIDTH="17" VPOS="2614" HPOS="533"/><String ID="p346_w491" CONTENT="lower" HPOS="550" VPOS="2614" WIDTH="98" HEIGHT="75" STYLEREFS="font0"/><SP WIDTH="27" VPOS="2614" HPOS="648"/><String ID="p346_w492" CONTENT="palpebra" HPOS="675" VPOS="2614" WIDTH="150" HEIGHT="75" STYLEREFS="font0"/><SP WIDTH="14" VPOS="2614" HPOS="825"/><String ID="p346_w493" CONTENT="which" HPOS="839" VPOS="2614" WIDTH="106" HEIGHT="75" STYLEREFS="font0"/><SP WIDTH="16" VPOS="2614" HPOS="945"/><String ID="p346_w494" CONTENT="are" HPOS="961" VPOS="2614" WIDTH="53" HEIGHT="75" STYLEREFS="font0"/><SP WIDTH="16" VPOS="2614" HPOS="1014"/><String ID="p346_w495" CONTENT="bent" HPOS="1030" VPOS="2614" WIDTH="77" HEIGHT="75" STYLEREFS="font0"/><SP WIDTH="14" VPOS="2614" HPOS="1107"/><String ID="p346_w496" CONTENT="down-" HPOS="1121" VPOS="2614" WIDTH="110" HEIGHT="75" STYLEREFS="font0"/></TextLine><TextLine WIDTH="1027" HEIGHT="75" ID="p346_t55" HPOS="204" VPOS="2662"><String ID="p346_w497" CONTENT="ward." HPOS="204" VPOS="2662" WIDTH="99" HEIGHT="75" STYLEREFS="font0"/><SP WIDTH="50" VPOS="2662" HPOS="303"/><String ID="p346_w498" CONTENT="Thefe" HPOS="353" VPOS="2662" WIDTH="108" HEIGHT="75" STYLEREFS="font0"/><SP WIDTH="18" VPOS="2662" HPOS="461"/><String ID="p346_w499" CONTENT="rows" HPOS="479" VPOS="2662" WIDTH="82" HEIGHT="75" STYLEREFS="font0"/><SP WIDTH="18" VPOS="2662" HPOS="561"/><String ID="p346_w500" CONTENT="are" HPOS="579" VPOS="2662" WIDTH="53" HEIGHT="75" STYLEREFS="font0"/><SP WIDTH="15" VPOS="2662" HPOS="632"/><String ID="p346_w501" CONTENT="placed" HPOS="647" VPOS="2662" WIDTH="115" HEIGHT="75" STYLEREFS="font0"/><SP WIDTH="14" VPOS="2662" HPOS="762"/><String ID="p346_w502" CONTENT="next" HPOS="776" VPOS="2662" WIDTH="79" HEIGHT="75" STYLEREFS="font0"/><SP WIDTH="17" VPOS="2662" HPOS="855"/><String ID="p346_w503" CONTENT="the" HPOS="872" VPOS="2662" WIDTH="54" HEIGHT="75" STYLEREFS="font0"/><SP WIDTH="12" VPOS="2662" HPOS="926"/><String ID="p346_w504" CONTENT="Ikin," HPOS="938" VPOS="2662" WIDTH="79" HEIGHT="75" STYLEREFS="font0"/><SP WIDTH="18" VPOS="2662" HPOS="1017"/><String ID="p346_w505" CONTENT="and" HPOS="1035" VPOS="2662" WIDTH="62" HEIGHT="75" STYLEREFS="font0"/><SP WIDTH="12" VPOS="2662" HPOS="1097"/><String ID="p346_w506" CONTENT="are" HPOS="1109" VPOS="2662" WIDTH="53" HEIGHT="75" STYLEREFS="font0"/><SP WIDTH="12" VPOS="2662" HPOS="1162"/><String ID="p346_w507" CONTENT="not" HPOS="1174" VPOS="2662" WIDTH="57" HEIGHT="75" STYLEREFS="font0"/></TextLine><TextLine WIDTH="1027" HEIGHT="75" ID="p346_t56" HPOS="204" VPOS="2703"><String ID="p346_w508" CONTENT="A" HPOS="204" VPOS="2703" WIDTH="27" HEIGHT="75" STYLEREFS="font0"/><SP WIDTH="105" VPOS="2703" HPOS="231"/><String ID="p346_w509" CONTENT="bur" HPOS="336" VPOS="2703" WIDTH="57" HEIGHT="75" STYLEREFS="font0"/><SP WIDTH="16" VPOS="2703" HPOS="393"/><String ID="p346_w510" CONTENT="irregularly" HPOS="409" VPOS="2703" WIDTH="191" HEIGHT="75" STYLEREFS="font0"/><SP WIDTH="21" VPOS="2703" HPOS="600"/><String ID="p346_w511" CONTENT="double" HPOS="621" VPOS="2703" WIDTH="117" HEIGHT="75" STYLEREFS="font0"/><SP WIDTH="27" VPOS="2703" HPOS="738"/><String ID="p346_w512" CONTENT="or" HPOS="765" VPOS="2703" WIDTH="37" HEIGHT="75" STYLEREFS="font0"/><SP WIDTH="27" VPOS="2703" HPOS="802"/><String ID="p346_w513" CONTENT="triple." HPOS="829" VPOS="2703" WIDTH="106" HEIGHT="75" STYLEREFS="font0"/><SP WIDTH="49" VPOS="2703" HPOS="935"/><String ID="p346_w514" CONTENT="The" HPOS="984" VPOS="2703" WIDTH="77" HEIGHT="75" STYLEREFS="font0"/><SP WIDTH="17" VPOS="2703" HPOS="1061"/><String ID="p346_w515" CONTENT="hairs" HPOS="1078" VPOS="2703" WIDTH="84" HEIGHT="75" STYLEREFS="font0"/><SP WIDTH="16" VPOS="2703" HPOS="1162"/><String ID="p346_w516" CONTENT="are" HPOS="1178" VPOS="2703" WIDTH="53" HEIGHT="75" STYLEREFS="font0"/></TextLine><TextLine WIDTH="945" HEIGHT="75" ID="p346_t57" HPOS="285" VPOS="2751"><String ID="p346_w517" CONTENT="." HPOS="285" VPOS="2751" WIDTH="3" HEIGHT="75" STYLEREFS="font0"/><SP WIDTH="14" VPOS="2751" HPOS="288"/><String ID="p346_w518" CONTENT="-" HPOS="302" VPOS="2751" WIDTH="6" HEIGHT="75" STYLEREFS="font0"/><SP WIDTH="26" VPOS="2751" HPOS="308"/><String ID="p346_w519" CONTENT="r" HPOS="334" VPOS="2751" WIDTH="9" HEIGHT="75" STYLEREFS="font0"/><SP WIDTH="29" VPOS="2751" HPOS="343"/><String ID="p346_w520" CONTENT="rr" HPOS="372" VPOS="2751" WIDTH="36" HEIGHT="75" STYLEREFS="font0"/><SP WIDTH="18" VPOS="2751" HPOS="408"/><String ID="p346_w521" CONTENT="the" HPOS="426" VPOS="2751" WIDTH="54" HEIGHT="75" STYLEREFS="font0"/><SP WIDTH="18" VPOS="2751" HPOS="480"/><String ID="p346_w522" CONTENT="middle" HPOS="498" VPOS="2751" WIDTH="118" HEIGHT="75" STYLEREFS="font0"/><SP WIDTH="20" VPOS="2751" HPOS="616"/><String ID="p346_w523" CONTENT="of" HPOS="636" VPOS="2751" WIDTH="40" HEIGHT="75" STYLEREFS="font0"/><SP WIDTH="12" VPOS="2751" HPOS="676"/><String ID="p346_w524" CONTENT="the" HPOS="688" VPOS="2751" WIDTH="54" HEIGHT="75" STYLEREFS="font0"/><SP WIDTH="18" VPOS="2751" HPOS="742"/><String ID="p346_w525" CONTENT="palpcbrte" HPOS="760" VPOS="2751" WIDTH="154" HEIGHT="75" STYLEREFS="font0"/><SP WIDTH="22" VPOS="2751" HPOS="914"/><String ID="p346_w526" CONTENT="than" HPOS="936" VPOS="2751" WIDTH="76" HEIGHT="75" STYLEREFS="font0"/><SP WIDTH="22" VPOS="2751" HPOS="1012"/><String ID="p346_w527" CONTENT="toward" HPOS="1034" VPOS="2751" WIDTH="124" HEIGHT="75" STYLEREFS="font0"/><SP WIDTH="15" VPOS="2751" HPOS="1158"/><String ID="p346_w528" CONTENT="the" HPOS="1173" VPOS="2751" WIDTH="57" HEIGHT="75" STYLEREFS="font0"/></TextLine><TextLine WIDTH="788" HEIGHT="75" ID="p346_t58" HPOS="442" VPOS="2799"><String ID="p346_w529" CONTENT="," HPOS="442" VPOS="2799" WIDTH="4" HEIGHT="75" STYLEREFS="font0"/><SP WIDTH="13" VPOS="2799" HPOS="446"/><String ID="p346_w530" CONTENT="nd" HPOS="459" VPOS="2799" WIDTH="41" HEIGHT="75" STYLEREFS="font0"/><SP WIDTH="18" VPOS="2799" HPOS="500"/><String ID="p346_w531" CONTENT="for" HPOS="518" VPOS="2799" WIDTH="50" HEIGHT="75" STYLEREFS="font0"/><SP WIDTH="16" VPOS="2799" HPOS="568"/><String ID="p346_w532" CONTENT="about" HPOS="584" VPOS="2799" WIDTH="98" HEIGHT="75" STYLEREFS="font0"/><SP WIDTH="16" VPOS="2799" HPOS="682"/><String ID="p346_w533" CONTENT="a" HPOS="698" VPOS="2799" WIDTH="19" HEIGHT="75" STYLEREFS="font0"/><SP WIDTH="15" VPOS="2799" HPOS="717"/><String ID="p346_w534" CONTENT="quarter" HPOS="732" VPOS="2799" WIDTH="130" HEIGHT="75" STYLEREFS="font0"/><SP WIDTH="18" VPOS="2799" HPOS="862"/><String ID="p346_w535" CONTENT="of" HPOS="880" VPOS="2799" WIDTH="38" HEIGHT="75" STYLEREFS="font0"/><SP WIDTH="13" VPOS="2799" HPOS="918"/><String ID="p346_w536" CONTENT="an" HPOS="931" VPOS="2799" WIDTH="39" HEIGHT="75" STYLEREFS="font0"/><SP WIDTH="16" VPOS="2799" HPOS="970"/><String ID="p346_w537" CONTENT="inch" HPOS="986" VPOS="2799" WIDTH="74" HEIGHT="75" STYLEREFS="font0"/><SP WIDTH="18" VPOS="2799" HPOS="1060"/><String ID="p346_w538" CONTENT="from" HPOS="1078" VPOS="2799" WIDTH="83" HEIGHT="75" STYLEREFS="font0"/><SP WIDTH="14" VPOS="2799" HPOS="1161"/><String ID="p346_w539" CONTENT="the" HPOS="1175" VPOS="2799" WIDTH="55" HEIGHT="75" STYLEREFS="font0"/></TextLine><TextLine WIDTH="634" HEIGHT="75" ID="p346_t59" HPOS="205" VPOS="2843"><String ID="p346_w540" CONTENT="iii" HPOS="205" VPOS="2843" WIDTH="30" HEIGHT="75" STYLEREFS="font0"/><SP WIDTH="32" VPOS="2843" HPOS="235"/><String ID="p346_w541" CONTENT=".mgle" HPOS="267" VPOS="2843" WIDTH="134" HEIGHT="75" STYLEREFS="font0"/><SP WIDTH="22" VPOS="2843" HPOS="401"/><String ID="p346_w542" CONTENT=";Vy" HPOS="423" VPOS="2843" WIDTH="72" HEIGHT="75" STYLEREFS="font0"/><SP WIDTH="16" VPOS="2843" HPOS="495"/><String ID="p346_w543" CONTENT="are" HPOS="511" VPOS="2843" WIDTH="53" HEIGHT="75" STYLEREFS="font0"/><SP WIDTH="17" VPOS="2843" HPOS="564"/><String ID="p346_w544" CONTENT="quite" HPOS="581" VPOS="2843" WIDTH="89" HEIGHT="75" STYLEREFS="font0"/><SP WIDTH="17" VPOS="2843" HPOS="670"/><String ID="p346_w545" CONTENT="wanting." HPOS="687" VPOS="2843" WIDTH="152" HEIGHT="75" STYLEREFS="font0"/></TextLine><TextLine WIDTH="694" HEIGHT="75" ID="p346_t60" HPOS="534" VPOS="2892"><String ID="p346_w546" CONTENT="herd:" HPOS="534" VPOS="2892" WIDTH="88" HEIGHT="75" STYLEREFS="font0"/><SP WIDTH="13" VPOS="2892" HPOS="622"/><String ID="p346_w547" CONTENT="r" HPOS="635" VPOS="2892" WIDTH="13" HEIGHT="75" STYLEREFS="font0"/><SP WIDTH="13" VPOS="2892" HPOS="648"/><String ID="p346_w548" CONTENT="of" HPOS="661" VPOS="2892" WIDTH="40" HEIGHT="75" STYLEREFS="font0"/><SP WIDTH="13" VPOS="2892" HPOS="701"/><String ID="p346_w549" CONTENT="the" HPOS="714" VPOS="2892" WIDTH="53" HEIGHT="75" STYLEREFS="font0"/><SP WIDTH="19" VPOS="2892" HPOS="767"/><String ID="p346_w550" CONTENT="palpebra-," HPOS="786" VPOS="2892" WIDTH="168" HEIGHT="75" STYLEREFS="font0"/><SP WIDTH="17" VPOS="2892" HPOS="954"/><String ID="p346_w551" CONTENT="near" HPOS="971" VPOS="2892" WIDTH="74" HEIGHT="75" STYLEREFS="font0"/><SP WIDTH="13" VPOS="2892" HPOS="1045"/><String ID="p346_w552" CONTENT="the" HPOS="1058" VPOS="2892" WIDTH="55" HEIGHT="75" STYLEREFS="font0"/><SP WIDTH="17" VPOS="2892" HPOS="1113"/><String ID="p346_w553" CONTENT="inter-" HPOS="1130" VPOS="2892" WIDTH="98" HEIGHT="75" STYLEREFS="font0"/></TextLine><TextLine WIDTH="83" HEIGHT="104" ID="p346_t61" HPOS="211" VPOS="2912"><String ID="p346_w554" CONTENT="■" HPOS="211" VPOS="2912" WIDTH="10" HEIGHT="104" STYLEREFS="font1"/><SP WIDTH="29" VPOS="2912" HPOS="221"/><String ID="p346_w555" CONTENT=":" HPOS="250" VPOS="2938" WIDTH="3" HEIGHT="75" STYLEREFS="font0"/><SP WIDTH="30" VPOS="2938" HPOS="253"/><String ID="p346_w556" CONTENT="i" HPOS="283" VPOS="2938" WIDTH="11" HEIGHT="75" STYLEREFS="font0"/></TextLine><TextLine WIDTH="770" HEIGHT="75" ID="p346_t62" HPOS="459" VPOS="2938"><String ID="p346_w557" CONTENT="," HPOS="459" VPOS="2938" WIDTH="9" HEIGHT="75" STYLEREFS="font0"/><SP WIDTH="25" VPOS="2938" HPOS="468"/><String ID="p346_w558" CONTENT="cj" HPOS="493" VPOS="2938" WIDTH="32" HEIGHT="75" STYLEREFS="font0"/><SP WIDTH="21" VPOS="2938" HPOS="525"/><String ID="p346_w559" CONTENT="toward" HPOS="546" VPOS="2938" WIDTH="124" HEIGHT="75" STYLEREFS="font0"/><SP WIDTH="12" VPOS="2938" HPOS="670"/><String ID="p346_w560" CONTENT="the" HPOS="682" VPOS="2938" WIDTH="54" HEIGHT="75" STYLEREFS="font0"/><SP WIDTH="17" VPOS="2938" HPOS="736"/><String ID="p346_w561" CONTENT="eye," HPOS="753" VPOS="2938" WIDTH="70" HEIGHT="75" STYLEREFS="font0"/><SP WIDTH="18" VPOS="2938" HPOS="823"/><String ID="p346_w562" CONTENT="we" HPOS="841" VPOS="2938" WIDTH="49" HEIGHT="75" STYLEREFS="font0"/><SP WIDTH="16" VPOS="2938" HPOS="890"/><String ID="p346_w563" CONTENT="fee" HPOS="906" VPOS="2938" WIDTH="49" HEIGHT="75" STYLEREFS="font0"/><SP WIDTH="16" VPOS="2938" HPOS="955"/><String ID="p346_w564" CONTENT="a" HPOS="971" VPOS="2938" WIDTH="19" HEIGHT="75" STYLEREFS="font0"/><SP WIDTH="16" VPOS="2938" HPOS="990"/><String ID="p346_w565" CONTENT="row" HPOS="1006" VPOS="2938" WIDTH="67" HEIGHT="75" STYLEREFS="font0"/><SP WIDTH="15" VPOS="2938" HPOS="1073"/><String ID="p346_w566" CONTENT="of" HPOS="1088" VPOS="2938" WIDTH="41" HEIGHT="75" STYLEREFS="font0"/><SP WIDTH="11" VPOS="2938" HPOS="1129"/><String ID="p346_w567" CONTENT="fmall" HPOS="1140" VPOS="2938" WIDTH="89" HEIGHT="75" STYLEREFS="font0"/></TextLine><TextLine WIDTH="86" HEIGHT="104" ID="p346_t63" HPOS="208" VPOS="2959"><String ID="p346_w568" CONTENT="■" HPOS="208" VPOS="2959" WIDTH="4" HEIGHT="104" STYLEREFS="font1"/><SP WIDTH="75" VPOS="2959" HPOS="212"/><String ID="p346_w569" CONTENT="-" HPOS="287" VPOS="2985" WIDTH="7" HEIGHT="75" STYLEREFS="font0"/></TextLine><TextLine WIDTH="698" HEIGHT="75" ID="p346_t64" HPOS="529" VPOS="2985"><String ID="p346_w570" CONTENT="A" HPOS="529" VPOS="2985" WIDTH="31" HEIGHT="75" STYLEREFS="font0"/><SP WIDTH="24" VPOS="2985" HPOS="560"/><String ID="p346_w571" CONTENT="iv.mcd" HPOS="584" VPOS="2985" WIDTH="112" HEIGHT="75" STYLEREFS="font0"/><SP WIDTH="12" VPOS="2985" HPOS="696"/><String ID="p346_w572" CONTENT="fc,\~mina" HPOS="708" VPOS="2985" WIDTH="170" HEIGHT="75" STYLEREFS="font0"/><SP WIDTH="15" VPOS="2985" HPOS="878"/><String ID="p346_w573" CONTENT="or" HPOS="893" VPOS="2985" WIDTH="38" HEIGHT="75" STYLEREFS="font0"/><SP WIDTH="8" VPOS="2985" HPOS="931"/><String ID="p346_w574" CONTENT="punfl*" HPOS="939" VPOS="2985" WIDTH="126" HEIGHT="75" STYLEREFS="font0"/><SP WIDTH="14" VPOS="2985" HPOS="1065"/><String ID="p346_w575" CONTENT="ciliaria*" HPOS="1079" VPOS="2985" WIDTH="148" HEIGHT="75" STYLEREFS="font0"/></TextLine><TextLine WIDTH="375" HEIGHT="75" ID="p346_t65" HPOS="1316" VPOS="155"><String ID="p346_w576" CONTENT="O" HPOS="1316" VPOS="155" WIDTH="40" HEIGHT="75" STYLEREFS="font0"/><SP WIDTH="118" VPOS="155" HPOS="1356"/><String ID="p346_w577" CONTENT="M" HPOS="1474" VPOS="155" WIDTH="48" HEIGHT="75" STYLEREFS="font0"/><SP WIDTH="114" VPOS="155" HPOS="1522"/><String ID="p346_w578" CONTENT="Y." HPOS="1636" VPOS="155" WIDTH="55" HEIGHT="75" STYLEREFS="font0"/></TextLine><TextLine WIDTH="12" HEIGHT="75" ID="p346_t66" HPOS="1937" VPOS="155"><String ID="p346_w579" CONTENT="‘" HPOS="1937" VPOS="155" WIDTH="12" HEIGHT="75" STYLEREFS="font0"/></TextLine><TextLine WIDTH="194" HEIGHT="75" ID="p346_t67" HPOS="2111" VPOS="155"><String ID="p346_w580" CONTENT="Part" HPOS="2111" VPOS="155" WIDTH="102" HEIGHT="75" STYLEREFS="font0"/><SP WIDTH="21" VPOS="155" HPOS="2213"/><String ID="p346_w581" CONTENT="VI." HPOS="2234" VPOS="155" WIDTH="71" HEIGHT="75" STYLEREFS="font0"/></TextLine><TextLine WIDTH="1039" HEIGHT="75" ID="p346_t68" HPOS="1269" VPOS="228"><String ID="p346_w582" CONTENT="They" HPOS="1269" VPOS="228" WIDTH="100" HEIGHT="75" STYLEREFS="font0"/><SP WIDTH="16" VPOS="228" HPOS="1369"/><String ID="p346_w583" CONTENT="are" HPOS="1385" VPOS="228" WIDTH="53" HEIGHT="75" STYLEREFS="font0"/><SP WIDTH="17" VPOS="228" HPOS="1438"/><String ID="p346_w584" CONTENT="the" HPOS="1455" VPOS="228" WIDTH="57" HEIGHT="75" STYLEREFS="font0"/><SP WIDTH="23" VPOS="228" HPOS="1512"/><String ID="p346_w585" CONTENT="orifices" HPOS="1535" VPOS="228" WIDTH="124" HEIGHT="75" STYLEREFS="font0"/><SP WIDTH="25" VPOS="228" HPOS="1659"/><String ID="p346_w586" CONTENT="of" HPOS="1684" VPOS="228" WIDTH="41" HEIGHT="75" STYLEREFS="font0"/><SP WIDTH="19" VPOS="228" HPOS="1725"/><String ID="p346_w587" CONTENT="the" HPOS="1744" VPOS="228" WIDTH="55" HEIGHT="75" STYLEREFS="font0"/><SP WIDTH="24" VPOS="228" HPOS="1799"/><String ID="p346_w588" CONTENT="fame" HPOS="1823" VPOS="228" WIDTH="84" HEIGHT="75" STYLEREFS="font0"/><SP WIDTH="23" VPOS="228" HPOS="1907"/><String ID="p346_w589" CONTENT="number" HPOS="1930" VPOS="228" WIDTH="136" HEIGHT="75" STYLEREFS="font0"/><SP WIDTH="15" VPOS="228" HPOS="2066"/><String ID="p346_w590" CONTENT="of" HPOS="2081" VPOS="228" WIDTH="42" HEIGHT="75" STYLEREFS="font0"/><SP WIDTH="21" VPOS="228" HPOS="2123"/><String ID="p346_w591" CONTENT="fmall" HPOS="2144" VPOS="228" WIDTH="89" HEIGHT="75" STYLEREFS="font0"/><SP WIDTH="17" VPOS="228" HPOS="2233"/><String ID="p346_w592" CONTENT="ob-" HPOS="2250" VPOS="228" WIDTH="58" HEIGHT="75" STYLEREFS="font0"/></TextLine><TextLine WIDTH="1039" HEIGHT="75" ID="p346_t69" HPOS="1270" VPOS="275"><String ID="p346_w593" CONTENT="long" HPOS="1270" VPOS="275" WIDTH="75" HEIGHT="75" STYLEREFS="font0"/><SP WIDTH="16" VPOS="275" HPOS="1345"/><String ID="p346_w594" CONTENT="glands" HPOS="1361" VPOS="275" WIDTH="114" HEIGHT="75" STYLEREFS="font0"/><SP WIDTH="16" VPOS="275" HPOS="1475"/><String ID="p346_w595" CONTENT="which" HPOS="1491" VPOS="275" WIDTH="108" HEIGHT="75" STYLEREFS="font0"/><SP WIDTH="26" VPOS="275" HPOS="1599"/><String ID="p346_w596" CONTENT="lie" HPOS="1625" VPOS="275" WIDTH="42" HEIGHT="75" STYLEREFS="font0"/><SP WIDTH="17" VPOS="275" HPOS="1667"/><String ID="p346_w597" CONTENT="in" HPOS="1684" VPOS="275" WIDTH="32" HEIGHT="75" STYLEREFS="font0"/><SP WIDTH="17" VPOS="275" HPOS="1716"/><String ID="p346_w598" CONTENT="the" HPOS="1733" VPOS="275" WIDTH="55" HEIGHT="75" STYLEREFS="font0"/><SP WIDTH="16" VPOS="275" HPOS="1788"/><String ID="p346_w599" CONTENT="fulei," HPOS="1804" VPOS="275" WIDTH="91" HEIGHT="75" STYLEREFS="font0"/><SP WIDTH="25" VPOS="275" HPOS="1895"/><String ID="p346_w600" CONTENT="channels," HPOS="1920" VPOS="275" WIDTH="163" HEIGHT="75" STYLEREFS="font0"/><SP WIDTH="27" VPOS="275" HPOS="2083"/><String ID="p346_w601" CONTENT="or" HPOS="2110" VPOS="275" WIDTH="38" HEIGHT="75" STYLEREFS="font0"/><SP WIDTH="18" VPOS="275" HPOS="2148"/><String ID="p346_w602" CONTENT="^groove?" HPOS="2166" VPOS="275" WIDTH="143" HEIGHT="75" STYLEREFS="font0"/></TextLine><TextLine WIDTH="1036" HEIGHT="75" ID="p346_t70" HPOS="1271" VPOS="322"><String ID="p346_w603" CONTENT="on" HPOS="1271" VPOS="322" WIDTH="41" HEIGHT="75" STYLEREFS="font0"/><SP WIDTH="18" VPOS="322" HPOS="1312"/><String ID="p346_w604" CONTENT="the" HPOS="1330" VPOS="322" WIDTH="55" HEIGHT="75" STYLEREFS="font0"/><SP WIDTH="16" VPOS="322" HPOS="1385"/><String ID="p346_w605" CONTENT="inner" HPOS="1401" VPOS="322" WIDTH="91" HEIGHT="75" STYLEREFS="font0"/><SP WIDTH="15" VPOS="322" HPOS="1492"/><String ID="p346_w606" CONTENT="furface" HPOS="1507" VPOS="322" WIDTH="125" HEIGHT="75" STYLEREFS="font0"/><SP WIDTH="16" VPOS="322" HPOS="1632"/><String ID="p346_w607" CONTENT="of" HPOS="1648" VPOS="322" WIDTH="41" HEIGHT="75" STYLEREFS="font0"/><SP WIDTH="13" VPOS="322" HPOS="1689"/><String ID="p346_w608" CONTENT="the" HPOS="1702" VPOS="322" WIDTH="58" HEIGHT="75" STYLEREFS="font0"/><SP WIDTH="18" VPOS="322" HPOS="1760"/><String ID="p346_w609" CONTENT="tarfus." HPOS="1778" VPOS="322" WIDTH="115" HEIGHT="75" STYLEREFS="font0"/><SP WIDTH="51" VPOS="322" HPOS="1893"/><String ID="p346_w610" CONTENT="Thefe" HPOS="1944" VPOS="322" WIDTH="108" HEIGHT="75" STYLEREFS="font0"/><SP WIDTH="32" VPOS="322" HPOS="2052"/><String ID="p346_w611" CONTENT="little" HPOS="2084" VPOS="322" WIDTH="85" HEIGHT="75" STYLEREFS="font0"/><SP WIDTH="26" VPOS="322" HPOS="2169"/><String ID="p346_w612" CONTENT="glands" HPOS="2195" VPOS="322" WIDTH="112" HEIGHT="75" STYLEREFS="font0"/></TextLine><TextLine WIDTH="1037" HEIGHT="75" ID="p346_t71" HPOS="1271" VPOS="369"><String ID="p346_w613" CONTENT="are" HPOS="1271" VPOS="369" WIDTH="53" HEIGHT="75" STYLEREFS="font0"/><SP WIDTH="28" VPOS="369" HPOS="1324"/><String ID="p346_w614" CONTENT="of" HPOS="1352" VPOS="369" WIDTH="41" HEIGHT="75" STYLEREFS="font0"/><SP WIDTH="20" VPOS="369" HPOS="1393"/><String ID="p346_w615" CONTENT="a" HPOS="1413" VPOS="369" WIDTH="18" HEIGHT="75" STYLEREFS="font0"/><SP WIDTH="20" VPOS="369" HPOS="1431"/><String ID="p346_w616" CONTENT="whitilh" HPOS="1451" VPOS="369" WIDTH="125" HEIGHT="75" STYLEREFS="font0"/><SP WIDTH="29" VPOS="369" HPOS="1576"/><String ID="p346_w617" CONTENT="colour;" HPOS="1605" VPOS="369" WIDTH="139" HEIGHT="75" STYLEREFS="font0"/><SP WIDTH="35" VPOS="369" HPOS="1744"/><String ID="p346_w618" CONTENT="and" HPOS="1779" VPOS="369" WIDTH="64" HEIGHT="75" STYLEREFS="font0"/><SP WIDTH="16" VPOS="369" HPOS="1843"/><String ID="p346_w619" CONTENT="when" HPOS="1859" VPOS="369" WIDTH="92" HEIGHT="75" STYLEREFS="font0"/><SP WIDTH="29" VPOS="369" HPOS="1951"/><String ID="p346_w620" CONTENT="fqueezed," HPOS="1980" VPOS="369" WIDTH="171" HEIGHT="75" STYLEREFS="font0"/><SP WIDTH="27" VPOS="369" HPOS="2151"/><String ID="p346_w621" CONTENT="a" HPOS="2178" VPOS="369" WIDTH="18" HEIGHT="75" STYLEREFS="font0"/><SP WIDTH="22" VPOS="369" HPOS="2196"/><String ID="p346_w622" CONTENT="feba-" HPOS="2218" VPOS="369" WIDTH="90" HEIGHT="75" STYLEREFS="font0"/></TextLine><TextLine WIDTH="1034" HEIGHT="75" ID="p346_t72" HPOS="1272" VPOS="415"><String ID="p346_w623" CONTENT="ceous" HPOS="1272" VPOS="415" WIDTH="97" HEIGHT="75" STYLEREFS="font0"/><SP WIDTH="23" VPOS="415" HPOS="1369"/><String ID="p346_w624" CONTENT="matter" HPOS="1392" VPOS="415" WIDTH="116" HEIGHT="75" STYLEREFS="font0"/><SP WIDTH="15" VPOS="415" HPOS="1508"/><String ID="p346_w625" CONTENT="like" HPOS="1523" VPOS="415" WIDTH="66" HEIGHT="75" STYLEREFS="font0"/><SP WIDTH="16" VPOS="415" HPOS="1589"/><String ID="p346_w626" CONTENT="foft" HPOS="1605" VPOS="415" WIDTH="66" HEIGHT="75" STYLEREFS="font0"/><SP WIDTH="26" VPOS="415" HPOS="1671"/><String ID="p346_w627" CONTENT="wax," HPOS="1697" VPOS="415" WIDTH="86" HEIGHT="75" STYLEREFS="font0"/><SP WIDTH="26" VPOS="415" HPOS="1783"/><String ID="p346_w628" CONTENT="is" HPOS="1809" VPOS="415" WIDTH="27" HEIGHT="75" STYLEREFS="font0"/><SP WIDTH="28" VPOS="415" HPOS="1836"/><String ID="p346_w629" CONTENT="difcharged" HPOS="1864" VPOS="415" WIDTH="190" HEIGHT="75" STYLEREFS="font0"/><SP WIDTH="26" VPOS="415" HPOS="2054"/><String ID="p346_w630" CONTENT="through" HPOS="2080" VPOS="415" WIDTH="142" HEIGHT="75" STYLEREFS="font0"/><SP WIDTH="29" VPOS="415" HPOS="2222"/><String ID="p346_w631" CONTENT="the" HPOS="2251" VPOS="415" WIDTH="55" HEIGHT="75" STYLEREFS="font0"/></TextLine><TextLine WIDTH="263" HEIGHT="75" ID="p346_t73" HPOS="1271" VPOS="461"><String ID="p346_w632" CONTENT="punCta" HPOS="1271" VPOS="461" WIDTH="114" HEIGHT="75" STYLEREFS="font0"/><SP WIDTH="15" VPOS="461" HPOS="1385"/><String ID="p346_w633" CONTENT="ciliariu." HPOS="1400" VPOS="461" WIDTH="134" HEIGHT="75" STYLEREFS="font0"/></TextLine><TextLine WIDTH="988" HEIGHT="75" ID="p346_t74" HPOS="1319" VPOS="508"><String ID="p346_w634" CONTENT="Near" HPOS="1319" VPOS="508" WIDTH="90" HEIGHT="75" STYLEREFS="font0"/><SP WIDTH="19" VPOS="508" HPOS="1409"/><String ID="p346_w635" CONTENT="the" HPOS="1428" VPOS="508" WIDTH="55" HEIGHT="75" STYLEREFS="font0"/><SP WIDTH="17" VPOS="508" HPOS="1483"/><String ID="p346_w636" CONTENT="great" HPOS="1500" VPOS="508" WIDTH="91" HEIGHT="75" STYLEREFS="font0"/><SP WIDTH="15" VPOS="508" HPOS="1591"/><String ID="p346_w637" CONTENT="or" HPOS="1606" VPOS="508" WIDTH="38" HEIGHT="75" STYLEREFS="font0"/><SP WIDTH="17" VPOS="508" HPOS="1644"/><String ID="p346_w638" CONTENT="internal" HPOS="1661" VPOS="508" WIDTH="137" HEIGHT="75" STYLEREFS="font0"/><SP WIDTH="17" VPOS="508" HPOS="1798"/><String ID="p346_w639" CONTENT="angle" HPOS="1815" VPOS="508" WIDTH="91" HEIGHT="75" STYLEREFS="font0"/><SP WIDTH="18" VPOS="508" HPOS="1906"/><String ID="p346_w640" CONTENT="of" HPOS="1924" VPOS="508" WIDTH="39" HEIGHT="75" STYLEREFS="font0"/><SP WIDTH="18" VPOS="508" HPOS="1963"/><String ID="p346_w641" CONTENT="the" HPOS="1981" VPOS="508" WIDTH="55" HEIGHT="75" STYLEREFS="font0"/><SP WIDTH="17" VPOS="508" HPOS="2036"/><String ID="p346_w642" CONTENT="palpebne," HPOS="2053" VPOS="508" WIDTH="173" HEIGHT="75" STYLEREFS="font0"/><SP WIDTH="26" VPOS="508" HPOS="2226"/><String ID="p346_w643" CONTENT="the" HPOS="2252" VPOS="508" WIDTH="55" HEIGHT="75" STYLEREFS="font0"/></TextLine><TextLine WIDTH="1036" HEIGHT="75" ID="p346_t75" HPOS="1271" VPOS="555"><String ID="p346_w644" CONTENT="flat" HPOS="1271" VPOS="555" WIDTH="57" HEIGHT="75" STYLEREFS="font0"/><SP WIDTH="16" VPOS="555" HPOS="1328"/><String ID="p346_w645" CONTENT="portion" HPOS="1344" VPOS="555" WIDTH="128" HEIGHT="75" STYLEREFS="font0"/><SP WIDTH="17" VPOS="555" HPOS="1472"/><String ID="p346_w646" CONTENT="of" HPOS="1489" VPOS="555" WIDTH="40" HEIGHT="75" STYLEREFS="font0"/><SP WIDTH="11" VPOS="555" HPOS="1529"/><String ID="p346_w647" CONTENT="their" HPOS="1540" VPOS="555" WIDTH="85" HEIGHT="75" STYLEREFS="font0"/><SP WIDTH="17" VPOS="555" HPOS="1625"/><String ID="p346_w648" CONTENT="edges" HPOS="1642" VPOS="555" WIDTH="97" HEIGHT="75" STYLEREFS="font0"/><SP WIDTH="17" VPOS="555" HPOS="1739"/><String ID="p346_w649" CONTENT="terminates" HPOS="1756" VPOS="555" WIDTH="184" HEIGHT="75" STYLEREFS="font0"/><SP WIDTH="19" VPOS="555" HPOS="1940"/><String ID="p346_w650" CONTENT="in" HPOS="1959" VPOS="555" WIDTH="30" HEIGHT="75" STYLEREFS="font0"/><SP WIDTH="16" VPOS="555" HPOS="1989"/><String ID="p346_w651" CONTENT="another" HPOS="2005" VPOS="555" WIDTH="134" HEIGHT="75" STYLEREFS="font0"/><SP WIDTH="16" VPOS="555" HPOS="2139"/><String ID="p346_w652" CONTENT="which" HPOS="2155" VPOS="555" WIDTH="107" HEIGHT="75" STYLEREFS="font0"/><SP WIDTH="17" VPOS="555" HPOS="2262"/><String ID="p346_w653" CONTENT="is" HPOS="2279" VPOS="555" WIDTH="28" HEIGHT="75" STYLEREFS="font0"/></TextLine><TextLine WIDTH="1032" HEIGHT="75" ID="p346_t76" HPOS="1273" VPOS="602"><String ID="p346_w654" CONTENT="rounder" HPOS="1273" VPOS="602" WIDTH="139" HEIGHT="75" STYLEREFS="font0"/><SP WIDTH="17" VPOS="602" HPOS="1412"/><String ID="p346_w655" CONTENT="and" HPOS="1429" VPOS="602" WIDTH="62" HEIGHT="75" STYLEREFS="font0"/><SP WIDTH="16" VPOS="602" HPOS="1491"/><String ID="p346_w656" CONTENT="thinner." HPOS="1507" VPOS="602" WIDTH="141" HEIGHT="75" STYLEREFS="font0"/><SP WIDTH="49" VPOS="602" HPOS="1648"/><String ID="p346_w657" CONTENT="By" HPOS="1697" VPOS="602" WIDTH="54" HEIGHT="75" STYLEREFS="font0"/><SP WIDTH="15" VPOS="602" HPOS="1751"/><String ID="p346_w658" CONTENT="the" HPOS="1766" VPOS="602" WIDTH="55" HEIGHT="75" STYLEREFS="font0"/><SP WIDTH="20" VPOS="602" HPOS="1821"/><String ID="p346_w659" CONTENT="union" HPOS="1841" VPOS="602" WIDTH="98" HEIGHT="75" STYLEREFS="font0"/><SP WIDTH="24" VPOS="602" HPOS="1939"/><String ID="p346_w660" CONTENT="of" HPOS="1963" VPOS="602" WIDTH="41" HEIGHT="75" STYLEREFS="font0"/><SP WIDTH="16" VPOS="602" HPOS="2004"/><String ID="p346_w661" CONTENT="thefe" HPOS="2020" VPOS="602" WIDTH="88" HEIGHT="75" STYLEREFS="font0"/><SP WIDTH="18" VPOS="602" HPOS="2108"/><String ID="p346_w662" CONTENT="two" HPOS="2126" VPOS="602" WIDTH="65" HEIGHT="75" STYLEREFS="font0"/><SP WIDTH="17" VPOS="602" HPOS="2191"/><String ID="p346_w663" CONTENT="edges" HPOS="2208" VPOS="602" WIDTH="97" HEIGHT="75" STYLEREFS="font0"/></TextLine><TextLine WIDTH="367" HEIGHT="75" ID="p346_t77" HPOS="1274" VPOS="650"><String ID="p346_w664" CONTENT="an" HPOS="1274" VPOS="650" WIDTH="38" HEIGHT="75" STYLEREFS="font0"/><SP WIDTH="23" VPOS="650" HPOS="1312"/><String ID="p346_w665" CONTENT="angle" HPOS="1335" VPOS="650" WIDTH="92" HEIGHT="75" STYLEREFS="font0"/><SP WIDTH="24" VPOS="650" HPOS="1427"/><String ID="p346_w666" CONTENT="is" HPOS="1451" VPOS="650" WIDTH="26" HEIGHT="75" STYLEREFS="font0"/><SP WIDTH="24" VPOS="650" HPOS="1477"/><String ID="p346_w667" CONTENT="formed." HPOS="1501" VPOS="650" WIDTH="140" HEIGHT="75" STYLEREFS="font0"/></TextLine><TextLine WIDTH="986" HEIGHT="75" ID="p346_t78" HPOS="1320" VPOS="696"><String ID="p346_w668" CONTENT="At" HPOS="1320" VPOS="696" WIDTH="49" HEIGHT="75" STYLEREFS="font0"/><SP WIDTH="15" VPOS="696" HPOS="1369"/><String ID="p346_w669" CONTENT="this" HPOS="1384" VPOS="696" WIDTH="64" HEIGHT="75" STYLEREFS="font0"/><SP WIDTH="17" VPOS="696" HPOS="1448"/><String ID="p346_w670" CONTENT="place," HPOS="1465" VPOS="696" WIDTH="103" HEIGHT="75" STYLEREFS="font0"/><SP WIDTH="28" VPOS="696" HPOS="1568"/><String ID="p346_w671" CONTENT="the" HPOS="1596" VPOS="696" WIDTH="58" HEIGHT="75" STYLEREFS="font0"/><SP WIDTH="15" VPOS="696" HPOS="1654"/><String ID="p346_w672" CONTENT="extremity" HPOS="1669" VPOS="696" WIDTH="178" HEIGHT="75" STYLEREFS="font0"/><SP WIDTH="15" VPOS="696" HPOS="1847"/><String ID="p346_w673" CONTENT="of" HPOS="1862" VPOS="696" WIDTH="40" HEIGHT="75" STYLEREFS="font0"/><SP WIDTH="11" VPOS="696" HPOS="1902"/><String ID="p346_w674" CONTENT="the" HPOS="1913" VPOS="696" WIDTH="56" HEIGHT="75" STYLEREFS="font0"/><SP WIDTH="15" VPOS="696" HPOS="1969"/><String ID="p346_w675" CONTENT="flat" HPOS="1984" VPOS="696" WIDTH="57" HEIGHT="75" STYLEREFS="font0"/><SP WIDTH="16" VPOS="696" HPOS="2041"/><String ID="p346_w676" CONTENT="portion" HPOS="2057" VPOS="696" WIDTH="128" HEIGHT="75" STYLEREFS="font0"/><SP WIDTH="22" VPOS="696" HPOS="2185"/><String ID="p346_w677" CONTENT="is" HPOS="2207" VPOS="696" WIDTH="27" HEIGHT="75" STYLEREFS="font0"/><SP WIDTH="23" VPOS="696" HPOS="2234"/><String ID="p346_w678" CONTENT="di-" HPOS="2257" VPOS="696" WIDTH="49" HEIGHT="75" STYLEREFS="font0"/></TextLine><TextLine WIDTH="1034" HEIGHT="75" ID="p346_t79" HPOS="1273" VPOS="743"><String ID="p346_w679" CONTENT="ftinguilhed" HPOS="1273" VPOS="743" WIDTH="187" HEIGHT="75" STYLEREFS="font0"/><SP WIDTH="16" VPOS="743" HPOS="1460"/><String ID="p346_w680" CONTENT="from" HPOS="1476" VPOS="743" WIDTH="84" HEIGHT="75" STYLEREFS="font0"/><SP WIDTH="23" VPOS="743" HPOS="1560"/><String ID="p346_w681" CONTENT="the" HPOS="1583" VPOS="743" WIDTH="57" HEIGHT="75" STYLEREFS="font0"/><SP WIDTH="24" VPOS="743" HPOS="1640"/><String ID="p346_w682" CONTENT="round" HPOS="1664" VPOS="743" WIDTH="104" HEIGHT="75" STYLEREFS="font0"/><SP WIDTH="15" VPOS="743" HPOS="1768"/><String ID="p346_w683" CONTENT="portion'" HPOS="1783" VPOS="743" WIDTH="142" HEIGHT="75" STYLEREFS="font0"/><String ID="p346_w684" CONTENT="by" HPOS="1925" VPOS="743" WIDTH="46" HEIGHT="75" STYLEREFS="font0"/><SP WIDTH="24" VPOS="743" HPOS="1971"/><String ID="p346_w685" CONTENT="a" HPOS="1995" VPOS="743" WIDTH="17" HEIGHT="75" STYLEREFS="font0"/><SP WIDTH="24" VPOS="743" HPOS="2012"/><String ID="p346_w686" CONTENT="fmkll" HPOS="2036" VPOS="743" WIDTH="91" HEIGHT="75" STYLEREFS="font0"/><SP WIDTH="28" VPOS="743" HPOS="2127"/><String ID="p346_w687" CONTENT="protube-," HPOS="2155" VPOS="743" WIDTH="152" HEIGHT="75" STYLEREFS="font0"/></TextLine><TextLine WIDTH="1035" HEIGHT="75" ID="p346_t80" HPOS="1272" VPOS="790"><String ID="p346_w688" CONTENT="ranee" HPOS="1272" VPOS="790" WIDTH="94" HEIGHT="75" STYLEREFS="font0"/><SP WIDTH="17" VPOS="790" HPOS="1366"/><String ID="p346_w689" CONTENT="or" HPOS="1383" VPOS="790" WIDTH="37" HEIGHT="75" STYLEREFS="font0"/><SP WIDTH="15" VPOS="790" HPOS="1420"/><String ID="p346_w690" CONTENT="papilla," HPOS="1435" VPOS="790" WIDTH="129" HEIGHT="75" STYLEREFS="font0"/><SP WIDTH="17" VPOS="790" HPOS="1564"/><String ID="p346_w691" CONTENT="which" HPOS="1581" VPOS="790" WIDTH="105" HEIGHT="75" STYLEREFS="font0"/><SP WIDTH="13" VPOS="790" HPOS="1686"/><String ID="p346_w692" CONTENT="is" HPOS="1699" VPOS="790" WIDTH="26" HEIGHT="75" STYLEREFS="font0"/><SP WIDTH="17" VPOS="790" HPOS="1725"/><String ID="p346_w693" CONTENT="obliquely" HPOS="1742" VPOS="790" WIDTH="166" HEIGHT="75" STYLEREFS="font0"/><SP WIDTH="16" VPOS="790" HPOS="1908"/><String ID="p346_w694" CONTENT="perforated" HPOS="1924" VPOS="790" WIDTH="182" HEIGHT="75" STYLEREFS="font0"/><SP WIDTH="17" VPOS="790" HPOS="2106"/><String ID="p346_w695" CONTENT="by" HPOS="2123" VPOS="790" WIDTH="44" HEIGHT="75" STYLEREFS="font0"/><SP WIDTH="16" VPOS="790" HPOS="2167"/><String ID="p346_w696" CONTENT="a" HPOS="2183" VPOS="790" WIDTH="19" HEIGHT="75" STYLEREFS="font0"/><SP WIDTH="15" VPOS="790" HPOS="2202"/><String ID="p346_w697" CONTENT="fmall" HPOS="2217" VPOS="790" WIDTH="90" HEIGHT="75" STYLEREFS="font0"/></TextLine><TextLine WIDTH="1035" HEIGHT="75" ID="p346_t81" HPOS="1272" VPOS="838"><String ID="p346_w698" CONTENT="hole" HPOS="1272" VPOS="838" WIDTH="75" HEIGHT="75" STYLEREFS="font0"/><SP WIDTH="27" VPOS="838" HPOS="1347"/><String ID="p346_w699" CONTENT="in" HPOS="1374" VPOS="838" WIDTH="33" HEIGHT="75" STYLEREFS="font0"/><SP WIDTH="28" VPOS="838" HPOS="1407"/><String ID="p346_w700" CONTENT="the" HPOS="1435" VPOS="838" WIDTH="55" HEIGHT="75" STYLEREFS="font0"/><SP WIDTH="25" VPOS="838" HPOS="1490"/><String ID="p346_w701" CONTENT="edge" HPOS="1515" VPOS="838" WIDTH="80" HEIGHT="75" STYLEREFS="font0"/><SP WIDTH="22" VPOS="838" HPOS="1595"/><String ID="p346_w702" CONTENT="of" HPOS="1617" VPOS="838" WIDTH="42" HEIGHT="75" STYLEREFS="font0"/><SP WIDTH="21" VPOS="838" HPOS="1659"/><String ID="p346_w703" CONTENT="each" HPOS="1680" VPOS="838" WIDTH="78" HEIGHT="75" STYLEREFS="font0"/><SP WIDTH="28" VPOS="838" HPOS="1758"/><String ID="p346_w704" CONTENT="palpebra." HPOS="1786" VPOS="838" WIDTH="161" HEIGHT="75" STYLEREFS="font0"/><SP WIDTH="50" VPOS="838" HPOS="1947"/><String ID="p346_w705" CONTENT="Thefe" HPOS="1997" VPOS="838" WIDTH="109" HEIGHT="75" STYLEREFS="font0"/><SP WIDTH="25" VPOS="838" HPOS="2106"/><String ID="p346_w706" CONTENT="two" HPOS="2131" VPOS="838" WIDTH="66" HEIGHT="75" STYLEREFS="font0"/><SP WIDTH="18" VPOS="838" HPOS="2197"/><String ID="p346_w707" CONTENT="fmaH" HPOS="2215" VPOS="838" WIDTH="92" HEIGHT="75" STYLEREFS="font0"/></TextLine><TextLine WIDTH="1033" HEIGHT="75" ID="p346_t82" HPOS="1273" VPOS="884"><String ID="p346_w708" CONTENT="holes" HPOS="1273" VPOS="884" WIDTH="89" HEIGHT="75" STYLEREFS="font0"/><SP WIDTH="17" VPOS="884" HPOS="1362"/><String ID="p346_w709" CONTENT="are" HPOS="1379" VPOS="884" WIDTH="54" HEIGHT="75" STYLEREFS="font0"/><SP WIDTH="16" VPOS="884" HPOS="1433"/><String ID="p346_w710" CONTENT="very" HPOS="1449" VPOS="884" WIDTH="78" HEIGHT="75" STYLEREFS="font0"/><SP WIDTH="14" VPOS="884" HPOS="1527"/><String ID="p346_w711" CONTENT="vifible," HPOS="1541" VPOS="884" WIDTH="120" HEIGHT="75" STYLEREFS="font0"/><SP WIDTH="27" VPOS="884" HPOS="1661"/><String ID="p346_w712" CONTENT="and" HPOS="1688" VPOS="884" WIDTH="63" HEIGHT="75" STYLEREFS="font0"/><SP WIDTH="16" VPOS="884" HPOS="1751"/><String ID="p346_w713" CONTENT="often" HPOS="1767" VPOS="884" WIDTH="90" HEIGHT="75" STYLEREFS="font0"/><SP WIDTH="21" VPOS="884" HPOS="1857"/><String ID="p346_w714" CONTENT="more" HPOS="1878" VPOS="884" WIDTH="89" HEIGHT="75" STYLEREFS="font0"/><SP WIDTH="24" VPOS="884" HPOS="1967"/><String ID="p346_w715" CONTENT="fo" HPOS="1991" VPOS="884" WIDTH="35" HEIGHT="75" STYLEREFS="font0"/><SP WIDTH="23" VPOS="884" HPOS="2026"/><String ID="p346_w716" CONTENT="in" HPOS="2049" VPOS="884" WIDTH="33" HEIGHT="75" STYLEREFS="font0"/><SP WIDTH="24" VPOS="884" HPOS="2082"/><String ID="p346_w717" CONTENT="living" HPOS="2106" VPOS="884" WIDTH="100" HEIGHT="75" STYLEREFS="font0"/><SP WIDTH="21" VPOS="884" HPOS="2206"/><String ID="p346_w718" CONTENT="than" HPOS="2227" VPOS="884" WIDTH="79" HEIGHT="75" STYLEREFS="font0"/></TextLine><TextLine WIDTH="1035" HEIGHT="75" ID="p346_t83" HPOS="1273" VPOS="930"><String ID="p346_w719" CONTENT="in" HPOS="1273" VPOS="930" WIDTH="32" HEIGHT="75" STYLEREFS="font0"/><SP WIDTH="16" VPOS="930" HPOS="1305"/><String ID="p346_w720" CONTENT="dead" HPOS="1321" VPOS="930" WIDTH="84" HEIGHT="75" STYLEREFS="font0"/><SP WIDTH="23" VPOS="930" HPOS="1405"/><String ID="p346_w721" CONTENT="bodies," HPOS="1428" VPOS="930" WIDTH="124" HEIGHT="75" STYLEREFS="font0"/><SP WIDTH="26" VPOS="930" HPOS="1552"/><String ID="p346_w722" CONTENT="and" HPOS="1578" VPOS="930" WIDTH="62" HEIGHT="75" STYLEREFS="font0"/><SP WIDTH="24" VPOS="930" HPOS="1640"/><String ID="p346_w723" CONTENT="they" HPOS="1664" VPOS="930" WIDTH="78" HEIGHT="75" STYLEREFS="font0"/><SP WIDTH="24" VPOS="930" HPOS="1742"/><String ID="p346_w724" CONTENT="are" HPOS="1766" VPOS="930" WIDTH="53" HEIGHT="75" STYLEREFS="font0"/><SP WIDTH="24" VPOS="930" HPOS="1819"/><String ID="p346_w725" CONTENT="commonly" HPOS="1843" VPOS="930" WIDTH="183" HEIGHT="75" STYLEREFS="font0"/><SP WIDTH="24" VPOS="930" HPOS="2026"/><String ID="p346_w726" CONTENT="named" HPOS="2050" VPOS="930" WIDTH="115" HEIGHT="75" STYLEREFS="font0"/><SP WIDTH="17" VPOS="930" HPOS="2165"/><String ID="p346_w727" CONTENT="puntia" HPOS="2182" VPOS="930" WIDTH="126" HEIGHT="75" STYLEREFS="font0"/></TextLine><TextLine WIDTH="1034" HEIGHT="75" ID="p346_t84" HPOS="1272" VPOS="977"><String ID="p346_w728" CONTENT="lachrymalia," HPOS="1272" VPOS="977" WIDTH="225" HEIGHT="75" STYLEREFS="font0"/><SP WIDTH="24" VPOS="977" HPOS="1497"/><String ID="p346_w729" CONTENT="being" HPOS="1521" VPOS="977" WIDTH="97" HEIGHT="75" STYLEREFS="font0"/><SP WIDTH="15" VPOS="977" HPOS="1618"/><String ID="p346_w730" CONTENT="the" HPOS="1633" VPOS="977" WIDTH="56" HEIGHT="75" STYLEREFS="font0"/><SP WIDTH="16" VPOS="977" HPOS="1689"/><String ID="p346_w731" CONTENT="orifices" HPOS="1705" VPOS="977" WIDTH="124" HEIGHT="75" STYLEREFS="font0"/><SP WIDTH="24" VPOS="977" HPOS="1829"/><String ID="p346_w732" CONTENT="of" HPOS="1853" VPOS="977" WIDTH="40" HEIGHT="75" STYLEREFS="font0"/><SP WIDTH="11" VPOS="977" HPOS="1893"/><String ID="p346_w733" CONTENT="two" HPOS="1904" VPOS="977" WIDTH="66" HEIGHT="75" STYLEREFS="font0"/><SP WIDTH="14" VPOS="977" HPOS="1970"/><String ID="p346_w734" CONTENT="fmall" HPOS="1984" VPOS="977" WIDTH="91" HEIGHT="75" STYLEREFS="font0"/><SP WIDTH="16" VPOS="977" HPOS="2075"/><String ID="p346_w735" CONTENT="dudts" HPOS="2091" VPOS="977" WIDTH="90" HEIGHT="75" STYLEREFS="font0"/><SP WIDTH="17" VPOS="977" HPOS="2181"/><String ID="p346_w736" CONTENT="which" HPOS="2198" VPOS="977" WIDTH="108" HEIGHT="75" STYLEREFS="font0"/></TextLine><TextLine WIDTH="1035" HEIGHT="75" ID="p346_t85" HPOS="1271" VPOS="1024"><String ID="p346_w737" CONTENT="open" HPOS="1271" VPOS="1024" WIDTH="81" HEIGHT="75" STYLEREFS="font0"/><SP WIDTH="18" VPOS="1024" HPOS="1352"/><String ID="p346_w738" CONTENT="beyond" HPOS="1370" VPOS="1024" WIDTH="128" HEIGHT="75" STYLEREFS="font0"/><SP WIDTH="21" VPOS="1024" HPOS="1498"/><String ID="p346_w739" CONTENT="the" HPOS="1519" VPOS="1024" WIDTH="55" HEIGHT="75" STYLEREFS="font0"/><SP WIDTH="17" VPOS="1024" HPOS="1574"/><String ID="p346_w740" CONTENT="angle" HPOS="1591" VPOS="1024" WIDTH="92" HEIGHT="75" STYLEREFS="font0"/><SP WIDTH="17" VPOS="1024" HPOS="1683"/><String ID="p346_w741" CONTENT="of" HPOS="1700" VPOS="1024" WIDTH="40" HEIGHT="75" STYLEREFS="font0"/><SP WIDTH="11" VPOS="1024" HPOS="1740"/><String ID="p346_w742" CONTENT="the" HPOS="1751" VPOS="1024" WIDTH="55" HEIGHT="75" STYLEREFS="font0"/><SP WIDTH="18" VPOS="1024" HPOS="1806"/><String ID="p346_w743" CONTENT="eye" HPOS="1824" VPOS="1024" WIDTH="57" HEIGHT="75" STYLEREFS="font0"/><SP WIDTH="17" VPOS="1024" HPOS="1881"/><String ID="p346_w744" CONTENT="into" HPOS="1898" VPOS="1024" WIDTH="68" HEIGHT="75" STYLEREFS="font0"/><SP WIDTH="17" VPOS="1024" HPOS="1966"/><String ID="p346_w745" CONTENT="a" HPOS="1983" VPOS="1024" WIDTH="18" HEIGHT="75" STYLEREFS="font0"/><SP WIDTH="16" VPOS="1024" HPOS="2001"/><String ID="p346_w746" CONTENT="particular" HPOS="2017" VPOS="1024" WIDTH="173" HEIGHT="75" STYLEREFS="font0"/><SP WIDTH="16" VPOS="1024" HPOS="2190"/><String ID="p346_w747" CONTENT="refer-" HPOS="2206" VPOS="1024" WIDTH="100" HEIGHT="75" STYLEREFS="font0"/></TextLine><TextLine WIDTH="1043" HEIGHT="75" ID="p346_t86" HPOS="1263" VPOS="1070"><String ID="p346_w748" CONTENT="•voir," HPOS="1263" VPOS="1070" WIDTH="91" HEIGHT="75" STYLEREFS="font0"/><SP WIDTH="26" VPOS="1070" HPOS="1354"/><String ID="p346_w749" CONTENT="termed" HPOS="1380" VPOS="1070" WIDTH="125" HEIGHT="75" STYLEREFS="font0"/><SP WIDTH="17" VPOS="1070" HPOS="1505"/><String ID="p346_w750" CONTENT="facculus" HPOS="1522" VPOS="1070" WIDTH="154" HEIGHT="75" STYLEREFS="font0"/><SP WIDTH="27" VPOS="1070" HPOS="1676"/><String ID="p346_w751" CONTENT="lachrymalis," HPOS="1703" VPOS="1070" WIDTH="220" HEIGHT="75" STYLEREFS="font0"/><SP WIDTH="26" VPOS="1070" HPOS="1923"/><String ID="p346_w752" CONTENT="which" HPOS="1949" VPOS="1070" WIDTH="107" HEIGHT="75" STYLEREFS="font0"/><SP WIDTH="26" VPOS="1070" HPOS="2056"/><String ID="p346_w753" CONTENT="lhall" HPOS="2082" VPOS="1070" WIDTH="78" HEIGHT="75" STYLEREFS="font0"/><SP WIDTH="23" VPOS="1070" HPOS="2160"/><String ID="p346_w754" CONTENT="be" HPOS="2183" VPOS="1070" WIDTH="41" HEIGHT="75" STYLEREFS="font0"/><SP WIDTH="24" VPOS="1070" HPOS="2224"/><String ID="p346_w755" CONTENT="de-" HPOS="2248" VPOS="1070" WIDTH="58" HEIGHT="75" STYLEREFS="font0"/></TextLine><TextLine WIDTH="607" HEIGHT="75" ID="p346_t87" HPOS="1272" VPOS="1118"><String ID="p346_w756" CONTENT="feribed" HPOS="1272" VPOS="1118" WIDTH="124" HEIGHT="75" STYLEREFS="font0"/><SP WIDTH="16" VPOS="1118" HPOS="1396"/><String ID="p346_w757" CONTENT="in" HPOS="1412" VPOS="1118" WIDTH="32" HEIGHT="75" STYLEREFS="font0"/><SP WIDTH="19" VPOS="1118" HPOS="1444"/><String ID="p346_w758" CONTENT="the" HPOS="1463" VPOS="1118" WIDTH="54" HEIGHT="75" STYLEREFS="font0"/><SP WIDTH="17" VPOS="1118" HPOS="1517"/><String ID="p346_w759" CONTENT="article" HPOS="1534" VPOS="1118" WIDTH="112" HEIGHT="75" STYLEREFS="font0"/><SP WIDTH="22" VPOS="1118" HPOS="1646"/><String ID="p346_w760" CONTENT="of" HPOS="1668" VPOS="1118" WIDTH="39" HEIGHT="75" STYLEREFS="font0"/><SP WIDTH="12" VPOS="1118" HPOS="1707"/><String ID="p346_w761" CONTENT="the" HPOS="1719" VPOS="1118" WIDTH="56" HEIGHT="75" STYLEREFS="font0"/><SP WIDTH="16" VPOS="1118" HPOS="1775"/><String ID="p346_w762" CONTENT="nofe." HPOS="1791" VPOS="1118" WIDTH="88" HEIGHT="75" STYLEREFS="font0"/></TextLine><TextLine WIDTH="988" HEIGHT="75" ID="p346_t88" HPOS="1318" VPOS="1165"><String ID="p346_w763" CONTENT="The" HPOS="1318" VPOS="1165" WIDTH="76" HEIGHT="75" STYLEREFS="font0"/><SP WIDTH="16" VPOS="1165" HPOS="1394"/><String ID="p346_w764" CONTENT="pun&amp;a" HPOS="1410" VPOS="1165" WIDTH="115" HEIGHT="75" STYLEREFS="font0"/><SP WIDTH="10" VPOS="1165" HPOS="1525"/><String ID="p346_w765" CONTENT="lachrymalia" HPOS="1535" VPOS="1165" WIDTH="208" HEIGHT="75" STYLEREFS="font0"/><SP WIDTH="10" VPOS="1165" HPOS="1743"/><String ID="p346_w766" CONTENT="are" HPOS="1753" VPOS="1165" WIDTH="59" HEIGHT="75" STYLEREFS="font0"/><SP WIDTH="13" VPOS="1165" HPOS="1812"/><String ID="p346_w767" CONTENT="oppofite" HPOS="1825" VPOS="1165" WIDTH="141" HEIGHT="75" STYLEREFS="font0"/><SP WIDTH="11" VPOS="1165" HPOS="1966"/><String ID="p346_w768" CONTENT="to" HPOS="1977" VPOS="1165" WIDTH="37" HEIGHT="75" STYLEREFS="font0"/><SP WIDTH="16" VPOS="1165" HPOS="2014"/><String ID="p346_w769" CONTENT="each" HPOS="2030" VPOS="1165" WIDTH="76" HEIGHT="75" STYLEREFS="font0"/><SP WIDTH="14" VPOS="1165" HPOS="2106"/><String ID="p346_w770" CONTENT="other," HPOS="2120" VPOS="1165" WIDTH="105" HEIGHT="75" STYLEREFS="font0"/><SP WIDTH="18" VPOS="1165" HPOS="2225"/><String ID="p346_w771" CONTENT="and" HPOS="2243" VPOS="1165" WIDTH="63" HEIGHT="75" STYLEREFS="font0"/></TextLine><TextLine WIDTH="1039" HEIGHT="75" ID="p346_t89" HPOS="1271" VPOS="1211"><String ID="p346_w772" CONTENT="fo" HPOS="1271" VPOS="1211" WIDTH="34" HEIGHT="75" STYLEREFS="font0"/><SP WIDTH="16" VPOS="1211" HPOS="1305"/><String ID="p346_w773" CONTENT="they" HPOS="1321" VPOS="1211" WIDTH="78" HEIGHT="75" STYLEREFS="font0"/><SP WIDTH="16" VPOS="1211" HPOS="1399"/><String ID="p346_w774" CONTENT="meet" HPOS="1415" VPOS="1211" WIDTH="84" HEIGHT="75" STYLEREFS="font0"/><SP WIDTH="11" VPOS="1211" HPOS="1499"/><String ID="p346_w775" CONTENT="when" HPOS="1510" VPOS="1211" WIDTH="94" HEIGHT="75" STYLEREFS="font0"/><SP WIDTH="13" VPOS="1211" HPOS="1604"/><String ID="p346_w776" CONTENT="the" HPOS="1617" VPOS="1211" WIDTH="60" HEIGHT="75" STYLEREFS="font0"/><SP WIDTH="17" VPOS="1211" HPOS="1677"/><String ID="p346_w777" CONTENT="eye" HPOS="1694" VPOS="1211" WIDTH="59" HEIGHT="75" STYLEREFS="font0"/><SP WIDTH="16" VPOS="1211" HPOS="1753"/><String ID="p346_w778" CONTENT="is" HPOS="1769" VPOS="1211" WIDTH="27" HEIGHT="75" STYLEREFS="font0"/><SP WIDTH="16" VPOS="1211" HPOS="1796"/><String ID="p346_w779" CONTENT="flmt." HPOS="1812" VPOS="1211" WIDTH="83" HEIGHT="75" STYLEREFS="font0"/><SP WIDTH="48" VPOS="1211" HPOS="1895"/><String ID="p346_w780" CONTENT="Round" HPOS="1943" VPOS="1211" WIDTH="122" HEIGHT="75" STYLEREFS="font0"/><SP WIDTH="12" VPOS="1211" HPOS="2065"/><String ID="p346_w781" CONTENT="the" HPOS="2077" VPOS="1211" WIDTH="56" HEIGHT="75" STYLEREFS="font0"/><SP WIDTH="11" VPOS="1211" HPOS="2133"/><String ID="p346_w782" CONTENT="orifice" HPOS="2144" VPOS="1211" WIDTH="109" HEIGHT="75" STYLEREFS="font0"/><SP WIDTH="16" VPOS="1211" HPOS="2253"/><String ID="p346_w783" CONTENT="of" HPOS="2269" VPOS="1211" WIDTH="41" HEIGHT="75" STYLEREFS="font0"/></TextLine><TextLine WIDTH="1032" HEIGHT="75" ID="p346_t90" HPOS="1272" VPOS="1258"><String ID="p346_w784" CONTENT="each" HPOS="1272" VPOS="1258" WIDTH="77" HEIGHT="75" STYLEREFS="font0"/><SP WIDTH="16" VPOS="1258" HPOS="1349"/><String ID="p346_w785" CONTENT="of" HPOS="1365" VPOS="1258" WIDTH="41" HEIGHT="75" STYLEREFS="font0"/><SP WIDTH="14" VPOS="1258" HPOS="1406"/><String ID="p346_w786" CONTENT="thefe" HPOS="1420" VPOS="1258" WIDTH="87" HEIGHT="75" STYLEREFS="font0"/><SP WIDTH="16" VPOS="1258" HPOS="1507"/><String ID="p346_w787" CONTENT="points," HPOS="1523" VPOS="1258" WIDTH="119" HEIGHT="75" STYLEREFS="font0"/><SP WIDTH="25" VPOS="1258" HPOS="1642"/><String ID="p346_w788" CONTENT="we" HPOS="1667" VPOS="1258" WIDTH="49" HEIGHT="75" STYLEREFS="font0"/><SP WIDTH="28" VPOS="1258" HPOS="1716"/><String ID="p346_w789" CONTENT="obferve" HPOS="1744" VPOS="1258" WIDTH="131" HEIGHT="75" STYLEREFS="font0"/><SP WIDTH="25" VPOS="1258" HPOS="1875"/><String ID="p346_w790" CONTENT="a" HPOS="1900" VPOS="1258" WIDTH="19" HEIGHT="75" STYLEREFS="font0"/><SP WIDTH="23" VPOS="1258" HPOS="1919"/><String ID="p346_w791" CONTENT="whitilh" HPOS="1942" VPOS="1258" WIDTH="126" HEIGHT="75" STYLEREFS="font0"/><SP WIDTH="17" VPOS="1258" HPOS="2068"/><String ID="p346_w792" CONTENT="circle" HPOS="2085" VPOS="1258" WIDTH="96" HEIGHT="75" STYLEREFS="font0"/><SP WIDTH="15" VPOS="1258" HPOS="2181"/><String ID="p346_w793" CONTENT="which" HPOS="2196" VPOS="1258" WIDTH="108" HEIGHT="75" STYLEREFS="font0"/></TextLine><TextLine WIDTH="1032" HEIGHT="75" ID="p346_t91" HPOS="1272" VPOS="1304"><String ID="p346_w794" CONTENT="feems" HPOS="1272" VPOS="1304" WIDTH="98" HEIGHT="75" STYLEREFS="font0"/><SP WIDTH="16" VPOS="1304" HPOS="1370"/><String ID="p346_w795" CONTENT="to" HPOS="1386" VPOS="1304" WIDTH="35" HEIGHT="75" STYLEREFS="font0"/><SP WIDTH="16" VPOS="1304" HPOS="1421"/><String ID="p346_w796" CONTENT="be" HPOS="1437" VPOS="1304" WIDTH="40" HEIGHT="75" STYLEREFS="font0"/><SP WIDTH="16" VPOS="1304" HPOS="1477"/><String ID="p346_w797" CONTENT="a" HPOS="1493" VPOS="1304" WIDTH="20" HEIGHT="75" STYLEREFS="font0"/><SP WIDTH="15" VPOS="1304" HPOS="1513"/><String ID="p346_w798" CONTENT="cartilaginous" HPOS="1528" VPOS="1304" WIDTH="225" HEIGHT="75" STYLEREFS="font0"/><SP WIDTH="24" VPOS="1304" HPOS="1753"/><String ID="p346_w799" CONTENT="appendix" HPOS="1777" VPOS="1304" WIDTH="161" HEIGHT="75" STYLEREFS="font0"/><SP WIDTH="22" VPOS="1304" HPOS="1938"/><String ID="p346_w800" CONTENT="of" HPOS="1960" VPOS="1304" WIDTH="41" HEIGHT="75" STYLEREFS="font0"/><SP WIDTH="21" VPOS="1304" HPOS="2001"/><String ID="p346_w801" CONTENT="the" HPOS="2022" VPOS="1304" WIDTH="56" HEIGHT="75" STYLEREFS="font0"/><SP WIDTH="22" VPOS="1304" HPOS="2078"/><String ID="p346_w802" CONTENT="tarfus," HPOS="2100" VPOS="1304" WIDTH="116" HEIGHT="75" STYLEREFS="font0"/><SP WIDTH="24" VPOS="1304" HPOS="2216"/><String ID="p346_w803" CONTENT="and" HPOS="2240" VPOS="1304" WIDTH="64" HEIGHT="75" STYLEREFS="font0"/></TextLine><TextLine WIDTH="667" HEIGHT="75" ID="p346_t92" HPOS="1272" VPOS="1350"><String ID="p346_w804" CONTENT="which" HPOS="1272" VPOS="1350" WIDTH="104" HEIGHT="75" STYLEREFS="font0"/><SP WIDTH="24" VPOS="1350" HPOS="1376"/><String ID="p346_w805" CONTENT="keeps" HPOS="1400" VPOS="1350" WIDTH="97" HEIGHT="75" STYLEREFS="font0"/><SP WIDTH="16" VPOS="1350" HPOS="1497"/><String ID="p346_w806" CONTENT="the" HPOS="1513" VPOS="1350" WIDTH="56" HEIGHT="75" STYLEREFS="font0"/><SP WIDTH="18" VPOS="1350" HPOS="1569"/><String ID="p346_w807" CONTENT="orifice" HPOS="1587" VPOS="1350" WIDTH="108" HEIGHT="75" STYLEREFS="font0"/><SP WIDTH="16" VPOS="1350" HPOS="1695"/><String ID="p346_w808" CONTENT="always" HPOS="1711" VPOS="1350" WIDTH="119" HEIGHT="75" STYLEREFS="font0"/><SP WIDTH="16" VPOS="1350" HPOS="1830"/><String ID="p346_w809" CONTENT="open." HPOS="1846" VPOS="1350" WIDTH="93" HEIGHT="75" STYLEREFS="font0"/></TextLine><TextLine WIDTH="986" HEIGHT="75" ID="p346_t93" HPOS="1318" VPOS="1398"><String ID="p346_w810" CONTENT="The" HPOS="1318" VPOS="1398" WIDTH="77" HEIGHT="75" STYLEREFS="font0"/><SP WIDTH="22" VPOS="1398" HPOS="1395"/><String ID="p346_w811" CONTENT="caruncula" HPOS="1417" VPOS="1398" WIDTH="170" HEIGHT="75" STYLEREFS="font0"/><SP WIDTH="21" VPOS="1398" HPOS="1587"/><String ID="p346_w812" CONTENT="lachrymalis" HPOS="1608" VPOS="1398" WIDTH="205" HEIGHT="75" STYLEREFS="font0"/><SP WIDTH="27" VPOS="1398" HPOS="1813"/><String ID="p346_w813" CONTENT="is" HPOS="1840" VPOS="1398" WIDTH="26" HEIGHT="75" STYLEREFS="font0"/><SP WIDTH="18" VPOS="1398" HPOS="1866"/><String ID="p346_w814" CONTENT="a" HPOS="1884" VPOS="1398" WIDTH="19" HEIGHT="75" STYLEREFS="font0"/><SP WIDTH="14" VPOS="1398" HPOS="1903"/><String ID="p346_w815" CONTENT="fmall" HPOS="1917" VPOS="1398" WIDTH="89" HEIGHT="75" STYLEREFS="font0"/><SP WIDTH="17" VPOS="1398" HPOS="2006"/><String ID="p346_w816" CONTENT="reddiih," HPOS="2023" VPOS="1398" WIDTH="139" HEIGHT="75" STYLEREFS="font0"/><SP WIDTH="25" VPOS="1398" HPOS="2162"/><String ID="p346_w817" CONTENT="granu-" HPOS="2187" VPOS="1398" WIDTH="117" HEIGHT="75" STYLEREFS="font0"/></TextLine><TextLine WIDTH="1034" HEIGHT="75" ID="p346_t94" HPOS="1271" VPOS="1444"><String ID="p346_w818" CONTENT="lated," HPOS="1271" VPOS="1444" WIDTH="98" HEIGHT="75" STYLEREFS="font0"/><SP WIDTH="26" VPOS="1444" HPOS="1369"/><String ID="p346_w819" CONTENT="oblong" HPOS="1395" VPOS="1444" WIDTH="120" HEIGHT="75" STYLEREFS="font0"/><SP WIDTH="15" VPOS="1444" HPOS="1515"/><String ID="p346_w820" CONTENT="body," HPOS="1530" VPOS="1444" WIDTH="100" HEIGHT="75" STYLEREFS="font0"/><SP WIDTH="24" VPOS="1444" HPOS="1630"/><String ID="p346_w821" CONTENT="fituated" HPOS="1654" VPOS="1444" WIDTH="135" HEIGHT="75" STYLEREFS="font0"/><SP WIDTH="16" VPOS="1444" HPOS="1789"/><String ID="p346_w822" CONTENT="precifely" HPOS="1805" VPOS="1444" WIDTH="154" HEIGHT="75" STYLEREFS="font0"/><SP WIDTH="15" VPOS="1444" HPOS="1959"/><String ID="p346_w823" CONTENT="between" HPOS="1974" VPOS="1444" WIDTH="143" HEIGHT="75" STYLEREFS="font0"/><SP WIDTH="17" VPOS="1444" HPOS="2117"/><String ID="p346_w824" CONTENT="the" HPOS="2134" VPOS="1444" WIDTH="56" HEIGHT="75" STYLEREFS="font0"/><SP WIDTH="14" VPOS="1444" HPOS="2190"/><String ID="p346_w825" CONTENT="inter-" HPOS="2204" VPOS="1444" WIDTH="101" HEIGHT="75" STYLEREFS="font0"/></TextLine><TextLine WIDTH="1032" HEIGHT="75" ID="p346_t95" HPOS="1273" VPOS="1492"><String ID="p346_w826" CONTENT="nal" HPOS="1273" VPOS="1492" WIDTH="50" HEIGHT="75" STYLEREFS="font0"/><SP WIDTH="15" VPOS="1492" HPOS="1323"/><String ID="p346_w827" CONTENT="angle" HPOS="1338" VPOS="1492" WIDTH="93" HEIGHT="75" STYLEREFS="font0"/><SP WIDTH="16" VPOS="1492" HPOS="1431"/><String ID="p346_w828" CONTENT="of" HPOS="1447" VPOS="1492" WIDTH="39" HEIGHT="75" STYLEREFS="font0"/><SP WIDTH="12" VPOS="1492" HPOS="1486"/><String ID="p346_w829" CONTENT="the" HPOS="1498" VPOS="1492" WIDTH="55" HEIGHT="75" STYLEREFS="font0"/><SP WIDTH="24" VPOS="1492" HPOS="1553"/><String ID="p346_w830" CONTENT="palpebrse" HPOS="1577" VPOS="1492" WIDTH="157" HEIGHT="75" STYLEREFS="font0"/><SP WIDTH="20" VPOS="1492" HPOS="1734"/><String ID="p346_w831" CONTENT="and" HPOS="1754" VPOS="1492" WIDTH="63" HEIGHT="75" STYLEREFS="font0"/><SP WIDTH="22" VPOS="1492" HPOS="1817"/><String ID="p346_w832" CONTENT="globe" HPOS="1839" VPOS="1492" WIDTH="95" HEIGHT="75" STYLEREFS="font0"/><SP WIDTH="27" VPOS="1492" HPOS="1934"/><String ID="p346_w833" CONTENT="of" HPOS="1961" VPOS="1492" WIDTH="40" HEIGHT="75" STYLEREFS="font0"/><SP WIDTH="17" VPOS="1492" HPOS="2001"/><String ID="p346_w834" CONTENT="the" HPOS="2018" VPOS="1492" WIDTH="56" HEIGHT="75" STYLEREFS="font0"/><SP WIDTH="27" VPOS="1492" HPOS="2074"/><String ID="p346_w835" CONTENT="eye." HPOS="2101" VPOS="1492" WIDTH="70" HEIGHT="75" STYLEREFS="font0"/><SP WIDTH="56" VPOS="1492" HPOS="2171"/><String ID="p346_w836" CONTENT="The" HPOS="2227" VPOS="1492" WIDTH="78" HEIGHT="75" STYLEREFS="font0"/></TextLine><TextLine WIDTH="1035" HEIGHT="75" ID="p346_t96" HPOS="1272" VPOS="1539"><String ID="p346_w837" CONTENT="fubftance" HPOS="1272" VPOS="1539" WIDTH="161" HEIGHT="75" STYLEREFS="font0"/><SP WIDTH="16" VPOS="1539" HPOS="1433"/><String ID="p346_w838" CONTENT="of" HPOS="1449" VPOS="1539" WIDTH="40" HEIGHT="75" STYLEREFS="font0"/><SP WIDTH="19" VPOS="1539" HPOS="1489"/><String ID="p346_w839" CONTENT="it" HPOS="1508" VPOS="1539" WIDTH="26" HEIGHT="75" STYLEREFS="font0"/><SP WIDTH="22" VPOS="1539" HPOS="1534"/><String ID="p346_w840" CONTENT="feems" HPOS="1556" VPOS="1539" WIDTH="99" HEIGHT="75" STYLEREFS="font0"/><SP WIDTH="23" VPOS="1539" HPOS="1655"/><String ID="p346_w841" CONTENT="to" HPOS="1678" VPOS="1539" WIDTH="36" HEIGHT="75" STYLEREFS="font0"/><SP WIDTH="22" VPOS="1539" HPOS="1714"/><String ID="p346_w842" CONTENT="be" HPOS="1736" VPOS="1539" WIDTH="40" HEIGHT="75" STYLEREFS="font0"/><SP WIDTH="17" VPOS="1539" HPOS="1776"/><String ID="p346_w843" CONTENT="wholly" HPOS="1793" VPOS="1539" WIDTH="122" HEIGHT="75" STYLEREFS="font0"/><SP WIDTH="15" VPOS="1539" HPOS="1915"/><String ID="p346_w844" CONTENT="glandular." HPOS="1930" VPOS="1539" WIDTH="179" HEIGHT="75" STYLEREFS="font0"/><SP WIDTH="49" VPOS="1539" HPOS="2109"/><String ID="p346_w845" CONTENT="We" HPOS="2158" VPOS="1539" WIDTH="67" HEIGHT="75" STYLEREFS="font0"/><SP WIDTH="16" VPOS="1539" HPOS="2225"/><String ID="p346_w846" CONTENT="dif-" HPOS="2241" VPOS="1539" WIDTH="66" HEIGHT="75" STYLEREFS="font0"/></TextLine><TextLine WIDTH="1029" HEIGHT="75" ID="p346_t97" HPOS="1274" VPOS="1585"><String ID="p346_w847" CONTENT="cover" HPOS="1274" VPOS="1585" WIDTH="94" HEIGHT="75" STYLEREFS="font0"/><SP WIDTH="16" VPOS="1585" HPOS="1368"/><String ID="p346_w848" CONTENT="upon" HPOS="1384" VPOS="1585" WIDTH="85" HEIGHT="75" STYLEREFS="font0"/><SP WIDTH="16" VPOS="1585" HPOS="1469"/><String ID="p346_w849" CONTENT="it" HPOS="1485" VPOS="1585" WIDTH="26" HEIGHT="75" STYLEREFS="font0"/><SP WIDTH="17" VPOS="1585" HPOS="1511"/><String ID="p346_w850" CONTENT="a" HPOS="1528" VPOS="1585" WIDTH="18" HEIGHT="75" STYLEREFS="font0"/><SP WIDTH="24" VPOS="1585" HPOS="1546"/><String ID="p346_w851" CONTENT="great" HPOS="1570" VPOS="1585" WIDTH="90" HEIGHT="75" STYLEREFS="font0"/><SP WIDTH="32" VPOS="1585" HPOS="1660"/><String ID="p346_w852" CONTENT="number" HPOS="1692" VPOS="1585" WIDTH="134" HEIGHT="75" STYLEREFS="font0"/><SP WIDTH="15" VPOS="1585" HPOS="1826"/><String ID="p346_w853" CONTENT="of" HPOS="1841" VPOS="1585" WIDTH="41" HEIGHT="75" STYLEREFS="font0"/><SP WIDTH="22" VPOS="1585" HPOS="1882"/><String ID="p346_w854" CONTENT="fine" HPOS="1904" VPOS="1585" WIDTH="62" HEIGHT="75" STYLEREFS="font0"/><SP WIDTH="23" VPOS="1585" HPOS="1966"/><String ID="p346_w855" CONTENT="hairs" HPOS="1989" VPOS="1585" WIDTH="86" HEIGHT="75" STYLEREFS="font0"/><SP WIDTH="25" VPOS="1585" HPOS="2075"/><String ID="p346_w856" CONTENT="covered" HPOS="2100" VPOS="1585" WIDTH="138" HEIGHT="75" STYLEREFS="font0"/><SP WIDTH="21" VPOS="1585" HPOS="2238"/><String ID="p346_w857" CONTENT="by" HPOS="2259" VPOS="1585" WIDTH="44" HEIGHT="75" STYLEREFS="font0"/></TextLine><TextLine WIDTH="1027" HEIGHT="75" ID="p346_t98" HPOS="1275" VPOS="1632"><String ID="p346_w858" CONTENT="an" HPOS="1275" VPOS="1632" WIDTH="38" HEIGHT="75" STYLEREFS="font0"/><SP WIDTH="29" VPOS="1632" HPOS="1313"/><String ID="p346_w859" CONTENT="oily," HPOS="1342" VPOS="1632" WIDTH="79" HEIGHT="75" STYLEREFS="font0"/><SP WIDTH="25" VPOS="1632" HPOS="1421"/><String ID="p346_w860" CONTENT="yellowilh" HPOS="1446" VPOS="1632" WIDTH="163" HEIGHT="75" STYLEREFS="font0"/><SP WIDTH="17" VPOS="1632" HPOS="1609"/><String ID="p346_w861" CONTENT="matter;" HPOS="1626" VPOS="1632" WIDTH="136" HEIGHT="75" STYLEREFS="font0"/><SP WIDTH="26" VPOS="1632" HPOS="1762"/><String ID="p346_w862" CONTENT="and" HPOS="1788" VPOS="1632" WIDTH="63" HEIGHT="75" STYLEREFS="font0"/><SP WIDTH="16" VPOS="1632" HPOS="1851"/><String ID="p346_w863" CONTENT="on" HPOS="1867" VPOS="1632" WIDTH="42" HEIGHT="75" STYLEREFS="font0"/><SP WIDTH="17" VPOS="1632" HPOS="1909"/><String ID="p346_w864" CONTENT="the" HPOS="1926" VPOS="1632" WIDTH="55" HEIGHT="75" STYLEREFS="font0"/><SP WIDTH="16" VPOS="1632" HPOS="1981"/><String ID="p346_w865" CONTENT="globe" HPOS="1997" VPOS="1632" WIDTH="96" HEIGHT="75" STYLEREFS="font0"/><SP WIDTH="14" VPOS="1632" HPOS="2093"/><String ID="p346_w866" CONTENT="of" HPOS="2107" VPOS="1632" WIDTH="40" HEIGHT="75" STYLEREFS="font0"/><SP WIDTH="11" VPOS="1632" HPOS="2147"/><String ID="p346_w867" CONTENT="the" HPOS="2158" VPOS="1632" WIDTH="56" HEIGHT="75" STYLEREFS="font0"/><SP WIDTH="16" VPOS="1632" HPOS="2214"/><String ID="p346_w868" CONTENT="eye," HPOS="2230" VPOS="1632" WIDTH="72" HEIGHT="75" STYLEREFS="font0"/></TextLine><TextLine WIDTH="1029" HEIGHT="75" ID="p346_t99" HPOS="1274" VPOS="1678"><String ID="p346_w869" CONTENT="near" HPOS="1274" VPOS="1678" WIDTH="74" HEIGHT="75" STYLEREFS="font0"/><SP WIDTH="13" VPOS="1678" HPOS="1348"/><String ID="p346_w870" CONTENT="this" HPOS="1361" VPOS="1678" WIDTH="64" HEIGHT="75" STYLEREFS="font0"/><SP WIDTH="17" VPOS="1678" HPOS="1425"/><String ID="p346_w871" CONTENT="glandular" HPOS="1442" VPOS="1678" WIDTH="167" HEIGHT="75" STYLEREFS="font0"/><SP WIDTH="16" VPOS="1678" HPOS="1609"/><String ID="p346_w872" CONTENT="body," HPOS="1625" VPOS="1678" WIDTH="102" HEIGHT="75" STYLEREFS="font0"/><SP WIDTH="25" VPOS="1678" HPOS="1727"/><String ID="p346_w873" CONTENT="we" HPOS="1752" VPOS="1678" WIDTH="49" HEIGHT="75" STYLEREFS="font0"/><SP WIDTH="16" VPOS="1678" HPOS="1801"/><String ID="p346_w874" CONTENT="fee" HPOS="1817" VPOS="1678" WIDTH="51" HEIGHT="75" STYLEREFS="font0"/><SP WIDTH="17" VPOS="1678" HPOS="1868"/><String ID="p346_w875" CONTENT="a" HPOS="1885" VPOS="1678" WIDTH="19" HEIGHT="75" STYLEREFS="font0"/><SP WIDTH="15" VPOS="1678" HPOS="1904"/><String ID="p346_w876" CONTENT="femilunar" HPOS="1919" VPOS="1678" WIDTH="168" HEIGHT="75" STYLEREFS="font0"/><SP WIDTH="16" VPOS="1678" HPOS="2087"/><String ID="p346_w877" CONTENT="fold," HPOS="2103" VPOS="1678" WIDTH="81" HEIGHT="75" STYLEREFS="font0"/><SP WIDTH="18" VPOS="1678" HPOS="2184"/><String ID="p346_w878" CONTENT="form-" HPOS="2202" VPOS="1678" WIDTH="101" HEIGHT="75" STYLEREFS="font0"/></TextLine><TextLine WIDTH="1013" HEIGHT="75" ID="p346_t100" HPOS="1275" VPOS="1726"><String ID="p346_w879" CONTENT="ed" HPOS="1275" VPOS="1726" WIDTH="40" HEIGHT="75" STYLEREFS="font0"/><SP WIDTH="14" VPOS="1726" HPOS="1315"/><String ID="p346_w880" CONTENT="by" HPOS="1329" VPOS="1726" WIDTH="45" HEIGHT="75" STYLEREFS="font0"/><SP WIDTH="15" VPOS="1726" HPOS="1374"/><String ID="p346_w881" CONTENT="the" HPOS="1389" VPOS="1726" WIDTH="56" HEIGHT="75" STYLEREFS="font0"/><SP WIDTH="12" VPOS="1726" HPOS="1445"/><String ID="p346_w882" CONTENT="conjundtiva," HPOS="1457" VPOS="1726" WIDTH="212" HEIGHT="75" STYLEREFS="font0"/><SP WIDTH="24" VPOS="1726" HPOS="1669"/><String ID="p346_w883" CONTENT="the" HPOS="1693" VPOS="1726" WIDTH="56" HEIGHT="75" STYLEREFS="font0"/><SP WIDTH="17" VPOS="1726" HPOS="1749"/><String ID="p346_w884" CONTENT="concave" HPOS="1766" VPOS="1726" WIDTH="137" HEIGHT="75" STYLEREFS="font0"/><SP WIDTH="20" VPOS="1726" HPOS="1903"/><String ID="p346_w885" CONTENT="fide" HPOS="1923" VPOS="1726" WIDTH="63" HEIGHT="75" STYLEREFS="font0"/><SP WIDTH="15" VPOS="1726" HPOS="1986"/><String ID="p346_w886" CONTENT="of" HPOS="2001" VPOS="1726" WIDTH="40" HEIGHT="75" STYLEREFS="font0"/><SP WIDTH="13" VPOS="1726" HPOS="2041"/><String ID="p346_w887" CONTENT="which" HPOS="2054" VPOS="1726" WIDTH="103" HEIGHT="75" STYLEREFS="font0"/><SP WIDTH="12" VPOS="1726" HPOS="2157"/><String ID="p346_w888" CONTENT="is" HPOS="2169" VPOS="1726" WIDTH="26" HEIGHT="75" STYLEREFS="font0"/><SP WIDTH="17" VPOS="1726" HPOS="2195"/><String ID="p346_w889" CONTENT="turn" HPOS="2212" VPOS="1726" WIDTH="76" HEIGHT="75" STYLEREFS="font0"/></TextLine><TextLine WIDTH="888" HEIGHT="75" ID="p346_t101" HPOS="1274" VPOS="1774"><String ID="p346_w890" CONTENT="ed" HPOS="1274" VPOS="1774" WIDTH="40" HEIGHT="75" STYLEREFS="font0"/><SP WIDTH="16" VPOS="1774" HPOS="1314"/><String ID="p346_w891" CONTENT="to" HPOS="1330" VPOS="1774" WIDTH="36" HEIGHT="75" STYLEREFS="font0"/><SP WIDTH="20" VPOS="1774" HPOS="1366"/><String ID="p346_w892" CONTENT="the" HPOS="1386" VPOS="1774" WIDTH="55" HEIGHT="75" STYLEREFS="font0"/><SP WIDTH="23" VPOS="1774" HPOS="1441"/><String ID="p346_w893" CONTENT="uvea," HPOS="1464" VPOS="1774" WIDTH="93" HEIGHT="75" STYLEREFS="font0"/><SP WIDTH="25" VPOS="1774" HPOS="1557"/><String ID="p346_w894" CONTENT="and" HPOS="1582" VPOS="1774" WIDTH="64" HEIGHT="75" STYLEREFS="font0"/><SP WIDTH="16" VPOS="1774" HPOS="1646"/><String ID="p346_w895" CONTENT="the" HPOS="1662" VPOS="1774" WIDTH="54" HEIGHT="75" STYLEREFS="font0"/><SP WIDTH="16" VPOS="1774" HPOS="1716"/><String ID="p346_w896" CONTENT="convex" HPOS="1732" VPOS="1774" WIDTH="127" HEIGHT="75" STYLEREFS="font0"/><SP WIDTH="14" VPOS="1774" HPOS="1859"/><String ID="p346_w897" CONTENT="fide" HPOS="1873" VPOS="1774" WIDTH="64" HEIGHT="75" STYLEREFS="font0"/><SP WIDTH="16" VPOS="1774" HPOS="1937"/><String ID="p346_w898" CONTENT="to" HPOS="1953" VPOS="1774" WIDTH="36" HEIGHT="75" STYLEREFS="font0"/><SP WIDTH="16" VPOS="1774" HPOS="1989"/><String ID="p346_w899" CONTENT="the" HPOS="2005" VPOS="1774" WIDTH="55" HEIGHT="75" STYLEREFS="font0"/><SP WIDTH="15" VPOS="1774" HPOS="2060"/><String ID="p346_w900" CONTENT="nofe." HPOS="2075" VPOS="1774" WIDTH="87" HEIGHT="75" STYLEREFS="font0"/></TextLine><TextLine WIDTH="667" HEIGHT="75" ID="p346_t102" HPOS="1453" VPOS="1876"><String ID="p346_w901" CONTENT="The" HPOS="1453" VPOS="1876" WIDTH="66" HEIGHT="75" STYLEREFS="font0"/><SP WIDTH="22" VPOS="1876" HPOS="1519"/><String ID="p346_w902" CONTENT="Muscles" HPOS="1541" VPOS="1876" WIDTH="191" HEIGHT="75" STYLEREFS="font0"/><SP WIDTH="27" VPOS="1876" HPOS="1732"/><String ID="p346_w903" CONTENT="of" HPOS="1759" VPOS="1876" WIDTH="45" HEIGHT="75" STYLEREFS="font0"/><SP WIDTH="13" VPOS="1876" HPOS="1804"/><String ID="p346_w904" CONTENT="the" HPOS="1817" VPOS="1876" WIDTH="52" HEIGHT="75" STYLEREFS="font0"/><SP WIDTH="23" VPOS="1876" HPOS="1869"/><String ID="p346_w905" CONTENT="Palpebrje." HPOS="1892" VPOS="1876" WIDTH="228" HEIGHT="75" STYLEREFS="font0"/></TextLine><TextLine WIDTH="981" HEIGHT="75" ID="p346_t103" HPOS="1322" VPOS="1955"><String ID="p346_w906" CONTENT="The" HPOS="1322" VPOS="1955" WIDTH="85" HEIGHT="75" STYLEREFS="font0"/><SP WIDTH="18" VPOS="1955" HPOS="1407"/><String ID="p346_w907" CONTENT="mufcles" HPOS="1425" VPOS="1955" WIDTH="134" HEIGHT="75" STYLEREFS="font0"/><SP WIDTH="24" VPOS="1955" HPOS="1559"/><String ID="p346_w908" CONTENT="of" HPOS="1583" VPOS="1955" WIDTH="40" HEIGHT="75" STYLEREFS="font0"/><SP WIDTH="18" VPOS="1955" HPOS="1623"/><String ID="p346_w909" CONTENT="the" HPOS="1641" VPOS="1955" WIDTH="56" HEIGHT="75" STYLEREFS="font0"/><SP WIDTH="16" VPOS="1955" HPOS="1697"/><String ID="p346_w910" CONTENT="palpebrse" HPOS="1713" VPOS="1955" WIDTH="157" HEIGHT="75" STYLEREFS="font0"/><SP WIDTH="24" VPOS="1955" HPOS="1870"/><String ID="p346_w911" CONTENT="are" HPOS="1894" VPOS="1955" WIDTH="54" HEIGHT="75" STYLEREFS="font0"/><SP WIDTH="21" VPOS="1955" HPOS="1948"/><String ID="p346_w912" CONTENT="commonly" HPOS="1969" VPOS="1955" WIDTH="185" HEIGHT="75" STYLEREFS="font0"/><SP WIDTH="13" VPOS="1955" HPOS="2154"/><String ID="p346_w913" CONTENT="reckon-" HPOS="2167" VPOS="1955" WIDTH="136" HEIGHT="75" STYLEREFS="font0"/></TextLine><TextLine WIDTH="1027" HEIGHT="75" ID="p346_t104" HPOS="1276" VPOS="2002"><String ID="p346_w914" CONTENT="ed" HPOS="1276" VPOS="2002" WIDTH="40" HEIGHT="75" STYLEREFS="font0"/><SP WIDTH="17" VPOS="2002" HPOS="1316"/><String ID="p346_w915" CONTENT="to" HPOS="1333" VPOS="2002" WIDTH="35" HEIGHT="75" STYLEREFS="font0"/><SP WIDTH="15" VPOS="2002" HPOS="1368"/><String ID="p346_w916" CONTENT="be" HPOS="1383" VPOS="2002" WIDTH="41" HEIGHT="75" STYLEREFS="font0"/><SP WIDTH="16" VPOS="2002" HPOS="1424"/><String ID="p346_w917" CONTENT="two," HPOS="1440" VPOS="2002" WIDTH="78" HEIGHT="75" STYLEREFS="font0"/><SP WIDTH="25" VPOS="2002" HPOS="1518"/><String ID="p346_w918" CONTENT="one" HPOS="1543" VPOS="2002" WIDTH="60" HEIGHT="75" STYLEREFS="font0"/><SP WIDTH="21" VPOS="2002" HPOS="1603"/><String ID="p346_w919" CONTENT="peculiar" HPOS="1624" VPOS="2002" WIDTH="140" HEIGHT="75" STYLEREFS="font0"/><SP WIDTH="24" VPOS="2002" HPOS="1764"/><String ID="p346_w920" CONTENT="to" HPOS="1788" VPOS="2002" WIDTH="35" HEIGHT="75" STYLEREFS="font0"/><SP WIDTH="20" VPOS="2002" HPOS="1823"/><String ID="p346_w921" CONTENT="the" HPOS="1843" VPOS="2002" WIDTH="56" HEIGHT="75" STYLEREFS="font0"/><SP WIDTH="16" VPOS="2002" HPOS="1899"/><String ID="p346_w922" CONTENT="upper" HPOS="1915" VPOS="2002" WIDTH="100" HEIGHT="75" STYLEREFS="font0"/><SP WIDTH="15" VPOS="2002" HPOS="2015"/><String ID="p346_w923" CONTENT="eye-lid," HPOS="2030" VPOS="2002" WIDTH="133" HEIGHT="75" STYLEREFS="font0"/><SP WIDTH="25" VPOS="2002" HPOS="2163"/><String ID="p346_w924" CONTENT="named" HPOS="2188" VPOS="2002" WIDTH="115" HEIGHT="75" STYLEREFS="font0"/></TextLine><TextLine WIDTH="1026" HEIGHT="75" ID="p346_t105" HPOS="1275" VPOS="2049"><String ID="p346_w925" CONTENT="levator" HPOS="1275" VPOS="2049" WIDTH="126" HEIGHT="75" STYLEREFS="font0"/><SP WIDTH="11" VPOS="2049" HPOS="1401"/><String ID="p346_w926" CONTENT="palpebne" HPOS="1412" VPOS="2049" WIDTH="162" HEIGHT="75" STYLEREFS="font0"/><SP WIDTH="5" VPOS="2049" HPOS="1574"/><String ID="p346_w927" CONTENT="fuperioris" HPOS="1579" VPOS="2049" WIDTH="181" HEIGHT="75" STYLEREFS="font0"/><SP WIDTH="15" VPOS="2049" HPOS="1760"/><String ID="p346_w928" CONTENT=";" HPOS="1775" VPOS="2049" WIDTH="11" HEIGHT="75" STYLEREFS="font0"/><SP WIDTH="26" VPOS="2049" HPOS="1786"/><String ID="p346_w929" CONTENT="the" HPOS="1812" VPOS="2049" WIDTH="55" HEIGHT="75" STYLEREFS="font0"/><SP WIDTH="16" VPOS="2049" HPOS="1867"/><String ID="p346_w930" CONTENT="other" HPOS="1883" VPOS="2049" WIDTH="95" HEIGHT="75" STYLEREFS="font0"/><SP WIDTH="16" VPOS="2049" HPOS="1978"/><String ID="p346_w931" CONTENT="common" HPOS="1994" VPOS="2049" WIDTH="147" HEIGHT="75" STYLEREFS="font0"/><SP WIDTH="16" VPOS="2049" HPOS="2141"/><String ID="p346_w932" CONTENT="to" HPOS="2157" VPOS="2049" WIDTH="36" HEIGHT="75" STYLEREFS="font0"/><SP WIDTH="15" VPOS="2049" HPOS="2193"/><String ID="p346_w933" CONTENT="both," HPOS="2208" VPOS="2049" WIDTH="93" HEIGHT="75" STYLEREFS="font0"/></TextLine><TextLine WIDTH="103" HEIGHT="75" ID="p346_t106" HPOS="1276" VPOS="2095"><String ID="p346_w934" CONTENT="called" HPOS="1276" VPOS="2095" WIDTH="103" HEIGHT="75" STYLEREFS="font0"/></TextLine><TextLine WIDTH="451" HEIGHT="75" ID="p346_t107" HPOS="1577" VPOS="2095"><String ID="p346_w935" CONTENT="orbicularis" HPOS="1577" VPOS="2095" WIDTH="195" HEIGHT="75" STYLEREFS="font0"/><SP WIDTH="12" VPOS="2095" HPOS="1772"/><String ID="p346_w936" CONTENT="palpebrarum." HPOS="1784" VPOS="2095" WIDTH="244" HEIGHT="75" STYLEREFS="font0"/></TextLine><TextLine WIDTH="989" HEIGHT="75" ID="p346_t108" HPOS="1321" VPOS="2143"><String ID="p346_w937" CONTENT="The" HPOS="1321" VPOS="2143" WIDTH="77" HEIGHT="75" STYLEREFS="font0"/><SP WIDTH="16" VPOS="2143" HPOS="1398"/><String ID="p346_w938" CONTENT="levator" HPOS="1414" VPOS="2143" WIDTH="124" HEIGHT="75" STYLEREFS="font0"/><SP WIDTH="15" VPOS="2143" HPOS="1538"/><String ID="p346_w939" CONTENT="palpebrse" HPOS="1553" VPOS="2143" WIDTH="158" HEIGHT="75" STYLEREFS="font0"/><SP WIDTH="17" VPOS="2143" HPOS="1711"/><String ID="p346_w940" CONTENT="fuperioris" HPOS="1728" VPOS="2143" WIDTH="168" HEIGHT="75" STYLEREFS="font0"/><SP WIDTH="13" VPOS="2143" HPOS="1896"/><String ID="p346_w941" CONTENT="Is" HPOS="1909" VPOS="2143" WIDTH="36" HEIGHT="75" STYLEREFS="font0"/><SP WIDTH="16" VPOS="2143" HPOS="1945"/><String ID="p346_w942" CONTENT="a" HPOS="1961" VPOS="2143" WIDTH="19" HEIGHT="75" STYLEREFS="font0"/><SP WIDTH="15" VPOS="2143" HPOS="1980"/><String ID="p346_w943" CONTENT="very" HPOS="1995" VPOS="2143" WIDTH="78" HEIGHT="75" STYLEREFS="font0"/><SP WIDTH="14" VPOS="2143" HPOS="2073"/><String ID="p346_w944" CONTENT="thin" HPOS="2087" VPOS="2143" WIDTH="69" HEIGHT="75" STYLEREFS="font0"/><SP WIDTH="16" VPOS="2143" HPOS="2156"/><String ID="p346_w945" CONTENT="mufcle,-" HPOS="2172" VPOS="2143" WIDTH="138" HEIGHT="75" STYLEREFS="font0"/></TextLine><TextLine WIDTH="1030" HEIGHT="75" ID="p346_t109" HPOS="1276" VPOS="2189"><String ID="p346_w946" CONTENT="fituated" HPOS="1276" VPOS="2189" WIDTH="133" HEIGHT="75" STYLEREFS="font0"/><SP WIDTH="16" VPOS="2189" HPOS="1409"/><String ID="p346_w947" CONTENT="in" HPOS="1425" VPOS="2189" WIDTH="32" HEIGHT="75" STYLEREFS="font0"/><SP WIDTH="23" VPOS="2189" HPOS="1457"/><String ID="p346_w948" CONTENT="the" HPOS="1480" VPOS="2189" WIDTH="55" HEIGHT="75" STYLEREFS="font0"/><SP WIDTH="19" VPOS="2189" HPOS="1535"/><String ID="p346_w949" CONTENT="orbit" HPOS="1554" VPOS="2189" WIDTH="87" HEIGHT="75" STYLEREFS="font0"/><SP WIDTH="15" VPOS="2189" HPOS="1641"/><String ID="p346_w950" CONTENT="above," HPOS="1656" VPOS="2189" WIDTH="114" HEIGHT="75" STYLEREFS="font0"/><SP WIDTH="24" VPOS="2189" HPOS="1770"/><String ID="p346_w951" CONTENT="and" HPOS="1794" VPOS="2189" WIDTH="63" HEIGHT="75" STYLEREFS="font0"/><SP WIDTH="9" VPOS="2189" HPOS="1857"/><String ID="p346_w952" CONTENT="along" HPOS="1866" VPOS="2189" WIDTH="97" HEIGHT="75" STYLEREFS="font0"/><SP WIDTH="15" VPOS="2189" HPOS="1963"/><String ID="p346_w953" CONTENT="the" HPOS="1978" VPOS="2189" WIDTH="56" HEIGHT="75" STYLEREFS="font0"/><SP WIDTH="17" VPOS="2189" HPOS="2034"/><String ID="p346_w954" CONTENT="redius" HPOS="2051" VPOS="2189" WIDTH="102" HEIGHT="75" STYLEREFS="font0"/><SP WIDTH="10" VPOS="2189" HPOS="2153"/><String ID="p346_w955" CONTENT="fuperior" HPOS="2163" VPOS="2189" WIDTH="143" HEIGHT="75" STYLEREFS="font0"/></TextLine><TextLine WIDTH="1028" HEIGHT="75" ID="p346_t110" HPOS="1276" VPOS="2235"><String ID="p346_w956" CONTENT="oculi." HPOS="1276" VPOS="2235" WIDTH="99" HEIGHT="75" STYLEREFS="font0"/><SP WIDTH="50" VPOS="2235" HPOS="1375"/><String ID="p346_w957" CONTENT="It" HPOS="1425" VPOS="2235" WIDTH="33" HEIGHT="75" STYLEREFS="font0"/><SP WIDTH="16" VPOS="2235" HPOS="1458"/><String ID="p346_w958" CONTENT="is" HPOS="1474" VPOS="2235" WIDTH="26" HEIGHT="75" STYLEREFS="font0"/><SP WIDTH="17" VPOS="2235" HPOS="1500"/><String ID="p346_w959" CONTENT="fixed" HPOS="1517" VPOS="2235" WIDTH="89" HEIGHT="75" STYLEREFS="font0"/><SP WIDTH="11" VPOS="2235" HPOS="1606"/><String ID="p346_w960" CONTENT="to" HPOS="1617" VPOS="2235" WIDTH="35" HEIGHT="75" STYLEREFS="font0"/><SP WIDTH="14" VPOS="2235" HPOS="1652"/><String ID="p346_w961" CONTENT="the" HPOS="1666" VPOS="2235" WIDTH="55" HEIGHT="75" STYLEREFS="font0"/><SP WIDTH="16" VPOS="2235" HPOS="1721"/><String ID="p346_w962" CONTENT="bottom" HPOS="1737" VPOS="2235" WIDTH="127" HEIGHT="75" STYLEREFS="font0"/><SP WIDTH="16" VPOS="2235" HPOS="1864"/><String ID="p346_w963" CONTENT="of" HPOS="1880" VPOS="2235" WIDTH="41" HEIGHT="75" STYLEREFS="font0"/><SP WIDTH="11" VPOS="2235" HPOS="1921"/><String ID="p346_w964" CONTENT="the" HPOS="1932" VPOS="2235" WIDTH="55" HEIGHT="75" STYLEREFS="font0"/><SP WIDTH="17" VPOS="2235" HPOS="1987"/><String ID="p346_w965" CONTENT="orbit," HPOS="2004" VPOS="2235" WIDTH="98" HEIGHT="75" STYLEREFS="font0"/><SP WIDTH="17" VPOS="2235" HPOS="2102"/><String ID="p346_w966" CONTENT="by" HPOS="2119" VPOS="2235" WIDTH="45" HEIGHT="75" STYLEREFS="font0"/><SP WIDTH="16" VPOS="2235" HPOS="2164"/><String ID="p346_w967" CONTENT="a" HPOS="2180" VPOS="2235" WIDTH="18" HEIGHT="75" STYLEREFS="font0"/><SP WIDTH="15" VPOS="2235" HPOS="2198"/><String ID="p346_w968" CONTENT="finall" HPOS="2213" VPOS="2235" WIDTH="91" HEIGHT="75" STYLEREFS="font0"/></TextLine><TextLine WIDTH="1028" HEIGHT="75" ID="p346_t111" HPOS="1277" VPOS="2284"><String ID="p346_w969" CONTENT="narrow" HPOS="1277" VPOS="2284" WIDTH="125" HEIGHT="75" STYLEREFS="font0"/><SP WIDTH="15" VPOS="2284" HPOS="1402"/><String ID="p346_w970" CONTENT="tendon," HPOS="1417" VPOS="2284" WIDTH="134" HEIGHT="75" STYLEREFS="font0"/><SP WIDTH="25" VPOS="2284" HPOS="1551"/><String ID="p346_w971" CONTENT="near" HPOS="1576" VPOS="2284" WIDTH="77" HEIGHT="75" STYLEREFS="font0"/><SP WIDTH="26" VPOS="2284" HPOS="1653"/><String ID="p346_w972" CONTENT="the" HPOS="1679" VPOS="2284" WIDTH="56" HEIGHT="75" STYLEREFS="font0"/><SP WIDTH="16" VPOS="2284" HPOS="1735"/><String ID="p346_w973" CONTENT="foramen" HPOS="1751" VPOS="2284" WIDTH="143" HEIGHT="75" STYLEREFS="font0"/><SP WIDTH="16" VPOS="2284" HPOS="1894"/><String ID="p346_w974" CONTENT="opticum," HPOS="1910" VPOS="2284" WIDTH="153" HEIGHT="75" STYLEREFS="font0"/><SP WIDTH="26" VPOS="2284" HPOS="2063"/><String ID="p346_w975" CONTENT="between" HPOS="2089" VPOS="2284" WIDTH="142" HEIGHT="75" STYLEREFS="font0"/><SP WIDTH="17" VPOS="2284" HPOS="2231"/><String ID="p346_w976" CONTENT="the" HPOS="2248" VPOS="2284" WIDTH="57" HEIGHT="75" STYLEREFS="font0"/></TextLine><TextLine WIDTH="1027" HEIGHT="75" ID="p346_t112" HPOS="1276" VPOS="2329"><String ID="p346_w977" CONTENT="pofterior" HPOS="1276" VPOS="2329" WIDTH="152" HEIGHT="75" STYLEREFS="font0"/><SP WIDTH="22" VPOS="2329" HPOS="1428"/><String ID="p346_w978" CONTENT="infertions" HPOS="1450" VPOS="2329" WIDTH="166" HEIGHT="75" STYLEREFS="font0"/><SP WIDTH="16" VPOS="2329" HPOS="1616"/><String ID="p346_w979" CONTENT="of" HPOS="1632" VPOS="2329" WIDTH="40" HEIGHT="75" STYLEREFS="font0"/><SP WIDTH="18" VPOS="2329" HPOS="1672"/><String ID="p346_w980" CONTENT="the" HPOS="1690" VPOS="2329" WIDTH="55" HEIGHT="75" STYLEREFS="font0"/><SP WIDTH="25" VPOS="2329" HPOS="1745"/><String ID="p346_w981" CONTENT="redlus" HPOS="1770" VPOS="2329" WIDTH="102" HEIGHT="75" STYLEREFS="font0"/><SP WIDTH="25" VPOS="2329" HPOS="1872"/><String ID="p346_w982" CONTENT="fuperior" HPOS="1897" VPOS="2329" WIDTH="140" HEIGHT="75" STYLEREFS="font0"/><SP WIDTH="24" VPOS="2329" HPOS="2037"/><String ID="p346_w983" CONTENT="and" HPOS="2061" VPOS="2329" WIDTH="62" HEIGHT="75" STYLEREFS="font0"/><SP WIDTH="29" VPOS="2329" HPOS="2123"/><String ID="p346_w984" CONTENT="obliquus" HPOS="2152" VPOS="2329" WIDTH="151" HEIGHT="75" STYLEREFS="font0"/></TextLine><TextLine WIDTH="1026" HEIGHT="75" ID="p346_t113" HPOS="1278" VPOS="2376"><String ID="p346_w985" CONTENT="fuperior." HPOS="1278" VPOS="2376" WIDTH="153" HEIGHT="75" STYLEREFS="font0"/><SP WIDTH="49" VPOS="2376" HPOS="1431"/><String ID="p346_w986" CONTENT="From" HPOS="1480" VPOS="2376" WIDTH="97" HEIGHT="75" STYLEREFS="font0"/><SP WIDTH="18" VPOS="2376" HPOS="1577"/><String ID="p346_w987" CONTENT="thence" HPOS="1595" VPOS="2376" WIDTH="113" HEIGHT="75" STYLEREFS="font0"/><SP WIDTH="16" VPOS="2376" HPOS="1708"/><String ID="p346_w988" CONTENT="its" HPOS="1724" VPOS="2376" WIDTH="42" HEIGHT="75" STYLEREFS="font0"/><SP WIDTH="15" VPOS="2376" HPOS="1766"/><String ID="p346_w989" CONTENT="flefiiy" HPOS="1781" VPOS="2376" WIDTH="97" HEIGHT="75" STYLEREFS="font0"/><SP WIDTH="15" VPOS="2376" HPOS="1878"/><String ID="p346_w990" CONTENT="fibres" HPOS="1893" VPOS="2376" WIDTH="94" HEIGHT="75" STYLEREFS="font0"/><SP WIDTH="25" VPOS="2376" HPOS="1987"/><String ID="p346_w991" CONTENT="run" HPOS="2012" VPOS="2376" WIDTH="61" HEIGHT="75" STYLEREFS="font0"/><SP WIDTH="25" VPOS="2376" HPOS="2073"/><String ID="p346_w992" CONTENT="forward" HPOS="2098" VPOS="2376" WIDTH="142" HEIGHT="75" STYLEREFS="font0"/><SP WIDTH="21" VPOS="2376" HPOS="2240"/><String ID="p346_w993" CONTENT="on" HPOS="2261" VPOS="2376" WIDTH="43" HEIGHT="75" STYLEREFS="font0"/></TextLine><TextLine WIDTH="1024" HEIGHT="75" ID="p346_t114" HPOS="1278" VPOS="2424"><String ID="p346_w994" CONTENT="the" HPOS="1278" VPOS="2424" WIDTH="55" HEIGHT="75" STYLEREFS="font0"/><SP WIDTH="18" VPOS="2424" HPOS="1333"/><String ID="p346_w995" CONTENT="redtus," HPOS="1351" VPOS="2424" WIDTH="114" HEIGHT="75" STYLEREFS="font0"/><SP WIDTH="25" VPOS="2424" HPOS="1465"/><String ID="p346_w996" CONTENT="increafing" HPOS="1490" VPOS="2424" WIDTH="170" HEIGHT="75" STYLEREFS="font0"/><SP WIDTH="24" VPOS="2424" HPOS="1660"/><String ID="p346_w997" CONTENT="gradually" HPOS="1684" VPOS="2424" WIDTH="166" HEIGHT="75" STYLEREFS="font0"/><SP WIDTH="24" VPOS="2424" HPOS="1850"/><String ID="p346_w998" CONTENT="in" HPOS="1874" VPOS="2424" WIDTH="33" HEIGHT="75" STYLEREFS="font0"/><SP WIDTH="23" VPOS="2424" HPOS="1907"/><String ID="p346_w999" CONTENT="breadth," HPOS="1930" VPOS="2424" WIDTH="149" HEIGHT="75" STYLEREFS="font0"/><SP WIDTH="24" VPOS="2424" HPOS="2079"/><String ID="p346_w1000" CONTENT="and" HPOS="2103" VPOS="2424" WIDTH="63" HEIGHT="75" STYLEREFS="font0"/><SP WIDTH="26" VPOS="2424" HPOS="2166"/><String ID="p346_w1001" CONTENT="termi-" HPOS="2192" VPOS="2424" WIDTH="110" HEIGHT="75" STYLEREFS="font0"/></TextLine><TextLine WIDTH="1034" HEIGHT="75" ID="p346_t115" HPOS="1275" VPOS="2471"><String ID="p346_w1002" CONTENT="nate" HPOS="1275" VPOS="2471" WIDTH="73" HEIGHT="75" STYLEREFS="font0"/><SP WIDTH="16" VPOS="2471" HPOS="1348"/><String ID="p346_w1003" CONTENT="by" HPOS="1364" VPOS="2471" WIDTH="43" HEIGHT="75" STYLEREFS="font0"/><SP WIDTH="17" VPOS="2471" HPOS="1407"/><String ID="p346_w1004" CONTENT="a" HPOS="1424" VPOS="2471" WIDTH="19" HEIGHT="75" STYLEREFS="font0"/><SP WIDTH="15" VPOS="2471" HPOS="1443"/><String ID="p346_w1005" CONTENT="very" HPOS="1458" VPOS="2471" WIDTH="78" HEIGHT="75" STYLEREFS="font0"/><SP WIDTH="20" VPOS="2471" HPOS="1536"/><String ID="p346_w1006" CONTENT="broad" HPOS="1556" VPOS="2471" WIDTH="100" HEIGHT="75" STYLEREFS="font0"/><SP WIDTH="16" VPOS="2471" HPOS="1656"/><String ID="p346_w1007" CONTENT="aponeurofis" HPOS="1672" VPOS="2471" WIDTH="199" HEIGHT="75" STYLEREFS="font0"/><SP WIDTH="17" VPOS="2471" HPOS="1871"/><String ID="p346_w1008" CONTENT="in" HPOS="1888" VPOS="2471" WIDTH="32" HEIGHT="75" STYLEREFS="font0"/><SP WIDTH="17" VPOS="2471" HPOS="1920"/><String ID="p346_w1009" CONTENT="the" HPOS="1937" VPOS="2471" WIDTH="55" HEIGHT="75" STYLEREFS="font0"/><SP WIDTH="16" VPOS="2471" HPOS="1992"/><String ID="p346_w1010" CONTENT="tarfus" HPOS="2008" VPOS="2471" WIDTH="100" HEIGHT="75" STYLEREFS="font0"/><SP WIDTH="13" VPOS="2471" HPOS="2108"/><String ID="p346_w1011" CONTENT="of" HPOS="2121" VPOS="2471" WIDTH="41" HEIGHT="75" STYLEREFS="font0"/><SP WIDTH="11" VPOS="2471" HPOS="2162"/><String ID="p346_w1012" CONTENT="the" HPOS="2173" VPOS="2471" WIDTH="55" HEIGHT="75" STYLEREFS="font0"/><SP WIDTH="22" VPOS="2471" HPOS="2228"/><String ID="p346_w1013" CONTENT="fu-" HPOS="2250" VPOS="2471" WIDTH="59" HEIGHT="75" STYLEREFS="font0"/></TextLine><TextLine WIDTH="283" HEIGHT="75" ID="p346_t116" HPOS="1276" VPOS="2517"><String ID="p346_w1014" CONTENT="perior" HPOS="1276" VPOS="2517" WIDTH="105" HEIGHT="75" STYLEREFS="font0"/><SP WIDTH="14" VPOS="2517" HPOS="1381"/><String ID="p346_w1015" CONTENT="palpebra." HPOS="1395" VPOS="2517" WIDTH="164" HEIGHT="75" STYLEREFS="font0"/></TextLine><TextLine WIDTH="978" HEIGHT="75" ID="p346_t117" HPOS="1325" VPOS="2565"><String ID="p346_w1016" CONTENT="By" HPOS="1325" VPOS="2565" WIDTH="52" HEIGHT="75" STYLEREFS="font0"/><SP WIDTH="15" VPOS="2565" HPOS="1377"/><String ID="p346_w1017" CONTENT="the" HPOS="1392" VPOS="2565" WIDTH="56" HEIGHT="75" STYLEREFS="font0"/><SP WIDTH="16" VPOS="2565" HPOS="1448"/><String ID="p346_w1018" CONTENT="mufculus" HPOS="1464" VPOS="2565" WIDTH="157" HEIGHT="75" STYLEREFS="font0"/><SP WIDTH="16" VPOS="2565" HPOS="1621"/><String ID="p346_w1019" CONTENT="palpebrarum" HPOS="1637" VPOS="2565" WIDTH="221" HEIGHT="75" STYLEREFS="font0"/><SP WIDTH="16" VPOS="2565" HPOS="1858"/><String ID="p346_w1020" CONTENT="obliquus" HPOS="1874" VPOS="2565" WIDTH="150" HEIGHT="75" STYLEREFS="font0"/><SP WIDTH="23" VPOS="2565" HPOS="2024"/><String ID="p346_w1021" CONTENT="we" HPOS="2047" VPOS="2565" WIDTH="50" HEIGHT="75" STYLEREFS="font0"/><SP WIDTH="16" VPOS="2565" HPOS="2097"/><String ID="p346_w1022" CONTENT="underftand" HPOS="2113" VPOS="2565" WIDTH="190" HEIGHT="75" STYLEREFS="font0"/></TextLine><TextLine WIDTH="1023" HEIGHT="75" ID="p346_t118" HPOS="1279" VPOS="2611"><String ID="p346_w1023" CONTENT="all" HPOS="1279" VPOS="2611" WIDTH="41" HEIGHT="75" STYLEREFS="font0"/><SP WIDTH="19" VPOS="2611" HPOS="1320"/><String ID="p346_w1024" CONTENT="that;" HPOS="1339" VPOS="2611" WIDTH="69" HEIGHT="75" STYLEREFS="font0"/><SP WIDTH="16" VPOS="2611" HPOS="1408"/><String ID="p346_w1025" CONTENT="extent" HPOS="1424" VPOS="2611" WIDTH="113" HEIGHT="75" STYLEREFS="font0"/><SP WIDTH="17" VPOS="2611" HPOS="1537"/><String ID="p346_w1026" CONTENT="of" HPOS="1554" VPOS="2611" WIDTH="40" HEIGHT="75" STYLEREFS="font0"/><SP WIDTH="14" VPOS="2611" HPOS="1594"/><String ID="p346_w1027" CONTENT="ftefhy" HPOS="1608" VPOS="2611" WIDTH="98" HEIGHT="75" STYLEREFS="font0"/><SP WIDTH="15" VPOS="2611" HPOS="1706"/><String ID="p346_w1028" CONTENT="fibres," HPOS="1721" VPOS="2611" WIDTH="109" HEIGHT="75" STYLEREFS="font0"/><SP WIDTH="24" VPOS="2611" HPOS="1830"/><String ID="p346_w1029" CONTENT="which" HPOS="1854" VPOS="2611" WIDTH="106" HEIGHT="75" STYLEREFS="font0"/><SP WIDTH="17" VPOS="2611" HPOS="1960"/><String ID="p346_w1030" CONTENT="by" HPOS="1977" VPOS="2611" WIDTH="43" HEIGHT="75" STYLEREFS="font0"/><SP WIDTH="24" VPOS="2611" HPOS="2020"/><String ID="p346_w1031" CONTENT="a" HPOS="2044" VPOS="2611" WIDTH="19" HEIGHT="75" STYLEREFS="font0"/><SP WIDTH="23" VPOS="2611" HPOS="2063"/><String ID="p346_w1032" CONTENT="thin" HPOS="2086" VPOS="2611" WIDTH="70" HEIGHT="75" STYLEREFS="font0"/><SP WIDTH="16" VPOS="2611" HPOS="2156"/><String ID="p346_w1033" CONTENT="ftratum" HPOS="2172" VPOS="2611" WIDTH="130" HEIGHT="75" STYLEREFS="font0"/></TextLine><TextLine WIDTH="1024" HEIGHT="75" ID="p346_t119" HPOS="1278" VPOS="2657"><String ID="p346_w1034" CONTENT="furrounds" HPOS="1278" VPOS="2657" WIDTH="170" HEIGHT="75" STYLEREFS="font0"/><SP WIDTH="17" VPOS="2657" HPOS="1448"/><String ID="p346_w1035" CONTENT="the" HPOS="1465" VPOS="2657" WIDTH="55" HEIGHT="75" STYLEREFS="font0"/><SP WIDTH="17" VPOS="2657" HPOS="1520"/><String ID="p346_w1036" CONTENT="edge" HPOS="1537" VPOS="2657" WIDTH="80" HEIGHT="75" STYLEREFS="font0"/><SP WIDTH="16" VPOS="2657" HPOS="1617"/><String ID="p346_w1037" CONTENT="of" HPOS="1633" VPOS="2657" WIDTH="40" HEIGHT="75" STYLEREFS="font0"/><SP WIDTH="11" VPOS="2657" HPOS="1673"/><String ID="p346_w1038" CONTENT="each" HPOS="1684" VPOS="2657" WIDTH="77" HEIGHT="75" STYLEREFS="font0"/><SP WIDTH="16" VPOS="2657" HPOS="1761"/><String ID="p346_w1039" CONTENT="orbit," HPOS="1777" VPOS="2657" WIDTH="99" HEIGHT="75" STYLEREFS="font0"/><SP WIDTH="17" VPOS="2657" HPOS="1876"/><String ID="p346_w1040" CONTENT="and" HPOS="1893" VPOS="2657" WIDTH="62" HEIGHT="75" STYLEREFS="font0"/><SP WIDTH="15" VPOS="2657" HPOS="1955"/><String ID="p346_w1041" CONTENT="from-thence," HPOS="1970" VPOS="2657" WIDTH="221" HEIGHT="75" STYLEREFS="font0"/><SP WIDTH="16" VPOS="2657" HPOS="2191"/><String ID="p346_w1042" CONTENT="with-" HPOS="2207" VPOS="2657" WIDTH="95" HEIGHT="75" STYLEREFS="font0"/></TextLine><TextLine WIDTH="1024" HEIGHT="75" ID="p346_t120" HPOS="1280" VPOS="2704"><String ID="p346_w1043" CONTENT="out" HPOS="1280" VPOS="2704" WIDTH="56" HEIGHT="75" STYLEREFS="font0"/><SP WIDTH="12" VPOS="2704" HPOS="1336"/><String ID="p346_w1044" CONTENT="any" HPOS="1348" VPOS="2704" WIDTH="62" HEIGHT="75" STYLEREFS="font0"/><SP WIDTH="9" VPOS="2704" HPOS="1410"/><String ID="p346_w1045" CONTENT="interruption," HPOS="1419" VPOS="2704" WIDTH="224" HEIGHT="75" STYLEREFS="font0"/><SP WIDTH="17" VPOS="2704" HPOS="1643"/><String ID="p346_w1046" CONTENT="covers" HPOS="1660" VPOS="2704" WIDTH="111" HEIGHT="75" STYLEREFS="font0"/><SP WIDTH="11" VPOS="2704" HPOS="1771"/><String ID="p346_w1047" CONTENT="the" HPOS="1782" VPOS="2704" WIDTH="55" HEIGHT="75" STYLEREFS="font0"/><SP WIDTH="13" VPOS="2704" HPOS="1837"/><String ID="p346_w1048" CONTENT="two" HPOS="1850" VPOS="2704" WIDTH="65" HEIGHT="75" STYLEREFS="font0"/><SP WIDTH="15" VPOS="2704" HPOS="1915"/><String ID="p346_w1049" CONTENT="palpebrae" HPOS="1930" VPOS="2704" WIDTH="156" HEIGHT="75" STYLEREFS="font0"/><SP WIDTH="17" VPOS="2704" HPOS="2086"/><String ID="p346_w1050" CONTENT="all" HPOS="2103" VPOS="2704" WIDTH="42" HEIGHT="75" STYLEREFS="font0"/><SP WIDTH="15" VPOS="2704" HPOS="2145"/><String ID="p346_w1051" CONTENT="the" HPOS="2160" VPOS="2704" WIDTH="55" HEIGHT="75" STYLEREFS="font0"/><SP WIDTH="16" VPOS="2704" HPOS="2215"/><String ID="p346_w1052" CONTENT="way" HPOS="2231" VPOS="2704" WIDTH="73" HEIGHT="75" STYLEREFS="font0"/></TextLine><TextLine WIDTH="1021" HEIGHT="75" ID="p346_t121" HPOS="1281" VPOS="2751"><String ID="p346_w1053" CONTENT="to" HPOS="1281" VPOS="2751" WIDTH="34" HEIGHT="75" STYLEREFS="font0"/><SP WIDTH="16" VPOS="2751" HPOS="1315"/><String ID="p346_w1054" CONTENT="the" HPOS="1331" VPOS="2751" WIDTH="55" HEIGHT="75" STYLEREFS="font0"/><SP WIDTH="17" VPOS="2751" HPOS="1386"/><String ID="p346_w1055" CONTENT="cilia." HPOS="1403" VPOS="2751" WIDTH="83" HEIGHT="75" STYLEREFS="font0"/><SP WIDTH="49" VPOS="2751" HPOS="1486"/><String ID="p346_w1056" CONTENT="Almoft" HPOS="1535" VPOS="2751" WIDTH="126" HEIGHT="75" STYLEREFS="font0"/><SP WIDTH="19" VPOS="2751" HPOS="1661"/><String ID="p346_w1057" CONTENT="all" HPOS="1680" VPOS="2751" WIDTH="43" HEIGHT="75" STYLEREFS="font0"/><SP WIDTH="16" VPOS="2751" HPOS="1723"/><String ID="p346_w1058" CONTENT="of" HPOS="1739" VPOS="2751" WIDTH="40" HEIGHT="75" STYLEREFS="font0"/><SP WIDTH="11" VPOS="2751" HPOS="1779"/><String ID="p346_w1059" CONTENT="them" HPOS="1790" VPOS="2751" WIDTH="89" HEIGHT="75" STYLEREFS="font0"/><SP WIDTH="16" VPOS="2751" HPOS="1879"/><String ID="p346_w1060" CONTENT="have" HPOS="1895" VPOS="2751" WIDTH="81" HEIGHT="75" STYLEREFS="font0"/><SP WIDTH="16" VPOS="2751" HPOS="1976"/><String ID="p346_w1061" CONTENT="a" HPOS="1992" VPOS="2751" WIDTH="18" HEIGHT="75" STYLEREFS="font0"/><SP WIDTH="16" VPOS="2751" HPOS="2010"/><String ID="p346_w1062" CONTENT="common" HPOS="2026" VPOS="2751" WIDTH="145" HEIGHT="75" STYLEREFS="font0"/><SP WIDTH="13" VPOS="2751" HPOS="2171"/><String ID="p346_w1063" CONTENT="tendon" HPOS="2184" VPOS="2751" WIDTH="118" HEIGHT="75" STYLEREFS="font0"/></TextLine><TextLine WIDTH="1023" HEIGHT="75" ID="p346_t122" HPOS="1279" VPOS="2797"><String ID="p346_w1064" CONTENT="fituated" HPOS="1279" VPOS="2797" WIDTH="132" HEIGHT="75" STYLEREFS="font0"/><SP WIDTH="17" VPOS="2797" HPOS="1411"/><String ID="p346_w1065" CONTENT="tranfverfely" HPOS="1428" VPOS="2797" WIDTH="208" HEIGHT="75" STYLEREFS="font0"/><SP WIDTH="23" VPOS="2797" HPOS="1636"/><String ID="p346_w1066" CONTENT="between" HPOS="1659" VPOS="2797" WIDTH="144" HEIGHT="75" STYLEREFS="font0"/><SP WIDTH="27" VPOS="2797" HPOS="1803"/><String ID="p346_w1067" CONTENT="the" HPOS="1830" VPOS="2797" WIDTH="55" HEIGHT="75" STYLEREFS="font0"/><SP WIDTH="27" VPOS="2797" HPOS="1885"/><String ID="p346_w1068" CONTENT="internal" HPOS="1912" VPOS="2797" WIDTH="136" HEIGHT="75" STYLEREFS="font0"/><SP WIDTH="24" VPOS="2797" HPOS="2048"/><String ID="p346_w1069" CONTENT="angle" HPOS="2072" VPOS="2797" WIDTH="92" HEIGHT="75" STYLEREFS="font0"/><SP WIDTH="20" VPOS="2797" HPOS="2164"/><String ID="p346_w1070" CONTENT="of" HPOS="2184" VPOS="2797" WIDTH="41" HEIGHT="75" STYLEREFS="font0"/><SP WIDTH="20" VPOS="2797" HPOS="2225"/><String ID="p346_w1071" CONTENT="the" HPOS="2245" VPOS="2797" WIDTH="57" HEIGHT="75" STYLEREFS="font0"/></TextLine><TextLine WIDTH="1022" HEIGHT="75" ID="p346_t123" HPOS="1275" VPOS="2845"><String ID="p346_w1072" CONTENT="eye-" HPOS="1275" VPOS="2845" WIDTH="65" HEIGHT="75" STYLEREFS="font0"/><SP WIDTH="17" VPOS="2845" HPOS="1340"/><String ID="p346_w1073" CONTENT="and" HPOS="1357" VPOS="2845" WIDTH="62" HEIGHT="75" STYLEREFS="font0"/><SP WIDTH="18" VPOS="2845" HPOS="1419"/><String ID="p346_w1074" CONTENT="the" HPOS="1437" VPOS="2845" WIDTH="55" HEIGHT="75" STYLEREFS="font0"/><SP WIDTH="27" VPOS="2845" HPOS="1492"/><String ID="p346_w1075" CONTENT="nafal" HPOS="1519" VPOS="2845" WIDTH="85" HEIGHT="75" STYLEREFS="font0"/><SP WIDTH="24" VPOS="2845" HPOS="1604"/><String ID="p346_w1076" CONTENT="apophyfis" HPOS="1628" VPOS="2845" WIDTH="163" HEIGHT="75" STYLEREFS="font0"/><SP WIDTH="16" VPOS="2845" HPOS="1791"/><String ID="p346_w1077" CONTENT="of" HPOS="1807" VPOS="2845" WIDTH="41" HEIGHT="75" STYLEREFS="font0"/><SP WIDTH="10" VPOS="2845" HPOS="1848"/><String ID="p346_w1078" CONTENT="the" HPOS="1858" VPOS="2845" WIDTH="55" HEIGHT="75" STYLEREFS="font0"/><SP WIDTH="17" VPOS="2845" HPOS="1913"/><String ID="p346_w1079" CONTENT="os" HPOS="1930" VPOS="2845" WIDTH="36" HEIGHT="75" STYLEREFS="font0"/><SP WIDTH="17" VPOS="2845" HPOS="1966"/><String ID="p346_w1080" CONTENT="maxillare." HPOS="1983" VPOS="2845" WIDTH="178" HEIGHT="75" STYLEREFS="font0"/><SP WIDTH="49" VPOS="2845" HPOS="2161"/><String ID="p346_w1081" CONTENT="This" HPOS="2210" VPOS="2845" WIDTH="87" HEIGHT="75" STYLEREFS="font0"/></TextLine><TextLine WIDTH="1022" HEIGHT="75" ID="p346_t124" HPOS="1278" VPOS="2891"><String ID="p346_w1082" CONTENT="is" HPOS="1278" VPOS="2891" WIDTH="25" HEIGHT="75" STYLEREFS="font0"/><SP WIDTH="21" VPOS="2891" HPOS="1303"/><String ID="p346_w1083" CONTENT="a" HPOS="1324" VPOS="2891" WIDTH="18" HEIGHT="75" STYLEREFS="font0"/><SP WIDTH="27" VPOS="2891" HPOS="1342"/><String ID="p346_w1084" CONTENT="{lender" HPOS="1369" VPOS="2891" WIDTH="121" HEIGHT="75" STYLEREFS="font0"/><SP WIDTH="26" VPOS="2891" HPOS="1490"/><String ID="p346_w1085" CONTENT="Itgarnentary" HPOS="1516" VPOS="2891" WIDTH="212" HEIGHT="75" STYLEREFS="font0"/><SP WIDTH="27" VPOS="2891" HPOS="1728"/><String ID="p346_w1086" CONTENT="tendon," HPOS="1755" VPOS="2891" WIDTH="131" HEIGHT="75" STYLEREFS="font0"/><SP WIDTH="26" VPOS="2891" HPOS="1886"/><String ID="p346_w1087" CONTENT="ftrongeft" HPOS="1912" VPOS="2891" WIDTH="149" HEIGHT="75" STYLEREFS="font0"/><SP WIDTH="26" VPOS="2891" HPOS="2061"/><String ID="p346_w1088" CONTENT="where" HPOS="2087" VPOS="2891" WIDTH="105" HEIGHT="75" STYLEREFS="font0"/><SP WIDTH="27" VPOS="2891" HPOS="2192"/><String ID="p346_w1089" CONTENT="it" HPOS="2219" VPOS="2891" WIDTH="24" HEIGHT="75" STYLEREFS="font0"/><SP WIDTH="29" VPOS="2891" HPOS="2243"/><String ID="p346_w1090" CONTENT="is" HPOS="2272" VPOS="2891" WIDTH="28" HEIGHT="75" STYLEREFS="font0"/></TextLine><TextLine WIDTH="1030" HEIGHT="75" ID="p346_t125" HPOS="1278" VPOS="2938"><String ID="p346_w1091" CONTENT="fixed" HPOS="1278" VPOS="2938" WIDTH="87" HEIGHT="75" STYLEREFS="font0"/><SP WIDTH="19" VPOS="2938" HPOS="1365"/><String ID="p346_w1092" CONTENT="in" HPOS="1384" VPOS="2938" WIDTH="32" HEIGHT="75" STYLEREFS="font0"/><SP WIDTH="19" VPOS="2938" HPOS="1416"/><String ID="p346_w1093" CONTENT="the" HPOS="1435" VPOS="2938" WIDTH="56" HEIGHT="75" STYLEREFS="font0"/><SP WIDTH="21" VPOS="2938" HPOS="1491"/><String ID="p346_w1094" CONTENT="bone," HPOS="1512" VPOS="2938" WIDTH="98" HEIGHT="75" STYLEREFS="font0"/><SP WIDTH="25" VPOS="2938" HPOS="1610"/><String ID="p346_w1095" CONTENT="and" HPOS="1635" VPOS="2938" WIDTH="63" HEIGHT="75" STYLEREFS="font0"/><SP WIDTH="21" VPOS="2938" HPOS="1698"/><String ID="p346_w1096" CONTENT="dimini/hing" HPOS="1719" VPOS="2938" WIDTH="199" HEIGHT="75" STYLEREFS="font0"/><SP WIDTH="20" VPOS="2938" HPOS="1918"/><String ID="p346_w1097" CONTENT="gradually" HPOS="1938" VPOS="2938" WIDTH="168" HEIGHT="75" STYLEREFS="font0"/><SP WIDTH="26" VPOS="2938" HPOS="2106"/><String ID="p346_w1098" CONTENT="as" HPOS="2132" VPOS="2938" WIDTH="33" HEIGHT="75" STYLEREFS="font0"/><SP WIDTH="27" VPOS="2938" HPOS="2165"/><String ID="p346_w1099" CONTENT="it" HPOS="2192" VPOS="2938" WIDTH="26" HEIGHT="75" STYLEREFS="font0"/><SP WIDTH="27" VPOS="2938" HPOS="2218"/><String ID="p346_w1100" CONTENT="ap-" HPOS="2245" VPOS="2938" WIDTH="63" HEIGHT="75" STYLEREFS="font0"/></TextLine><TextLine WIDTH="1024" HEIGHT="75" ID="p346_t126" HPOS="1276" VPOS="2984"><String ID="p346_w1101" CONTENT="proaches" HPOS="1276" VPOS="2984" WIDTH="154" HEIGHT="75" STYLEREFS="font0"/><SP WIDTH="23" VPOS="2984" HPOS="1430"/><String ID="p346_w1102" CONTENT="the" HPOS="1453" VPOS="2984" WIDTH="56" HEIGHT="75" STYLEREFS="font0"/><SP WIDTH="15" VPOS="2984" HPOS="1509"/><String ID="p346_w1103" CONTENT="angle" HPOS="1524" VPOS="2984" WIDTH="92" HEIGHT="75" STYLEREFS="font0"/><SP WIDTH="16" VPOS="2984" HPOS="1616"/><String ID="p346_w1104" CONTENT="of" HPOS="1632" VPOS="2984" WIDTH="40" HEIGHT="75" STYLEREFS="font0"/><SP WIDTH="17" VPOS="2984" HPOS="1672"/><String ID="p346_w1105" CONTENT="the" HPOS="1689" VPOS="2984" WIDTH="56" HEIGHT="75" STYLEREFS="font0"/><SP WIDTH="15" VPOS="2984" HPOS="1745"/><String ID="p346_w1106" CONTENT="palpebrae," HPOS="1760" VPOS="2984" WIDTH="171" HEIGHT="75" STYLEREFS="font0"/><SP WIDTH="25" VPOS="2984" HPOS="1931"/><String ID="p346_w1107" CONTENT="where" HPOS="1956" VPOS="2984" WIDTH="106" HEIGHT="75" STYLEREFS="font0"/><SP WIDTH="14" VPOS="2984" HPOS="2062"/><String ID="p346_w1108" CONTENT="it" HPOS="2076" VPOS="2984" WIDTH="28" HEIGHT="75" STYLEREFS="font0"/><SP WIDTH="13" VPOS="2984" HPOS="2104"/><String ID="p346_w1109" CONTENT="terminates" HPOS="2117" VPOS="2984" WIDTH="183" HEIGHT="75" STYLEREFS="font0"/></TextLine><TextLine WIDTH="34" HEIGHT="75" ID="p346_t127" HPOS="2265" VPOS="3026"><String ID="p346_w1110" CONTENT="at" HPOS="2265" VPOS="3026" WIDTH="34" HEIGHT="75" STYLEREFS="font0"/></TextLine></PrintSpace></Page></Layout></alto>