<?xml version="1.0" encoding="UTF-8"?>
<alto xmlns="http://www.loc.gov/standards/alto/v3/alto.xsd"><Description><MeasurementUnit>pixel</MeasurementUnit><sourceImageInformation><fileName>./data/pdfs/c_188936619/i_144133901/188082693.23.pdf</fileName></sourceImageInformation><OCRProcessing ID="IdOcr"><ocrProcessingStep><processingDateTime>Fri Jul 12 10:36:23 2019
</processingDateTime><processingSoftware><softwareCreator>CONTRIBUTORS</softwareCreator><softwareName>pdfalto</softwareName><softwareVersion>0.1</softwareVersion></processingSoftware></ocrProcessingStep></OCRProcessing></Description><Styles><TextStyle ID="font0" FONTFAMILY="times" FONTSIZE="10.000" FONTTYPE="serif" FONTWIDTH="proportional" FONTCOLOR="#WWWWWW" FONTSTYLE=""/></Styles><Layout><Page ID="Page76" PHYSICAL_IMG_NR="76" WIDTH="2406" HEIGHT="3327"><PrintSpace><TextLine WIDTH="56" HEIGHT="75" ID="p76_t1" HPOS="198" VPOS="141"><String ID="p76_w1" CONTENT="$0" HPOS="198" VPOS="141" WIDTH="56" HEIGHT="75" STYLEREFS="font0"/></TextLine><TextLine WIDTH="599" HEIGHT="75" ID="p76_t2" HPOS="655" VPOS="141"><String ID="p76_w2" CONTENT="A" HPOS="655" VPOS="141" WIDTH="43" HEIGHT="75" STYLEREFS="font0"/><SP WIDTH="76" VPOS="141" HPOS="698"/><String ID="p76_w3" CONTENT="G" HPOS="774" VPOS="141" WIDTH="41" HEIGHT="75" STYLEREFS="font0"/><SP WIDTH="76" VPOS="141" HPOS="815"/><String ID="p76_w4" CONTENT="R" HPOS="891" VPOS="141" WIDTH="38" HEIGHT="75" STYLEREFS="font0"/><SP WIDTH="76" VPOS="141" HPOS="929"/><String ID="p76_w5" CONTENT="I" HPOS="1005" VPOS="141" WIDTH="20" HEIGHT="75" STYLEREFS="font0"/><SP WIDTH="79" VPOS="141" HPOS="1025"/><String ID="p76_w6" CONTENT="C" HPOS="1104" VPOS="141" WIDTH="36" HEIGHT="75" STYLEREFS="font0"/><SP WIDTH="78" VPOS="141" HPOS="1140"/><String ID="p76_w7" CONTENT="t" HPOS="1218" VPOS="141" WIDTH="36" HEIGHT="75" STYLEREFS="font0"/></TextLine><TextLine WIDTH="1051" HEIGHT="75" ID="p76_t3" HPOS="197" VPOS="214"><String ID="p76_w8" CONTENT="manuring." HPOS="197" VPOS="214" WIDTH="179" HEIGHT="75" STYLEREFS="font0"/><SP WIDTH="31" VPOS="214" HPOS="376"/><String ID="p76_w9" CONTENT="The" HPOS="407" VPOS="214" WIDTH="77" HEIGHT="75" STYLEREFS="font0"/><SP WIDTH="15" VPOS="214" HPOS="484"/><String ID="p76_w10" CONTENT="firmnefs" HPOS="499" VPOS="214" WIDTH="141" HEIGHT="75" STYLEREFS="font0"/><SP WIDTH="26" VPOS="214" HPOS="640"/><String ID="p76_w11" CONTENT="of" HPOS="666" VPOS="214" WIDTH="41" HEIGHT="75" STYLEREFS="font0"/><SP WIDTH="22" VPOS="214" HPOS="707"/><String ID="p76_w12" CONTENT="the" HPOS="729" VPOS="214" WIDTH="57" HEIGHT="75" STYLEREFS="font0"/><SP WIDTH="15" VPOS="214" HPOS="786"/><String ID="p76_w13" CONTENT="furface" HPOS="801" VPOS="214" WIDTH="122" HEIGHT="75" STYLEREFS="font0"/><SP WIDTH="16" VPOS="214" HPOS="923"/><String ID="p76_w14" CONTENT="prevents" HPOS="939" VPOS="214" WIDTH="149" HEIGHT="75" STYLEREFS="font0"/><SP WIDTH="17" VPOS="214" HPOS="1088"/><String ID="p76_w15" CONTENT="any" HPOS="1105" VPOS="214" WIDTH="62" HEIGHT="75" STYLEREFS="font0"/><SP WIDTH="23" VPOS="214" HPOS="1167"/><String ID="p76_w16" CONTENT="of" HPOS="1190" VPOS="214" WIDTH="40" HEIGHT="75" STYLEREFS="font0"/><SP WIDTH="12" VPOS="214" HPOS="1230"/><String ID="p76_w17" CONTENT="•" HPOS="1242" VPOS="214" WIDTH="6" HEIGHT="75" STYLEREFS="font0"/></TextLine><TextLine WIDTH="1026" HEIGHT="75" ID="p76_t4" HPOS="198" VPOS="261"><String ID="p76_w18" CONTENT="the" HPOS="198" VPOS="261" WIDTH="56" HEIGHT="75" STYLEREFS="font0"/><SP WIDTH="16" VPOS="261" HPOS="254"/><String ID="p76_w19" CONTENT="foil" HPOS="270" VPOS="261" WIDTH="58" HEIGHT="75" STYLEREFS="font0"/><SP WIDTH="17" VPOS="261" HPOS="328"/><String ID="p76_w20" CONTENT="from" HPOS="345" VPOS="261" WIDTH="83" HEIGHT="75" STYLEREFS="font0"/><SP WIDTH="15" VPOS="261" HPOS="428"/><String ID="p76_w21" CONTENT="being" HPOS="443" VPOS="261" WIDTH="95" HEIGHT="75" STYLEREFS="font0"/><SP WIDTH="15" VPOS="261" HPOS="538"/><String ID="p76_w22" CONTENT="carried" HPOS="553" VPOS="261" WIDTH="125" HEIGHT="75" STYLEREFS="font0"/><SP WIDTH="15" VPOS="261" HPOS="678"/><String ID="p76_w23" CONTENT="off" HPOS="693" VPOS="261" WIDTH="51" HEIGHT="75" STYLEREFS="font0"/><SP WIDTH="19" VPOS="261" HPOS="744"/><String ID="p76_w24" CONTENT="when" HPOS="763" VPOS="261" WIDTH="93" HEIGHT="75" STYLEREFS="font0"/><SP WIDTH="17" VPOS="261" HPOS="856"/><String ID="p76_w25" CONTENT="the" HPOS="873" VPOS="261" WIDTH="55" HEIGHT="75" STYLEREFS="font0"/><SP WIDTH="21" VPOS="261" HPOS="928"/><String ID="p76_w26" CONTENT="water" HPOS="949" VPOS="261" WIDTH="100" HEIGHT="75" STYLEREFS="font0"/><SP WIDTH="22" VPOS="261" HPOS="1049"/><String ID="p76_w27" CONTENT="is" HPOS="1071" VPOS="261" WIDTH="27" HEIGHT="75" STYLEREFS="font0"/><SP WIDTH="20" VPOS="261" HPOS="1098"/><String ID="p76_w28" CONTENT="drain-" HPOS="1118" VPOS="261" WIDTH="106" HEIGHT="75" STYLEREFS="font0"/></TextLine><TextLine WIDTH="1026" HEIGHT="75" ID="p76_t5" HPOS="198" VPOS="307"><String ID="p76_w29" CONTENT="ing," HPOS="198" VPOS="307" WIDTH="67" HEIGHT="75" STYLEREFS="font0"/><SP WIDTH="26" VPOS="307" HPOS="265"/><String ID="p76_w30" CONTENT="and" HPOS="291" VPOS="307" WIDTH="61" HEIGHT="75" STYLEREFS="font0"/><SP WIDTH="22" VPOS="307" HPOS="352"/><String ID="p76_w31" CONTENT="the" HPOS="374" VPOS="307" WIDTH="56" HEIGHT="75" STYLEREFS="font0"/><SP WIDTH="21" VPOS="307" HPOS="430"/><String ID="p76_w32" CONTENT="grafs" HPOS="451" VPOS="307" WIDTH="85" HEIGHT="75" STYLEREFS="font0"/><SP WIDTH="24" VPOS="307" HPOS="536"/><String ID="p76_w33" CONTENT="intangles" HPOS="560" VPOS="307" WIDTH="155" HEIGHT="75" STYLEREFS="font0"/><SP WIDTH="17" VPOS="307" HPOS="715"/><String ID="p76_w34" CONTENT="the" HPOS="732" VPOS="307" WIDTH="56" HEIGHT="75" STYLEREFS="font0"/><SP WIDTH="16" VPOS="307" HPOS="788"/><String ID="p76_w35" CONTENT="mud," HPOS="804" VPOS="307" WIDTH="90" HEIGHT="75" STYLEREFS="font0"/><SP WIDTH="26" VPOS="307" HPOS="894"/><String ID="p76_w36" CONTENT="&lt;&amp;c." HPOS="920" VPOS="307" WIDTH="65" HEIGHT="75" STYLEREFS="font0"/><SP WIDTH="26" VPOS="307" HPOS="985"/><String ID="p76_w37" CONTENT="and" HPOS="1011" VPOS="307" WIDTH="63" HEIGHT="75" STYLEREFS="font0"/><SP WIDTH="21" VPOS="307" HPOS="1074"/><String ID="p76_w38" CONTENT="hinders" HPOS="1095" VPOS="307" WIDTH="129" HEIGHT="75" STYLEREFS="font0"/></TextLine><TextLine WIDTH="700" HEIGHT="75" ID="p76_t6" HPOS="200" VPOS="354"><String ID="p76_w39" CONTENT="them" HPOS="200" VPOS="354" WIDTH="89" HEIGHT="75" STYLEREFS="font0"/><SP WIDTH="15" VPOS="354" HPOS="289"/><String ID="p76_w40" CONTENT="from" HPOS="304" VPOS="354" WIDTH="86" HEIGHT="75" STYLEREFS="font0"/><SP WIDTH="15" VPOS="354" HPOS="390"/><String ID="p76_w41" CONTENT="going" HPOS="405" VPOS="354" WIDTH="96" HEIGHT="75" STYLEREFS="font0"/><SP WIDTH="12" VPOS="354" HPOS="501"/><String ID="p76_w42" CONTENT="along" HPOS="513" VPOS="354" WIDTH="93" HEIGHT="75" STYLEREFS="font0"/><SP WIDTH="19" VPOS="354" HPOS="606"/><String ID="p76_w43" CONTENT="with" HPOS="625" VPOS="354" WIDTH="76" HEIGHT="75" STYLEREFS="font0"/><SP WIDTH="16" VPOS="354" HPOS="701"/><String ID="p76_w44" CONTENT="the" HPOS="717" VPOS="354" WIDTH="55" HEIGHT="75" STYLEREFS="font0"/><SP WIDTH="17" VPOS="354" HPOS="772"/><String ID="p76_w45" CONTENT="water." HPOS="789" VPOS="354" WIDTH="111" HEIGHT="75" STYLEREFS="font0"/></TextLine><TextLine WIDTH="983" HEIGHT="75" ID="p76_t7" HPOS="246" VPOS="399"><String ID="p76_w46" CONTENT="This" HPOS="246" VPOS="399" WIDTH="86" HEIGHT="75" STYLEREFS="font0"/><SP WIDTH="16" VPOS="399" HPOS="332"/><String ID="p76_w47" CONTENT="operation" HPOS="348" VPOS="399" WIDTH="161" HEIGHT="75" STYLEREFS="font0"/><SP WIDTH="17" VPOS="399" HPOS="509"/><String ID="p76_w48" CONTENT="Ihould" HPOS="526" VPOS="399" WIDTH="112" HEIGHT="75" STYLEREFS="font0"/><SP WIDTH="15" VPOS="399" HPOS="638"/><String ID="p76_w49" CONTENT="be" HPOS="653" VPOS="399" WIDTH="40" HEIGHT="75" STYLEREFS="font0"/><SP WIDTH="15" VPOS="399" HPOS="693"/><String ID="p76_w50" CONTENT="performed" HPOS="708" VPOS="399" WIDTH="184" HEIGHT="75" STYLEREFS="font0"/><SP WIDTH="15" VPOS="399" HPOS="892"/><String ID="p76_w51" CONTENT="in" HPOS="907" VPOS="399" WIDTH="33" HEIGHT="75" STYLEREFS="font0"/><SP WIDTH="16" VPOS="399" HPOS="940"/><String ID="p76_w52" CONTENT="the" HPOS="956" VPOS="399" WIDTH="55" HEIGHT="75" STYLEREFS="font0"/><SP WIDTH="17" VPOS="399" HPOS="1011"/><String ID="p76_w53" CONTENT="fpring." HPOS="1028" VPOS="399" WIDTH="119" HEIGHT="75" STYLEREFS="font0"/><SP WIDTH="40" VPOS="399" HPOS="1147"/><String ID="p76_w54" CONTENT="In" HPOS="1187" VPOS="399" WIDTH="42" HEIGHT="75" STYLEREFS="font0"/></TextLine><TextLine WIDTH="1028" HEIGHT="75" ID="p76_t8" HPOS="201" VPOS="447"><String ID="p76_w55" CONTENT="that" HPOS="201" VPOS="447" WIDTH="70" HEIGHT="75" STYLEREFS="font0"/><SP WIDTH="26" VPOS="447" HPOS="271"/><String ID="p76_w56" CONTENT="feafon" HPOS="297" VPOS="447" WIDTH="107" HEIGHT="75" STYLEREFS="font0"/><SP WIDTH="27" VPOS="447" HPOS="404"/><String ID="p76_w57" CONTENT="grafs-lands" HPOS="431" VPOS="447" WIDTH="195" HEIGHT="75" STYLEREFS="font0"/><SP WIDTH="35" VPOS="447" HPOS="626"/><String ID="p76_w58" CONTENT="fuffer" HPOS="661" VPOS="447" WIDTH="97" HEIGHT="75" STYLEREFS="font0"/><SP WIDTH="33" VPOS="447" HPOS="758"/><String ID="p76_w59" CONTENT="lead" HPOS="791" VPOS="447" WIDTH="76" HEIGHT="75" STYLEREFS="font0"/><SP WIDTH="33" VPOS="447" HPOS="867"/><String ID="p76_w60" CONTENT="from" HPOS="900" VPOS="447" WIDTH="85" HEIGHT="75" STYLEREFS="font0"/><SP WIDTH="27" VPOS="447" HPOS="985"/><String ID="p76_w61" CONTENT="being" HPOS="1012" VPOS="447" WIDTH="95" HEIGHT="75" STYLEREFS="font0"/><SP WIDTH="20" VPOS="447" HPOS="1107"/><String ID="p76_w62" CONTENT="•over-" HPOS="1127" VPOS="447" WIDTH="102" HEIGHT="75" STYLEREFS="font0"/></TextLine><TextLine WIDTH="130" HEIGHT="75" ID="p76_t9" HPOS="199" VPOS="494"><String ID="p76_w63" CONTENT="sowed." HPOS="199" VPOS="494" WIDTH="130" HEIGHT="75" STYLEREFS="font0"/></TextLine><TextLine WIDTH="1022" HEIGHT="75" ID="p76_t10" HPOS="203" VPOS="632"><String ID="p76_w64" CONTENT="Sect." HPOS="203" VPOS="632" WIDTH="159" HEIGHT="75" STYLEREFS="font0"/><SP WIDTH="31" VPOS="632" HPOS="362"/><String ID="p76_w65" CONTENT="Ill," HPOS="393" VPOS="632" WIDTH="70" HEIGHT="75" STYLEREFS="font0"/><SP WIDTH="52" VPOS="632" HPOS="463"/><String ID="p76_w66" CONTENT="Of" HPOS="515" VPOS="632" WIDTH="68" HEIGHT="75" STYLEREFS="font0"/><SP WIDTH="22" VPOS="632" HPOS="583"/><String ID="p76_w67" CONTENT="Soils" HPOS="605" VPOS="632" WIDTH="145" HEIGHT="75" STYLEREFS="font0"/><SP WIDTH="24" VPOS="632" HPOS="750"/><String ID="p76_w68" CONTENT="with" HPOS="774" VPOS="632" WIDTH="139" HEIGHT="75" STYLEREFS="font0"/><SP WIDTH="25" VPOS="632" HPOS="913"/><String ID="p76_w69" CONTENT="respect" HPOS="938" VPOS="632" WIDTH="200" HEIGHT="75" STYLEREFS="font0"/><SP WIDTH="24" VPOS="632" HPOS="1138"/><String ID="p76_w70" CONTENT="to" HPOS="1162" VPOS="632" WIDTH="63" HEIGHT="75" STYLEREFS="font0"/></TextLine><TextLine WIDTH="239" HEIGHT="75" ID="p76_t11" HPOS="594" VPOS="692"><String ID="p76_w71" CONTENT="Manures." HPOS="594" VPOS="692" WIDTH="239" HEIGHT="75" STYLEREFS="font0"/></TextLine><TextLine WIDTH="979" HEIGHT="75" ID="p76_t12" HPOS="251" VPOS="785"><String ID="p76_w72" CONTENT="Soils" HPOS="251" VPOS="785" WIDTH="114" HEIGHT="75" STYLEREFS="font0"/><SP WIDTH="18" VPOS="785" HPOS="365"/><String ID="p76_w73" CONTENT="are" HPOS="383" VPOS="785" WIDTH="54" HEIGHT="75" STYLEREFS="font0"/><SP WIDTH="15" VPOS="785" HPOS="437"/><String ID="p76_w74" CONTENT="very" HPOS="452" VPOS="785" WIDTH="79" HEIGHT="75" STYLEREFS="font0"/><SP WIDTH="14" VPOS="785" HPOS="531"/><String ID="p76_w75" CONTENT="different" HPOS="545" VPOS="785" WIDTH="151" HEIGHT="75" STYLEREFS="font0"/><SP WIDTH="15" VPOS="785" HPOS="696"/><String ID="p76_w76" CONTENT="in" HPOS="711" VPOS="785" WIDTH="33" HEIGHT="75" STYLEREFS="font0"/><SP WIDTH="16" VPOS="785" HPOS="744"/><String ID="p76_w77" CONTENT="their" HPOS="760" VPOS="785" WIDTH="85" HEIGHT="75" STYLEREFS="font0"/><SP WIDTH="16" VPOS="785" HPOS="845"/><String ID="p76_w78" CONTENT="natures," HPOS="861" VPOS="785" WIDTH="142" HEIGHT="75" STYLEREFS="font0"/><SP WIDTH="18" VPOS="785" HPOS="1003"/><String ID="p76_w79" CONTENT="and" HPOS="1021" VPOS="785" WIDTH="63" HEIGHT="75" STYLEREFS="font0"/><SP WIDTH="16" VPOS="785" HPOS="1084"/><String ID="p76_w80" CONTENT="compo-" HPOS="1100" VPOS="785" WIDTH="130" HEIGHT="75" STYLEREFS="font0"/></TextLine><TextLine WIDTH="1027" HEIGHT="75" ID="p76_t13" HPOS="204" VPOS="830"><String ID="p76_w81" CONTENT="fed" HPOS="204" VPOS="830" WIDTH="55" HEIGHT="75" STYLEREFS="font0"/><SP WIDTH="18" VPOS="830" HPOS="259"/><String ID="p76_w82" CONTENT="of" HPOS="277" VPOS="830" WIDTH="41" HEIGHT="75" STYLEREFS="font0"/><SP WIDTH="20" VPOS="830" HPOS="318"/><String ID="p76_w83" CONTENT="Very" HPOS="338" VPOS="830" WIDTH="80" HEIGHT="75" STYLEREFS="font0"/><SP WIDTH="22" VPOS="830" HPOS="418"/><String ID="p76_w84" CONTENT="different" HPOS="440" VPOS="830" WIDTH="150" HEIGHT="75" STYLEREFS="font0"/><SP WIDTH="27" VPOS="830" HPOS="590"/><String ID="p76_w85" CONTENT="ingredients:" HPOS="617" VPOS="830" WIDTH="209" HEIGHT="75" STYLEREFS="font0"/><SP WIDTH="52" VPOS="830" HPOS="826"/><String ID="p76_w86" CONTENT="Some" HPOS="878" VPOS="830" WIDTH="97" HEIGHT="75" STYLEREFS="font0"/><SP WIDTH="27" VPOS="830" HPOS="975"/><String ID="p76_w87" CONTENT="foils" HPOS="1002" VPOS="830" WIDTH="73" HEIGHT="75" STYLEREFS="font0"/><SP WIDTH="29" VPOS="830" HPOS="1075"/><String ID="p76_w88" CONTENT="contain" HPOS="1104" VPOS="830" WIDTH="127" HEIGHT="75" STYLEREFS="font0"/></TextLine><TextLine WIDTH="1027" HEIGHT="75" ID="p76_t14" HPOS="203" VPOS="880"><String ID="p76_w89" CONTENT="more," HPOS="203" VPOS="880" WIDTH="102" HEIGHT="75" STYLEREFS="font0"/><SP WIDTH="19" VPOS="880" HPOS="305"/><String ID="p76_w90" CONTENT="and" HPOS="324" VPOS="880" WIDTH="62" HEIGHT="75" STYLEREFS="font0"/><SP WIDTH="15" VPOS="880" HPOS="386"/><String ID="p76_w91" CONTENT="others" HPOS="401" VPOS="880" WIDTH="110" HEIGHT="75" STYLEREFS="font0"/><SP WIDTH="20" VPOS="880" HPOS="511"/><String ID="p76_w92" CONTENT="lefs," HPOS="531" VPOS="880" WIDTH="73" HEIGHT="75" STYLEREFS="font0"/><SP WIDTH="19" VPOS="880" HPOS="604"/><String ID="p76_w93" CONTENT="of" HPOS="623" VPOS="880" WIDTH="40" HEIGHT="75" STYLEREFS="font0"/><SP WIDTH="12" VPOS="880" HPOS="663"/><String ID="p76_w94" CONTENT="the" HPOS="675" VPOS="880" WIDTH="55" HEIGHT="75" STYLEREFS="font0"/><SP WIDTH="16" VPOS="880" HPOS="730"/><String ID="p76_w95" CONTENT="food" HPOS="746" VPOS="880" WIDTH="80" HEIGHT="75" STYLEREFS="font0"/><SP WIDTH="16" VPOS="880" HPOS="826"/><String ID="p76_w96" CONTENT="neceflVny" HPOS="842" VPOS="880" WIDTH="158" HEIGHT="75" STYLEREFS="font0"/><SP WIDTH="16" VPOS="880" HPOS="1000"/><String ID="p76_w97" CONTENT="for" HPOS="1016" VPOS="880" WIDTH="53" HEIGHT="75" STYLEREFS="font0"/><SP WIDTH="11" VPOS="880" HPOS="1069"/><String ID="p76_w98" CONTENT="the" HPOS="1080" VPOS="880" WIDTH="55" HEIGHT="75" STYLEREFS="font0"/><SP WIDTH="16" VPOS="880" HPOS="1135"/><String ID="p76_w99" CONTENT="nou-" HPOS="1151" VPOS="880" WIDTH="79" HEIGHT="75" STYLEREFS="font0"/></TextLine><TextLine WIDTH="1027" HEIGHT="75" ID="p76_t15" HPOS="204" VPOS="923"><String ID="p76_w100" CONTENT="riihment" HPOS="204" VPOS="923" WIDTH="149" HEIGHT="75" STYLEREFS="font0"/><SP WIDTH="17" VPOS="923" HPOS="353"/><String ID="p76_w101" CONTENT="of" HPOS="370" VPOS="923" WIDTH="39" HEIGHT="75" STYLEREFS="font0"/><SP WIDTH="11" VPOS="923" HPOS="409"/><String ID="p76_w102" CONTENT="plants." HPOS="420" VPOS="923" WIDTH="118" HEIGHT="75" STYLEREFS="font0"/><SP WIDTH="48" VPOS="923" HPOS="538"/><String ID="p76_w103" CONTENT="It" HPOS="586" VPOS="923" WIDTH="33" HEIGHT="75" STYLEREFS="font0"/><SP WIDTH="16" VPOS="923" HPOS="619"/><String ID="p76_w104" CONTENT="is" HPOS="635" VPOS="923" WIDTH="26" HEIGHT="75" STYLEREFS="font0"/><SP WIDTH="24" VPOS="923" HPOS="661"/><String ID="p76_w105" CONTENT="neceflary" HPOS="685" VPOS="923" WIDTH="161" HEIGHT="75" STYLEREFS="font0"/><SP WIDTH="16" VPOS="923" HPOS="846"/><String ID="p76_w106" CONTENT="to" HPOS="862" VPOS="923" WIDTH="35" HEIGHT="75" STYLEREFS="font0"/><SP WIDTH="20" VPOS="923" HPOS="897"/><String ID="p76_w107" CONTENT="inquire" HPOS="917" VPOS="923" WIDTH="124" HEIGHT="75" STYLEREFS="font0"/><SP WIDTH="17" VPOS="923" HPOS="1041"/><String ID="p76_w108" CONTENT="into" HPOS="1058" VPOS="923" WIDTH="68" HEIGHT="75" STYLEREFS="font0"/><SP WIDTH="18" VPOS="923" HPOS="1126"/><String ID="p76_w109" CONTENT="thefe" HPOS="1144" VPOS="923" WIDTH="87" HEIGHT="75" STYLEREFS="font0"/></TextLine><TextLine WIDTH="1028" HEIGHT="75" ID="p76_t16" HPOS="204" VPOS="971"><String ID="p76_w110" CONTENT="differences," HPOS="204" VPOS="971" WIDTH="200" HEIGHT="75" STYLEREFS="font0"/><SP WIDTH="26" VPOS="971" HPOS="404"/><String ID="p76_w111" CONTENT="in" HPOS="430" VPOS="971" WIDTH="31" HEIGHT="75" STYLEREFS="font0"/><SP WIDTH="16" VPOS="971" HPOS="461"/><String ID="p76_w112" CONTENT="order" HPOS="477" VPOS="971" WIDTH="95" HEIGHT="75" STYLEREFS="font0"/><SP WIDTH="16" VPOS="971" HPOS="572"/><String ID="p76_w113" CONTENT="to" HPOS="588" VPOS="971" WIDTH="35" HEIGHT="75" STYLEREFS="font0"/><SP WIDTH="15" VPOS="971" HPOS="623"/><String ID="p76_w114" CONTENT="difcoyer" HPOS="638" VPOS="971" WIDTH="143" HEIGHT="75" STYLEREFS="font0"/><SP WIDTH="16" VPOS="971" HPOS="781"/><String ID="p76_w115" CONTENT="what" HPOS="797" VPOS="971" WIDTH="87" HEIGHT="75" STYLEREFS="font0"/><SP WIDTH="16" VPOS="971" HPOS="884"/><String ID="p76_w116" CONTENT="manures" HPOS="900" VPOS="971" WIDTH="146" HEIGHT="75" STYLEREFS="font0"/><SP WIDTH="29" VPOS="971" HPOS="1046"/><String ID="p76_w117" CONTENT="are" HPOS="1075" VPOS="971" WIDTH="54" HEIGHT="75" STYLEREFS="font0"/><SP WIDTH="23" VPOS="971" HPOS="1129"/><String ID="p76_w118" CONTENT="moft" HPOS="1152" VPOS="971" WIDTH="80" HEIGHT="75" STYLEREFS="font0"/></TextLine><TextLine WIDTH="382" HEIGHT="75" ID="p76_t17" HPOS="205" VPOS="1017"><String ID="p76_w119" CONTENT="proper" HPOS="205" VPOS="1017" WIDTH="116" HEIGHT="75" STYLEREFS="font0"/><SP WIDTH="14" VPOS="1017" HPOS="321"/><String ID="p76_w120" CONTENT="for" HPOS="335" VPOS="1017" WIDTH="52" HEIGHT="75" STYLEREFS="font0"/><SP WIDTH="16" VPOS="1017" HPOS="387"/><String ID="p76_w121" CONTENT="each" HPOS="403" VPOS="1017" WIDTH="78" HEIGHT="75" STYLEREFS="font0"/><SP WIDTH="16" VPOS="1017" HPOS="481"/><String ID="p76_w122" CONTENT="kind." HPOS="497" VPOS="1017" WIDTH="90" HEIGHT="75" STYLEREFS="font0"/></TextLine><TextLine WIDTH="981" HEIGHT="75" ID="p76_t18" HPOS="251" VPOS="1063"><String ID="p76_w123" CONTENT="The" HPOS="251" VPOS="1063" WIDTH="76" HEIGHT="75" STYLEREFS="font0"/><SP WIDTH="27" VPOS="1063" HPOS="327"/><String ID="p76_w124" CONTENT="foils" HPOS="354" VPOS="1063" WIDTH="74" HEIGHT="75" STYLEREFS="font0"/><SP WIDTH="25" VPOS="1063" HPOS="428"/><String ID="p76_w125" CONTENT="moft" HPOS="453" VPOS="1063" WIDTH="79" HEIGHT="75" STYLEREFS="font0"/><SP WIDTH="25" VPOS="1063" HPOS="532"/><String ID="p76_w126" CONTENT="common" HPOS="557" VPOS="1063" WIDTH="147" HEIGHT="75" STYLEREFS="font0"/><SP WIDTH="27" VPOS="1063" HPOS="704"/><String ID="p76_w127" CONTENT="in" HPOS="731" VPOS="1063" WIDTH="33" HEIGHT="75" STYLEREFS="font0"/><SP WIDTH="30" VPOS="1063" HPOS="764"/><String ID="p76_w128" CONTENT="Scotland" HPOS="794" VPOS="1063" WIDTH="154" HEIGHT="75" STYLEREFS="font0"/><SP WIDTH="26" VPOS="1063" HPOS="948"/><String ID="p76_w129" CONTENT="are" HPOS="974" VPOS="1063" WIDTH="53" HEIGHT="75" STYLEREFS="font0"/><SP WIDTH="25" VPOS="1063" HPOS="1027"/><String ID="p76_w130" CONTENT="the" HPOS="1052" VPOS="1063" WIDTH="56" HEIGHT="75" STYLEREFS="font0"/><SP WIDTH="29" VPOS="1063" HPOS="1108"/><String ID="p76_w131" CONTENT="black" HPOS="1137" VPOS="1063" WIDTH="95" HEIGHT="75" STYLEREFS="font0"/></TextLine><TextLine WIDTH="1028" HEIGHT="75" ID="p76_t19" HPOS="204" VPOS="1108"><String ID="p76_w132" CONTENT="loamy," HPOS="204" VPOS="1108" WIDTH="119" HEIGHT="75" STYLEREFS="font0"/><SP WIDTH="25" VPOS="1108" HPOS="323"/><String ID="p76_w133" CONTENT="the" HPOS="348" VPOS="1108" WIDTH="55" HEIGHT="75" STYLEREFS="font0"/><SP WIDTH="28" VPOS="1108" HPOS="403"/><String ID="p76_w134" CONTENT="clay," HPOS="431" VPOS="1108" WIDTH="83" HEIGHT="75" STYLEREFS="font0"/><SP WIDTH="24" VPOS="1108" HPOS="514"/><String ID="p76_w135" CONTENT="the" HPOS="538" VPOS="1108" WIDTH="57" HEIGHT="75" STYLEREFS="font0"/><SP WIDTH="26" VPOS="1108" HPOS="595"/><String ID="p76_w136" CONTENT="fandy," HPOS="621" VPOS="1108" WIDTH="113" HEIGHT="75" STYLEREFS="font0"/><SP WIDTH="21" VPOS="1108" HPOS="734"/><String ID="p76_w137" CONTENT="and" HPOS="755" VPOS="1108" WIDTH="64" HEIGHT="75" STYLEREFS="font0"/><SP WIDTH="15" VPOS="1108" HPOS="819"/><String ID="p76_w138" CONTENT="the" HPOS="834" VPOS="1108" WIDTH="55" HEIGHT="75" STYLEREFS="font0"/><SP WIDTH="16" VPOS="1108" HPOS="889"/><String ID="p76_w139" CONTENT="moffy." HPOS="905" VPOS="1108" WIDTH="110" HEIGHT="75" STYLEREFS="font0"/><SP WIDTH="66" VPOS="1108" HPOS="1015"/><String ID="p76_w140" CONTENT="Of" HPOS="1081" VPOS="1108" WIDTH="53" HEIGHT="75" STYLEREFS="font0"/><SP WIDTH="11" VPOS="1108" HPOS="1134"/><String ID="p76_w141" CONTENT="thefe" HPOS="1145" VPOS="1108" WIDTH="87" HEIGHT="75" STYLEREFS="font0"/></TextLine><TextLine WIDTH="1027" HEIGHT="75" ID="p76_t20" HPOS="205" VPOS="1156"><String ID="p76_w142" CONTENT="there" HPOS="205" VPOS="1156" WIDTH="89" HEIGHT="75" STYLEREFS="font0"/><SP WIDTH="18" VPOS="1156" HPOS="294"/><String ID="p76_w143" CONTENT="are" HPOS="312" VPOS="1156" WIDTH="53" HEIGHT="75" STYLEREFS="font0"/><SP WIDTH="22" VPOS="1156" HPOS="365"/><String ID="p76_w144" CONTENT="many" HPOS="387" VPOS="1156" WIDTH="96" HEIGHT="75" STYLEREFS="font0"/><SP WIDTH="15" VPOS="1156" HPOS="483"/><String ID="p76_w145" CONTENT="varieties," HPOS="498" VPOS="1156" WIDTH="160" HEIGHT="75" STYLEREFS="font0"/><SP WIDTH="17" VPOS="1156" HPOS="658"/><String ID="p76_w146" CONTENT="according" HPOS="675" VPOS="1156" WIDTH="172" HEIGHT="75" STYLEREFS="font0"/><SP WIDTH="17" VPOS="1156" HPOS="847"/><String ID="p76_w147" CONTENT="to" HPOS="864" VPOS="1156" WIDTH="35" HEIGHT="75" STYLEREFS="font0"/><SP WIDTH="19" VPOS="1156" HPOS="899"/><String ID="p76_w148" CONTENT="the" HPOS="918" VPOS="1156" WIDTH="58" HEIGHT="75" STYLEREFS="font0"/><SP WIDTH="15" VPOS="1156" HPOS="976"/><String ID="p76_w149" CONTENT="different" HPOS="991" VPOS="1156" WIDTH="150" HEIGHT="75" STYLEREFS="font0"/><SP WIDTH="16" VPOS="1156" HPOS="1141"/><String ID="p76_w150" CONTENT="pro-" HPOS="1157" VPOS="1156" WIDTH="75" HEIGHT="75" STYLEREFS="font0"/></TextLine><TextLine WIDTH="1029" HEIGHT="75" ID="p76_t21" HPOS="206" VPOS="1202"><String ID="p76_w151" CONTENT="portions" HPOS="206" VPOS="1202" WIDTH="143" HEIGHT="75" STYLEREFS="font0"/><SP WIDTH="16" VPOS="1202" HPOS="349"/><String ID="p76_w152" CONTENT="of" HPOS="365" VPOS="1202" WIDTH="40" HEIGHT="75" STYLEREFS="font0"/><SP WIDTH="11" VPOS="1202" HPOS="405"/><String ID="p76_w153" CONTENT="that" HPOS="416" VPOS="1202" WIDTH="69" HEIGHT="75" STYLEREFS="font0"/><SP WIDTH="17" VPOS="1202" HPOS="485"/><String ID="p76_w154" CONTENT="particular" HPOS="502" VPOS="1202" WIDTH="172" HEIGHT="75" STYLEREFS="font0"/><SP WIDTH="15" VPOS="1202" HPOS="674"/><String ID="p76_w155" CONTENT="kind" HPOS="689" VPOS="1202" WIDTH="80" HEIGHT="75" STYLEREFS="font0"/><SP WIDTH="11" VPOS="1202" HPOS="769"/><String ID="p76_w156" CONTENT="of" HPOS="780" VPOS="1202" WIDTH="41" HEIGHT="75" STYLEREFS="font0"/><SP WIDTH="9" VPOS="1202" HPOS="821"/><String ID="p76_w157" CONTENT="earth" HPOS="830" VPOS="1202" WIDTH="91" HEIGHT="75" STYLEREFS="font0"/><SP WIDTH="16" VPOS="1202" HPOS="921"/><String ID="p76_w158" CONTENT="from" HPOS="937" VPOS="1202" WIDTH="84" HEIGHT="75" STYLEREFS="font0"/><SP WIDTH="12" VPOS="1202" HPOS="1021"/><String ID="p76_w159" CONTENT="which" HPOS="1033" VPOS="1202" WIDTH="107" HEIGHT="75" STYLEREFS="font0"/><SP WIDTH="16" VPOS="1202" HPOS="1140"/><String ID="p76_w160" CONTENT="they" HPOS="1156" VPOS="1202" WIDTH="79" HEIGHT="75" STYLEREFS="font0"/></TextLine><TextLine WIDTH="1028" HEIGHT="75" ID="p76_t22" HPOS="206" VPOS="1247"><String ID="p76_w161" CONTENT="are" HPOS="206" VPOS="1247" WIDTH="52" HEIGHT="75" STYLEREFS="font0"/><SP WIDTH="16" VPOS="1247" HPOS="258"/><String ID="p76_w162" CONTENT="denominated." HPOS="274" VPOS="1247" WIDTH="235" HEIGHT="75" STYLEREFS="font0"/><SP WIDTH="54" VPOS="1247" HPOS="509"/><String ID="p76_w163" CONTENT="Some" HPOS="563" VPOS="1247" WIDTH="96" HEIGHT="75" STYLEREFS="font0"/><SP WIDTH="19" VPOS="1247" HPOS="659"/><String ID="p76_w164" CONTENT="foils" HPOS="678" VPOS="1247" WIDTH="75" HEIGHT="75" STYLEREFS="font0"/><SP WIDTH="18" VPOS="1247" HPOS="753"/><String ID="p76_w165" CONTENT="are" HPOS="771" VPOS="1247" WIDTH="53" HEIGHT="75" STYLEREFS="font0"/><SP WIDTH="18" VPOS="1247" HPOS="824"/><String ID="p76_w166" CONTENT="even" HPOS="842" VPOS="1247" WIDTH="78" HEIGHT="75" STYLEREFS="font0"/><SP WIDTH="15" VPOS="1247" HPOS="920"/><String ID="p76_w167" CONTENT="fo" HPOS="935" VPOS="1247" WIDTH="35" HEIGHT="75" STYLEREFS="font0"/><SP WIDTH="16" VPOS="1247" HPOS="970"/><String ID="p76_w168" CONTENT="blended," HPOS="986" VPOS="1247" WIDTH="153" HEIGHT="75" STYLEREFS="font0"/><SP WIDTH="24" VPOS="1247" HPOS="1139"/><String ID="p76_w169" CONTENT="that" HPOS="1163" VPOS="1247" WIDTH="71" HEIGHT="75" STYLEREFS="font0"/></TextLine><TextLine WIDTH="1027" HEIGHT="75" ID="p76_t23" HPOS="205" VPOS="1293"><String ID="p76_w170" CONTENT="it" HPOS="205" VPOS="1293" WIDTH="25" HEIGHT="75" STYLEREFS="font0"/><SP WIDTH="16" VPOS="1293" HPOS="230"/><String ID="p76_w171" CONTENT="is" HPOS="246" VPOS="1293" WIDTH="27" HEIGHT="75" STYLEREFS="font0"/><SP WIDTH="16" VPOS="1293" HPOS="273"/><String ID="p76_w172" CONTENT="difficult" HPOS="289" VPOS="1293" WIDTH="135" HEIGHT="75" STYLEREFS="font0"/><SP WIDTH="17" VPOS="1293" HPOS="424"/><String ID="p76_w173" CONTENT="to" HPOS="441" VPOS="1293" WIDTH="35" HEIGHT="75" STYLEREFS="font0"/><SP WIDTH="15" VPOS="1293" HPOS="476"/><String ID="p76_w174" CONTENT="determine" HPOS="491" VPOS="1293" WIDTH="176" HEIGHT="75" STYLEREFS="font0"/><SP WIDTH="24" VPOS="1293" HPOS="667"/><String ID="p76_w175" CONTENT="what" HPOS="691" VPOS="1293" WIDTH="86" HEIGHT="75" STYLEREFS="font0"/><SP WIDTH="20" VPOS="1293" HPOS="777"/><String ID="p76_w176" CONTENT="kind" HPOS="797" VPOS="1293" WIDTH="80" HEIGHT="75" STYLEREFS="font0"/><SP WIDTH="23" VPOS="1293" HPOS="877"/><String ID="p76_w177" CONTENT="of" HPOS="900" VPOS="1293" WIDTH="40" HEIGHT="75" STYLEREFS="font0"/><SP WIDTH="19" VPOS="1293" HPOS="940"/><String ID="p76_w178" CONTENT="earth" HPOS="959" VPOS="1293" WIDTH="90" HEIGHT="75" STYLEREFS="font0"/><SP WIDTH="16" VPOS="1293" HPOS="1049"/><String ID="p76_w179" CONTENT="moft" HPOS="1065" VPOS="1293" WIDTH="80" HEIGHT="75" STYLEREFS="font0"/><SP WIDTH="15" VPOS="1293" HPOS="1145"/><String ID="p76_w180" CONTENT="pre-" HPOS="1160" VPOS="1293" WIDTH="72" HEIGHT="75" STYLEREFS="font0"/></TextLine><TextLine WIDTH="250" HEIGHT="75" ID="p76_t24" HPOS="205" VPOS="1341"><String ID="p76_w181" CONTENT="vails" HPOS="205" VPOS="1341" WIDTH="79" HEIGHT="75" STYLEREFS="font0"/><SP WIDTH="16" VPOS="1341" HPOS="284"/><String ID="p76_w182" CONTENT="in" HPOS="300" VPOS="1341" WIDTH="33" HEIGHT="75" STYLEREFS="font0"/><SP WIDTH="21" VPOS="1341" HPOS="333"/><String ID="p76_w183" CONTENT="them." HPOS="354" VPOS="1341" WIDTH="101" HEIGHT="75" STYLEREFS="font0"/></TextLine><TextLine WIDTH="569" HEIGHT="75" ID="p76_t25" HPOS="434" VPOS="1453"><String ID="p76_w184" CONTENT="Of" HPOS="434" VPOS="1453" WIDTH="66" HEIGHT="75" STYLEREFS="font0"/><SP WIDTH="10" VPOS="1453" HPOS="500"/><String ID="p76_w185" CONTENT="the" HPOS="510" VPOS="1453" WIDTH="67" HEIGHT="75" STYLEREFS="font0"/><SP WIDTH="27" VPOS="1453" HPOS="577"/><String ID="p76_w186" CONTENT="black" HPOS="604" VPOS="1453" WIDTH="109" HEIGHT="75" STYLEREFS="font0"/><SP WIDTH="26" VPOS="1453" HPOS="713"/><String ID="p76_w187" CONTENT="Loamy" HPOS="739" VPOS="1453" WIDTH="140" HEIGHT="75" STYLEREFS="font0"/><SP WIDTH="28" VPOS="1453" HPOS="879"/><String ID="p76_w188" CONTENT="Soil." HPOS="907" VPOS="1453" WIDTH="96" HEIGHT="75" STYLEREFS="font0"/></TextLine><TextLine WIDTH="989" HEIGHT="75" ID="p76_t26" HPOS="252" VPOS="1531"><String ID="p76_w189" CONTENT="Pure" HPOS="252" VPOS="1531" WIDTH="105" HEIGHT="75" STYLEREFS="font0"/><SP WIDTH="18" VPOS="1531" HPOS="357"/><String ID="p76_w190" CONTENT="loam" HPOS="375" VPOS="1531" WIDTH="85" HEIGHT="75" STYLEREFS="font0"/><SP WIDTH="16" VPOS="1531" HPOS="460"/><String ID="p76_w191" CONTENT="feems" HPOS="476" VPOS="1531" WIDTH="99" HEIGHT="75" STYLEREFS="font0"/><SP WIDTH="17" VPOS="1531" HPOS="575"/><String ID="p76_w192" CONTENT="to" HPOS="592" VPOS="1531" WIDTH="36" HEIGHT="75" STYLEREFS="font0"/><SP WIDTH="21" VPOS="1531" HPOS="628"/><String ID="p76_w193" CONTENT="be" HPOS="649" VPOS="1531" WIDTH="40" HEIGHT="75" STYLEREFS="font0"/><SP WIDTH="19" VPOS="1531" HPOS="689"/><String ID="p76_w194" CONTENT="nothing" HPOS="708" VPOS="1531" WIDTH="135" HEIGHT="75" STYLEREFS="font0"/><SP WIDTH="17" VPOS="1531" HPOS="843"/><String ID="p76_w195" CONTENT="elfe" HPOS="860" VPOS="1531" WIDTH="62" HEIGHT="75" STYLEREFS="font0"/><SP WIDTH="16" VPOS="1531" HPOS="922"/><String ID="p76_w196" CONTENT="but" HPOS="938" VPOS="1531" WIDTH="58" HEIGHT="75" STYLEREFS="font0"/><SP WIDTH="24" VPOS="1531" HPOS="996"/><String ID="p76_w197" CONTENT="the" HPOS="1020" VPOS="1531" WIDTH="55" HEIGHT="75" STYLEREFS="font0"/><SP WIDTH="17" VPOS="1531" HPOS="1075"/><String ID="p76_w198" CONTENT="earth" HPOS="1092" VPOS="1531" WIDTH="91" HEIGHT="75" STYLEREFS="font0"/><SP WIDTH="16" VPOS="1531" HPOS="1183"/><String ID="p76_w199" CONTENT="of" HPOS="1199" VPOS="1531" WIDTH="42" HEIGHT="75" STYLEREFS="font0"/></TextLine><TextLine WIDTH="1031" HEIGHT="75" ID="p76_t27" HPOS="204" VPOS="1579"><String ID="p76_w200" CONTENT="putrefied" HPOS="204" VPOS="1579" WIDTH="158" HEIGHT="75" STYLEREFS="font0"/><SP WIDTH="18" VPOS="1579" HPOS="362"/><String ID="p76_w201" CONTENT="vegetables," HPOS="380" VPOS="1579" WIDTH="194" HEIGHT="75" STYLEREFS="font0"/><SP WIDTH="34" VPOS="1579" HPOS="574"/><String ID="p76_w202" CONTENT="accumulated" HPOS="608" VPOS="1579" WIDTH="220" HEIGHT="75" STYLEREFS="font0"/><SP WIDTH="21" VPOS="1579" HPOS="828"/><String ID="p76_w203" CONTENT="by" HPOS="849" VPOS="1579" WIDTH="43" HEIGHT="75" STYLEREFS="font0"/><SP WIDTH="25" VPOS="1579" HPOS="892"/><String ID="p76_w204" CONTENT="the" HPOS="917" VPOS="1579" WIDTH="55" HEIGHT="75" STYLEREFS="font0"/><SP WIDTH="22" VPOS="1579" HPOS="972"/><String ID="p76_w205" CONTENT="fucceffive" HPOS="994" VPOS="1579" WIDTH="161" HEIGHT="75" STYLEREFS="font0"/><SP WIDTH="24" VPOS="1579" HPOS="1155"/><String ID="p76_w206" CONTENT="de-" HPOS="1179" VPOS="1579" WIDTH="56" HEIGHT="75" STYLEREFS="font0"/></TextLine><TextLine WIDTH="1026" HEIGHT="75" ID="p76_t28" HPOS="207" VPOS="1623"><String ID="p76_w207" CONTENT="cay" HPOS="207" VPOS="1623" WIDTH="59" HEIGHT="75" STYLEREFS="font0"/><SP WIDTH="12" VPOS="1623" HPOS="266"/><String ID="p76_w208" CONTENT="of" HPOS="278" VPOS="1623" WIDTH="44" HEIGHT="75" STYLEREFS="font0"/><SP WIDTH="17" VPOS="1623" HPOS="322"/><String ID="p76_w209" CONTENT="natural" HPOS="339" VPOS="1623" WIDTH="126" HEIGHT="75" STYLEREFS="font0"/><SP WIDTH="17" VPOS="1623" HPOS="465"/><String ID="p76_w210" CONTENT="or" HPOS="482" VPOS="1623" WIDTH="37" HEIGHT="75" STYLEREFS="font0"/><SP WIDTH="24" VPOS="1623" HPOS="519"/><String ID="p76_w211" CONTENT="artificial" HPOS="543" VPOS="1623" WIDTH="145" HEIGHT="75" STYLEREFS="font0"/><SP WIDTH="24" VPOS="1623" HPOS="688"/><String ID="p76_w212" CONTENT="crops." HPOS="712" VPOS="1623" WIDTH="106" HEIGHT="75" STYLEREFS="font0"/><SP WIDTH="51" VPOS="1623" HPOS="818"/><String ID="p76_w213" CONTENT="In" HPOS="869" VPOS="1623" WIDTH="40" HEIGHT="75" STYLEREFS="font0"/><SP WIDTH="24" VPOS="1623" HPOS="909"/><String ID="p76_w214" CONTENT="cultivated" HPOS="933" VPOS="1623" WIDTH="174" HEIGHT="75" STYLEREFS="font0"/><SP WIDTH="23" VPOS="1623" HPOS="1107"/><String ID="p76_w215" CONTENT="lands," HPOS="1130" VPOS="1623" WIDTH="103" HEIGHT="75" STYLEREFS="font0"/></TextLine><TextLine WIDTH="1035" HEIGHT="75" ID="p76_t29" HPOS="205" VPOS="1670"><String ID="p76_w216" CONTENT="dung" HPOS="205" VPOS="1670" WIDTH="88" HEIGHT="75" STYLEREFS="font0"/><SP WIDTH="20" VPOS="1670" HPOS="293"/><String ID="p76_w217" CONTENT="and" HPOS="313" VPOS="1670" WIDTH="63" HEIGHT="75" STYLEREFS="font0"/><SP WIDTH="15" VPOS="1670" HPOS="376"/><String ID="p76_w218" CONTENT="other" HPOS="391" VPOS="1670" WIDTH="94" HEIGHT="75" STYLEREFS="font0"/><SP WIDTH="15" VPOS="1670" HPOS="485"/><String ID="p76_w219" CONTENT="manure" HPOS="500" VPOS="1670" WIDTH="130" HEIGHT="75" STYLEREFS="font0"/><SP WIDTH="17" VPOS="1670" HPOS="630"/><String ID="p76_w220" CONTENT="greatly" HPOS="647" VPOS="1670" WIDTH="126" HEIGHT="75" STYLEREFS="font0"/><SP WIDTH="17" VPOS="1670" HPOS="773"/><String ID="p76_w221" CONTENT="increafe" HPOS="790" VPOS="1670" WIDTH="139" HEIGHT="75" STYLEREFS="font0"/><SP WIDTH="16" VPOS="1670" HPOS="929"/><String ID="p76_w222" CONTENT="the" HPOS="945" VPOS="1670" WIDTH="54" HEIGHT="75" STYLEREFS="font0"/><SP WIDTH="29" VPOS="1670" HPOS="999"/><String ID="p76_w223" CONTENT="quantity" HPOS="1028" VPOS="1670" WIDTH="149" HEIGHT="75" STYLEREFS="font0"/><SP WIDTH="23" VPOS="1670" HPOS="1177"/><String ID="p76_w224" CONTENT="of" HPOS="1200" VPOS="1670" WIDTH="40" HEIGHT="75" STYLEREFS="font0"/></TextLine><TextLine WIDTH="179" HEIGHT="75" ID="p76_t30" HPOS="208" VPOS="1717"><String ID="p76_w225" CONTENT="the" HPOS="208" VPOS="1717" WIDTH="55" HEIGHT="75" STYLEREFS="font0"/><SP WIDTH="24" VPOS="1717" HPOS="263"/><String ID="p76_w226" CONTENT="loam." HPOS="287" VPOS="1717" WIDTH="100" HEIGHT="75" STYLEREFS="font0"/></TextLine><TextLine WIDTH="980" HEIGHT="75" ID="p76_t31" HPOS="253" VPOS="1764"><String ID="p76_w227" CONTENT="The" HPOS="253" VPOS="1764" WIDTH="76" HEIGHT="75" STYLEREFS="font0"/><SP WIDTH="19" VPOS="1764" HPOS="329"/><String ID="p76_w228" CONTENT="principal" HPOS="348" VPOS="1764" WIDTH="153" HEIGHT="75" STYLEREFS="font0"/><SP WIDTH="17" VPOS="1764" HPOS="501"/><String ID="p76_w229" CONTENT="qualities" HPOS="518" VPOS="1764" WIDTH="148" HEIGHT="75" STYLEREFS="font0"/><SP WIDTH="17" VPOS="1764" HPOS="666"/><String ID="p76_w230" CONTENT="of" HPOS="683" VPOS="1764" WIDTH="40" HEIGHT="75" STYLEREFS="font0"/><SP WIDTH="18" VPOS="1764" HPOS="723"/><String ID="p76_w231" CONTENT="loam" HPOS="741" VPOS="1764" WIDTH="85" HEIGHT="75" STYLEREFS="font0"/><SP WIDTH="24" VPOS="1764" HPOS="826"/><String ID="p76_w232" CONTENT="are" HPOS="850" VPOS="1764" WIDTH="54" HEIGHT="75" STYLEREFS="font0"/><SP WIDTH="15" VPOS="1764" HPOS="904"/><String ID="p76_w233" CONTENT="thefe" HPOS="919" VPOS="1764" WIDTH="87" HEIGHT="75" STYLEREFS="font0"/><SP WIDTH="16" VPOS="1764" HPOS="1006"/><String ID="p76_w234" CONTENT=":" HPOS="1022" VPOS="1764" WIDTH="8" HEIGHT="75" STYLEREFS="font0"/><SP WIDTH="27" VPOS="1764" HPOS="1030"/><String ID="p76_w235" CONTENT="When" HPOS="1057" VPOS="1764" WIDTH="114" HEIGHT="75" STYLEREFS="font0"/><SP WIDTH="17" VPOS="1764" HPOS="1171"/><String ID="p76_w236" CONTENT="al-" HPOS="1188" VPOS="1764" WIDTH="45" HEIGHT="75" STYLEREFS="font0"/></TextLine><TextLine WIDTH="1028" HEIGHT="75" ID="p76_t32" HPOS="205" VPOS="1810"><String ID="p76_w237" CONTENT="lowed" HPOS="205" VPOS="1810" WIDTH="107" HEIGHT="75" STYLEREFS="font0"/><SP WIDTH="22" VPOS="1810" HPOS="312"/><String ID="p76_w238" CONTENT="to" HPOS="334" VPOS="1810" WIDTH="35" HEIGHT="75" STYLEREFS="font0"/><SP WIDTH="15" VPOS="1810" HPOS="369"/><String ID="p76_w239" CONTENT="reft," HPOS="384" VPOS="1810" WIDTH="74" HEIGHT="75" STYLEREFS="font0"/><SP WIDTH="24" VPOS="1810" HPOS="458"/><String ID="p76_w240" CONTENT="it" HPOS="482" VPOS="1810" WIDTH="26" HEIGHT="75" STYLEREFS="font0"/><SP WIDTH="16" VPOS="1810" HPOS="508"/><String ID="p76_w241" CONTENT="acquires" HPOS="524" VPOS="1810" WIDTH="146" HEIGHT="75" STYLEREFS="font0"/><SP WIDTH="16" VPOS="1810" HPOS="670"/><String ID="p76_w242" CONTENT="a" HPOS="686" VPOS="1810" WIDTH="20" HEIGHT="75" STYLEREFS="font0"/><SP WIDTH="15" VPOS="1810" HPOS="706"/><String ID="p76_w243" CONTENT="degree" HPOS="721" VPOS="1810" WIDTH="117" HEIGHT="75" STYLEREFS="font0"/><SP WIDTH="16" VPOS="1810" HPOS="838"/><String ID="p76_w244" CONTENT="of" HPOS="854" VPOS="1810" WIDTH="40" HEIGHT="75" STYLEREFS="font0"/><SP WIDTH="19" VPOS="1810" HPOS="894"/><String ID="p76_w245" CONTENT="cohefion," HPOS="913" VPOS="1810" WIDTH="158" HEIGHT="75" STYLEREFS="font0"/><SP WIDTH="25" VPOS="1810" HPOS="1071"/><String ID="p76_w246" CONTENT="but" HPOS="1096" VPOS="1810" WIDTH="59" HEIGHT="75" STYLEREFS="font0"/><SP WIDTH="23" VPOS="1810" HPOS="1155"/><String ID="p76_w247" CONTENT="ne-" HPOS="1178" VPOS="1810" WIDTH="55" HEIGHT="75" STYLEREFS="font0"/></TextLine><TextLine WIDTH="1026" HEIGHT="75" ID="p76_t33" HPOS="208" VPOS="1856"><String ID="p76_w248" CONTENT="ver" HPOS="208" VPOS="1856" WIDTH="56" HEIGHT="75" STYLEREFS="font0"/><SP WIDTH="23" VPOS="1856" HPOS="264"/><String ID="p76_w249" CONTENT="becomes" HPOS="287" VPOS="1856" WIDTH="147" HEIGHT="75" STYLEREFS="font0"/><SP WIDTH="17" VPOS="1856" HPOS="434"/><String ID="p76_w250" CONTENT="fo" HPOS="451" VPOS="1856" WIDTH="34" HEIGHT="75" STYLEREFS="font0"/><SP WIDTH="24" VPOS="1856" HPOS="485"/><String ID="p76_w251" CONTENT="hard" HPOS="509" VPOS="1856" WIDTH="82" HEIGHT="75" STYLEREFS="font0"/><SP WIDTH="16" VPOS="1856" HPOS="591"/><String ID="p76_w252" CONTENT="and" HPOS="607" VPOS="1856" WIDTH="63" HEIGHT="75" STYLEREFS="font0"/><SP WIDTH="20" VPOS="1856" HPOS="670"/><String ID="p76_w253" CONTENT="tough" HPOS="690" VPOS="1856" WIDTH="105" HEIGHT="75" STYLEREFS="font0"/><SP WIDTH="19" VPOS="1856" HPOS="795"/><String ID="p76_w254" CONTENT="as" HPOS="814" VPOS="1856" WIDTH="33" HEIGHT="75" STYLEREFS="font0"/><SP WIDTH="17" VPOS="1856" HPOS="847"/><String ID="p76_w255" CONTENT="clay:" HPOS="864" VPOS="1856" WIDTH="92" HEIGHT="75" STYLEREFS="font0"/><SP WIDTH="19" VPOS="1856" HPOS="956"/><String ID="p76_w256" CONTENT="When" HPOS="975" VPOS="1856" WIDTH="120" HEIGHT="75" STYLEREFS="font0"/><SP WIDTH="23" VPOS="1856" HPOS="1095"/><String ID="p76_w257" CONTENT="turned" HPOS="1118" VPOS="1856" WIDTH="116" HEIGHT="75" STYLEREFS="font0"/></TextLine><TextLine WIDTH="1026" HEIGHT="75" ID="p76_t34" HPOS="206" VPOS="1902"><String ID="p76_w258" CONTENT="up" HPOS="206" VPOS="1902" WIDTH="45" HEIGHT="75" STYLEREFS="font0"/><SP WIDTH="16" VPOS="1902" HPOS="251"/><String ID="p76_w259" CONTENT="and" HPOS="267" VPOS="1902" WIDTH="62" HEIGHT="75" STYLEREFS="font0"/><SP WIDTH="19" VPOS="1902" HPOS="329"/><String ID="p76_w260" CONTENT="expofed" HPOS="348" VPOS="1902" WIDTH="142" HEIGHT="75" STYLEREFS="font0"/><SP WIDTH="20" VPOS="1902" HPOS="490"/><String ID="p76_w261" CONTENT="to" HPOS="510" VPOS="1902" WIDTH="35" HEIGHT="75" STYLEREFS="font0"/><SP WIDTH="25" VPOS="1902" HPOS="545"/><String ID="p76_w262" CONTENT="the" HPOS="570" VPOS="1902" WIDTH="54" HEIGHT="75" STYLEREFS="font0"/><SP WIDTH="26" VPOS="1902" HPOS="624"/><String ID="p76_w263" CONTENT="air," HPOS="650" VPOS="1902" WIDTH="59" HEIGHT="75" STYLEREFS="font0"/><SP WIDTH="26" VPOS="1902" HPOS="709"/><String ID="p76_w264" CONTENT="it" HPOS="735" VPOS="1902" WIDTH="25" HEIGHT="75" STYLEREFS="font0"/><SP WIDTH="25" VPOS="1902" HPOS="760"/><String ID="p76_w265" CONTENT="becomes" HPOS="785" VPOS="1902" WIDTH="148" HEIGHT="75" STYLEREFS="font0"/><SP WIDTH="20" VPOS="1902" HPOS="933"/><String ID="p76_w266" CONTENT="free" HPOS="953" VPOS="1902" WIDTH="67" HEIGHT="75" STYLEREFS="font0"/><SP WIDTH="29" VPOS="1902" HPOS="1020"/><String ID="p76_w267" CONTENT="and" HPOS="1049" VPOS="1902" WIDTH="63" HEIGHT="75" STYLEREFS="font0"/><SP WIDTH="25" VPOS="1902" HPOS="1112"/><String ID="p76_w268" CONTENT="open," HPOS="1137" VPOS="1902" WIDTH="95" HEIGHT="75" STYLEREFS="font0"/></TextLine><TextLine WIDTH="1026" HEIGHT="75" ID="p76_t35" HPOS="207" VPOS="1949"><String ID="p76_w269" CONTENT="and" HPOS="207" VPOS="1949" WIDTH="64" HEIGHT="75" STYLEREFS="font0"/><SP WIDTH="14" VPOS="1949" HPOS="271"/><String ID="p76_w270" CONTENT="eafily" HPOS="285" VPOS="1949" WIDTH="94" HEIGHT="75" STYLEREFS="font0"/><SP WIDTH="12" VPOS="1949" HPOS="379"/><String ID="p76_w271" CONTENT="crumbles" HPOS="391" VPOS="1949" WIDTH="156" HEIGHT="75" STYLEREFS="font0"/><SP WIDTH="17" VPOS="1949" HPOS="547"/><String ID="p76_w272" CONTENT="down" HPOS="564" VPOS="1949" WIDTH="94" HEIGHT="75" STYLEREFS="font0"/><SP WIDTH="15" VPOS="1949" HPOS="658"/><String ID="p76_w273" CONTENT=":" HPOS="673" VPOS="1949" WIDTH="9" HEIGHT="75" STYLEREFS="font0"/><SP WIDTH="27" VPOS="1949" HPOS="682"/><String ID="p76_w274" CONTENT="When," HPOS="709" VPOS="1949" WIDTH="118" HEIGHT="75" STYLEREFS="font0"/><SP WIDTH="16" VPOS="1949" HPOS="827"/><String ID="p76_w275" CONTENT="dry," HPOS="843" VPOS="1949" WIDTH="77" HEIGHT="75" STYLEREFS="font0"/><SP WIDTH="16" VPOS="1949" HPOS="920"/><String ID="p76_w276" CONTENT="it" HPOS="936" VPOS="1949" WIDTH="26" HEIGHT="75" STYLEREFS="font0"/><SP WIDTH="17" VPOS="1949" HPOS="962"/><String ID="p76_w277" CONTENT="readily" HPOS="979" VPOS="1949" WIDTH="121" HEIGHT="75" STYLEREFS="font0"/><SP WIDTH="16" VPOS="1949" HPOS="1100"/><String ID="p76_w278" CONTENT="admits" HPOS="1116" VPOS="1949" WIDTH="117" HEIGHT="75" STYLEREFS="font0"/></TextLine><TextLine WIDTH="1025" HEIGHT="75" ID="p76_t36" HPOS="207" VPOS="1995"><String ID="p76_w279" CONTENT="water," HPOS="207" VPOS="1995" WIDTH="112" HEIGHT="75" STYLEREFS="font0"/><SP WIDTH="26" VPOS="1995" HPOS="319"/><String ID="p76_w280" CONTENT="and" HPOS="345" VPOS="1995" WIDTH="62" HEIGHT="75" STYLEREFS="font0"/><SP WIDTH="15" VPOS="1995" HPOS="407"/><String ID="p76_w281" CONTENT="fwells" HPOS="422" VPOS="1995" WIDTH="103" HEIGHT="75" STYLEREFS="font0"/><SP WIDTH="28" VPOS="1995" HPOS="525"/><String ID="p76_w282" CONTENT="and" HPOS="553" VPOS="1995" WIDTH="63" HEIGHT="75" STYLEREFS="font0"/><SP WIDTH="16" VPOS="1995" HPOS="616"/><String ID="p76_w283" CONTENT="retains" HPOS="632" VPOS="1995" WIDTH="116" HEIGHT="75" STYLEREFS="font0"/><SP WIDTH="17" VPOS="1995" HPOS="748"/><String ID="p76_w284" CONTENT="it" HPOS="765" VPOS="1995" WIDTH="27" HEIGHT="75" STYLEREFS="font0"/><SP WIDTH="19" VPOS="1995" HPOS="792"/><String ID="p76_w285" CONTENT="like" HPOS="811" VPOS="1995" WIDTH="65" HEIGHT="75" STYLEREFS="font0"/><SP WIDTH="28" VPOS="1995" HPOS="876"/><String ID="p76_w286" CONTENT="Ihell-marle;" HPOS="904" VPOS="1995" WIDTH="212" HEIGHT="75" STYLEREFS="font0"/><SP WIDTH="26" VPOS="1995" HPOS="1116"/><String ID="p76_w287" CONTENT="how-" HPOS="1142" VPOS="1995" WIDTH="90" HEIGHT="75" STYLEREFS="font0"/></TextLine><TextLine WIDTH="1027" HEIGHT="75" ID="p76_t37" HPOS="206" VPOS="2041"><String ID="p76_w288" CONTENT="ever," HPOS="206" VPOS="2041" WIDTH="88" HEIGHT="75" STYLEREFS="font0"/><SP WIDTH="24" VPOS="2041" HPOS="294"/><String ID="p76_w289" CONTENT="it" HPOS="318" VPOS="2041" WIDTH="27" HEIGHT="75" STYLEREFS="font0"/><SP WIDTH="16" VPOS="2041" HPOS="345"/><String ID="p76_w290" CONTENT="only" HPOS="361" VPOS="2041" WIDTH="76" HEIGHT="75" STYLEREFS="font0"/><SP WIDTH="16" VPOS="2041" HPOS="437"/><String ID="p76_w291" CONTENT="retains" HPOS="453" VPOS="2041" WIDTH="116" HEIGHT="75" STYLEREFS="font0"/><SP WIDTH="19" VPOS="2041" HPOS="569"/><String ID="p76_w292" CONTENT="a" HPOS="588" VPOS="2041" WIDTH="18" HEIGHT="75" STYLEREFS="font0"/><SP WIDTH="15" VPOS="2041" HPOS="606"/><String ID="p76_w293" CONTENT="proper" HPOS="621" VPOS="2041" WIDTH="117" HEIGHT="75" STYLEREFS="font0"/><SP WIDTH="28" VPOS="2041" HPOS="738"/><String ID="p76_w294" CONTENT="quantity," HPOS="766" VPOS="2041" WIDTH="165" HEIGHT="75" STYLEREFS="font0"/><SP WIDTH="21" VPOS="2041" HPOS="931"/><String ID="p76_w295" CONTENT="and" HPOS="952" VPOS="2041" WIDTH="63" HEIGHT="75" STYLEREFS="font0"/><SP WIDTH="27" VPOS="2041" HPOS="1015"/><String ID="p76_w296" CONTENT="allows" HPOS="1042" VPOS="2041" WIDTH="111" HEIGHT="75" STYLEREFS="font0"/><SP WIDTH="24" VPOS="2041" HPOS="1153"/><String ID="p76_w297" CONTENT="the" HPOS="1177" VPOS="2041" WIDTH="56" HEIGHT="75" STYLEREFS="font0"/></TextLine><TextLine WIDTH="1025" HEIGHT="75" ID="p76_t38" HPOS="208" VPOS="2087"><String ID="p76_w298" CONTENT="reft" HPOS="208" VPOS="2087" WIDTH="61" HEIGHT="75" STYLEREFS="font0"/><SP WIDTH="16" VPOS="2087" HPOS="269"/><String ID="p76_w299" CONTENT="to" HPOS="285" VPOS="2087" WIDTH="35" HEIGHT="75" STYLEREFS="font0"/><SP WIDTH="12" VPOS="2087" HPOS="320"/><String ID="p76_w300" CONTENT="run" HPOS="332" VPOS="2087" WIDTH="59" HEIGHT="75" STYLEREFS="font0"/><SP WIDTH="17" VPOS="2087" HPOS="391"/><String ID="p76_w301" CONTENT="off." HPOS="408" VPOS="2087" WIDTH="59" HEIGHT="75" STYLEREFS="font0"/><SP WIDTH="49" VPOS="2087" HPOS="467"/><String ID="p76_w302" CONTENT="It" HPOS="516" VPOS="2087" WIDTH="33" HEIGHT="75" STYLEREFS="font0"/><SP WIDTH="16" VPOS="2087" HPOS="549"/><String ID="p76_w303" CONTENT="alfo" HPOS="565" VPOS="2087" WIDTH="65" HEIGHT="75" STYLEREFS="font0"/><SP WIDTH="18" VPOS="2087" HPOS="630"/><String ID="p76_w304" CONTENT="contains" HPOS="648" VPOS="2087" WIDTH="144" HEIGHT="75" STYLEREFS="font0"/><SP WIDTH="16" VPOS="2087" HPOS="792"/><String ID="p76_w305" CONTENT="oil," HPOS="808" VPOS="2087" WIDTH="58" HEIGHT="75" STYLEREFS="font0"/><SP WIDTH="16" VPOS="2087" HPOS="866"/><String ID="p76_w306" CONTENT="fermentswith" HPOS="882" VPOS="2087" WIDTH="234" HEIGHT="75" STYLEREFS="font0"/><SP WIDTH="17" VPOS="2087" HPOS="1116"/><String ID="p76_w307" CONTENT="acids," HPOS="1133" VPOS="2087" WIDTH="100" HEIGHT="75" STYLEREFS="font0"/></TextLine><TextLine WIDTH="537" HEIGHT="75" ID="p76_t39" HPOS="209" VPOS="2133"><String ID="p76_w308" CONTENT="and" HPOS="209" VPOS="2133" WIDTH="62" HEIGHT="75" STYLEREFS="font0"/><SP WIDTH="15" VPOS="2133" HPOS="271"/><String ID="p76_w309" CONTENT="is" HPOS="286" VPOS="2133" WIDTH="27" HEIGHT="75" STYLEREFS="font0"/><SP WIDTH="17" VPOS="2133" HPOS="313"/><String ID="p76_w310" CONTENT="of" HPOS="330" VPOS="2133" WIDTH="40" HEIGHT="75" STYLEREFS="font0"/><SP WIDTH="11" VPOS="2133" HPOS="370"/><String ID="p76_w311" CONTENT="an" HPOS="381" VPOS="2133" WIDTH="39" HEIGHT="75" STYLEREFS="font0"/><SP WIDTH="17" VPOS="2133" HPOS="420"/><String ID="p76_w312" CONTENT="abforbent" HPOS="437" VPOS="2133" WIDTH="168" HEIGHT="75" STYLEREFS="font0"/><SP WIDTH="17" VPOS="2133" HPOS="605"/><String ID="p76_w313" CONTENT="nature." HPOS="622" VPOS="2133" WIDTH="124" HEIGHT="75" STYLEREFS="font0"/></TextLine><TextLine WIDTH="979" HEIGHT="75" ID="p76_t40" HPOS="254" VPOS="2180"><String ID="p76_w314" CONTENT="There" HPOS="254" VPOS="2180" WIDTH="112" HEIGHT="75" STYLEREFS="font0"/><SP WIDTH="16" VPOS="2180" HPOS="366"/><String ID="p76_w315" CONTENT="is" HPOS="382" VPOS="2180" WIDTH="27" HEIGHT="75" STYLEREFS="font0"/><SP WIDTH="17" VPOS="2180" HPOS="409"/><String ID="p76_w316" CONTENT="no" HPOS="426" VPOS="2180" WIDTH="42" HEIGHT="75" STYLEREFS="font0"/><SP WIDTH="16" VPOS="2180" HPOS="468"/><String ID="p76_w317" CONTENT="foil" HPOS="484" VPOS="2180" WIDTH="58" HEIGHT="75" STYLEREFS="font0"/><SP WIDTH="17" VPOS="2180" HPOS="542"/><String ID="p76_w318" CONTENT="altogether" HPOS="559" VPOS="2180" WIDTH="180" HEIGHT="75" STYLEREFS="font0"/><SP WIDTH="17" VPOS="2180" HPOS="739"/><String ID="p76_w319" CONTENT="pure;" HPOS="756" VPOS="2180" WIDTH="98" HEIGHT="75" STYLEREFS="font0"/><SP WIDTH="26" VPOS="2180" HPOS="854"/><String ID="p76_w320" CONTENT="but" HPOS="880" VPOS="2180" WIDTH="59" HEIGHT="75" STYLEREFS="font0"/><SP WIDTH="27" VPOS="2180" HPOS="939"/><String ID="p76_w321" CONTENT="that" HPOS="966" VPOS="2180" WIDTH="71" HEIGHT="75" STYLEREFS="font0"/><SP WIDTH="16" VPOS="2180" HPOS="1037"/><String ID="p76_w322" CONTENT="foil" HPOS="1053" VPOS="2180" WIDTH="58" HEIGHT="75" STYLEREFS="font0"/><SP WIDTH="16" VPOS="2180" HPOS="1111"/><String ID="p76_w323" CONTENT="which" HPOS="1127" VPOS="2180" WIDTH="106" HEIGHT="75" STYLEREFS="font0"/></TextLine><TextLine WIDTH="1027" HEIGHT="75" ID="p76_t41" HPOS="207" VPOS="2226"><String ID="p76_w324" CONTENT="has" HPOS="207" VPOS="2226" WIDTH="57" HEIGHT="75" STYLEREFS="font0"/><SP WIDTH="17" VPOS="2226" HPOS="264"/><String ID="p76_w325" CONTENT="loam" HPOS="281" VPOS="2226" WIDTH="84" HEIGHT="75" STYLEREFS="font0"/><SP WIDTH="18" VPOS="2226" HPOS="365"/><String ID="p76_w326" CONTENT="in" HPOS="383" VPOS="2226" WIDTH="32" HEIGHT="75" STYLEREFS="font0"/><SP WIDTH="16" VPOS="2226" HPOS="415"/><String ID="p76_w327" CONTENT="its" HPOS="431" VPOS="2226" WIDTH="42" HEIGHT="75" STYLEREFS="font0"/><SP WIDTH="17" VPOS="2226" HPOS="473"/><String ID="p76_w328" CONTENT="compofition" HPOS="490" VPOS="2226" WIDTH="205" HEIGHT="75" STYLEREFS="font0"/><SP WIDTH="9" VPOS="2226" HPOS="695"/><String ID="p76_w329" CONTENT="..poffeffes" HPOS="704" VPOS="2226" WIDTH="157" HEIGHT="75" STYLEREFS="font0"/><SP WIDTH="16" VPOS="2226" HPOS="861"/><String ID="p76_w330" CONTENT="in" HPOS="877" VPOS="2226" WIDTH="31" HEIGHT="75" STYLEREFS="font0"/><SP WIDTH="28" VPOS="2226" HPOS="908"/><String ID="p76_w331" CONTENT="feme" HPOS="936" VPOS="2226" WIDTH="84" HEIGHT="75" STYLEREFS="font0"/><SP WIDTH="28" VPOS="2226" HPOS="1020"/><String ID="p76_w332" CONTENT="degree" HPOS="1048" VPOS="2226" WIDTH="115" HEIGHT="75" STYLEREFS="font0"/><SP WIDTH="29" VPOS="2226" HPOS="1163"/><String ID="p76_w333" CONTENT="all" HPOS="1192" VPOS="2226" WIDTH="42" HEIGHT="75" STYLEREFS="font0"/></TextLine><TextLine WIDTH="1024" HEIGHT="75" ID="p76_t42" HPOS="209" VPOS="2272"><String ID="p76_w334" CONTENT="the" HPOS="209" VPOS="2272" WIDTH="55" HEIGHT="75" STYLEREFS="font0"/><SP WIDTH="17" VPOS="2272" HPOS="264"/><String ID="p76_w335" CONTENT="qualities" HPOS="281" VPOS="2272" WIDTH="149" HEIGHT="75" STYLEREFS="font0"/><SP WIDTH="13" VPOS="2272" HPOS="430"/><String ID="p76_w336" CONTENT="of" HPOS="443" VPOS="2272" WIDTH="40" HEIGHT="75" STYLEREFS="font0"/><SP WIDTH="7" VPOS="2272" HPOS="483"/><String ID="p76_w337" CONTENT="loam;" HPOS="490" VPOS="2272" WIDTH="105" HEIGHT="75" STYLEREFS="font0"/><SP WIDTH="19" VPOS="2272" HPOS="595"/><String ID="p76_w338" CONTENT="and" HPOS="614" VPOS="2272" WIDTH="64" HEIGHT="75" STYLEREFS="font0"/><SP WIDTH="14" VPOS="2272" HPOS="678"/><String ID="p76_w339" CONTENT="thefe" HPOS="692" VPOS="2272" WIDTH="88" HEIGHT="75" STYLEREFS="font0"/><SP WIDTH="17" VPOS="2272" HPOS="780"/><String ID="p76_w340" CONTENT="qualities" HPOS="797" VPOS="2272" WIDTH="148" HEIGHT="75" STYLEREFS="font0"/><SP WIDTH="18" VPOS="2272" HPOS="945"/><String ID="p76_w341" CONTENT="are" HPOS="963" VPOS="2272" WIDTH="52" HEIGHT="75" STYLEREFS="font0"/><SP WIDTH="16" VPOS="2272" HPOS="1015"/><String ID="p76_w342" CONTENT="unqueftion-" HPOS="1031" VPOS="2272" WIDTH="202" HEIGHT="75" STYLEREFS="font0"/></TextLine><TextLine WIDTH="775" HEIGHT="75" ID="p76_t43" HPOS="209" VPOS="2318"><String ID="p76_w343" CONTENT="ably" HPOS="209" VPOS="2318" WIDTH="74" HEIGHT="75" STYLEREFS="font0"/><SP WIDTH="16" VPOS="2318" HPOS="283"/><String ID="p76_w344" CONTENT="the" HPOS="299" VPOS="2318" WIDTH="55" HEIGHT="75" STYLEREFS="font0"/><SP WIDTH="16" VPOS="2318" HPOS="354"/><String ID="p76_w345" CONTENT="moft" HPOS="370" VPOS="2318" WIDTH="78" HEIGHT="75" STYLEREFS="font0"/><SP WIDTH="22" VPOS="2318" HPOS="448"/><String ID="p76_w346" CONTENT="proper" HPOS="470" VPOS="2318" WIDTH="116" HEIGHT="75" STYLEREFS="font0"/><SP WIDTH="16" VPOS="2318" HPOS="586"/><String ID="p76_w347" CONTENT="for" HPOS="602" VPOS="2318" WIDTH="52" HEIGHT="75" STYLEREFS="font0"/><SP WIDTH="15" VPOS="2318" HPOS="654"/><String ID="p76_w348" CONTENT="nourifhing" HPOS="669" VPOS="2318" WIDTH="182" HEIGHT="75" STYLEREFS="font0"/><SP WIDTH="15" VPOS="2318" HPOS="851"/><String ID="p76_w349" CONTENT="plants." HPOS="866" VPOS="2318" WIDTH="118" HEIGHT="75" STYLEREFS="font0"/></TextLine><TextLine WIDTH="978" HEIGHT="75" ID="p76_t44" HPOS="257" VPOS="2364"><String ID="p76_w350" CONTENT="Its" HPOS="257" VPOS="2364" WIDTH="47" HEIGHT="75" STYLEREFS="font0"/><SP WIDTH="18" VPOS="2364" HPOS="304"/><String ID="p76_w351" CONTENT="oils" HPOS="322" VPOS="2364" WIDTH="59" HEIGHT="75" STYLEREFS="font0"/><SP WIDTH="18" VPOS="2364" HPOS="381"/><String ID="p76_w352" CONTENT="and" HPOS="399" VPOS="2364" WIDTH="63" HEIGHT="75" STYLEREFS="font0"/><SP WIDTH="16" VPOS="2364" HPOS="462"/><String ID="p76_w353" CONTENT="falts" HPOS="478" VPOS="2364" WIDTH="74" HEIGHT="75" STYLEREFS="font0"/><SP WIDTH="18" VPOS="2364" HPOS="552"/><String ID="p76_w354" CONTENT="afford" HPOS="570" VPOS="2364" WIDTH="105" HEIGHT="75" STYLEREFS="font0"/><SP WIDTH="15" VPOS="2364" HPOS="675"/><String ID="p76_w355" CONTENT="food" HPOS="690" VPOS="2364" WIDTH="79" HEIGHT="75" STYLEREFS="font0"/><SP WIDTH="12" VPOS="2364" HPOS="769"/><String ID="p76_w356" CONTENT="to" HPOS="781" VPOS="2364" WIDTH="35" HEIGHT="75" STYLEREFS="font0"/><SP WIDTH="17" VPOS="2364" HPOS="816"/><String ID="p76_w357" CONTENT="the" HPOS="833" VPOS="2364" WIDTH="55" HEIGHT="75" STYLEREFS="font0"/><SP WIDTH="19" VPOS="2364" HPOS="888"/><String ID="p76_w358" CONTENT="plants" HPOS="907" VPOS="2364" WIDTH="102" HEIGHT="75" STYLEREFS="font0"/><SP WIDTH="12" VPOS="2364" HPOS="1009"/><String ID="p76_w359" CONTENT=";" HPOS="1021" VPOS="2364" WIDTH="10" HEIGHT="75" STYLEREFS="font0"/><SP WIDTH="26" VPOS="2364" HPOS="1031"/><String ID="p76_w360" CONTENT="the" HPOS="1057" VPOS="2364" WIDTH="55" HEIGHT="75" STYLEREFS="font0"/><SP WIDTH="17" VPOS="2364" HPOS="1112"/><String ID="p76_w361" CONTENT="abfor-" HPOS="1129" VPOS="2364" WIDTH="106" HEIGHT="75" STYLEREFS="font0"/></TextLine><TextLine WIDTH="1025" HEIGHT="75" ID="p76_t45" HPOS="210" VPOS="2410"><String ID="p76_w362" CONTENT="bent" HPOS="210" VPOS="2410" WIDTH="75" HEIGHT="75" STYLEREFS="font0"/><SP WIDTH="13" VPOS="2410" HPOS="285"/><String ID="p76_w363" CONTENT="quality" HPOS="298" VPOS="2410" WIDTH="125" HEIGHT="75" STYLEREFS="font0"/><SP WIDTH="8" VPOS="2410" HPOS="423"/><String ID="p76_w364" CONTENT="of" HPOS="431" VPOS="2410" WIDTH="40" HEIGHT="75" STYLEREFS="font0"/><SP WIDTH="5" VPOS="2410" HPOS="471"/><String ID="p76_w365" CONTENT="which" HPOS="476" VPOS="2410" WIDTH="107" HEIGHT="75" STYLEREFS="font0"/><SP WIDTH="12" VPOS="2410" HPOS="583"/><String ID="p76_w366" CONTENT="it" HPOS="595" VPOS="2410" WIDTH="26" HEIGHT="75" STYLEREFS="font0"/><SP WIDTH="11" VPOS="2410" HPOS="621"/><String ID="p76_w367" CONTENT="is" HPOS="632" VPOS="2410" WIDTH="28" HEIGHT="75" STYLEREFS="font0"/><SP WIDTH="11" VPOS="2410" HPOS="660"/><String ID="p76_w368" CONTENT="poffeffed," HPOS="671" VPOS="2410" WIDTH="162" HEIGHT="75" STYLEREFS="font0"/><SP WIDTH="18" VPOS="2410" HPOS="833"/><String ID="p76_w369" CONTENT="alfo" HPOS="851" VPOS="2410" WIDTH="64" HEIGHT="75" STYLEREFS="font0"/><SP WIDTH="13" VPOS="2410" HPOS="915"/><String ID="p76_w370" CONTENT="attrads" HPOS="928" VPOS="2410" WIDTH="129" HEIGHT="75" STYLEREFS="font0"/><SP WIDTH="12" VPOS="2410" HPOS="1057"/><String ID="p76_w371" CONTENT="vegetable" HPOS="1069" VPOS="2410" WIDTH="166" HEIGHT="75" STYLEREFS="font0"/></TextLine><TextLine WIDTH="1025" HEIGHT="75" ID="p76_t46" HPOS="210" VPOS="2458"><String ID="p76_w372" CONTENT="food" HPOS="210" VPOS="2458" WIDTH="80" HEIGHT="75" STYLEREFS="font0"/><SP WIDTH="17" VPOS="2458" HPOS="290"/><String ID="p76_w373" CONTENT="from" HPOS="307" VPOS="2458" WIDTH="84" HEIGHT="75" STYLEREFS="font0"/><SP WIDTH="17" VPOS="2458" HPOS="391"/><String ID="p76_w374" CONTENT="the" HPOS="408" VPOS="2458" WIDTH="55" HEIGHT="75" STYLEREFS="font0"/><SP WIDTH="17" VPOS="2458" HPOS="463"/><String ID="p76_w375" CONTENT="air;" HPOS="480" VPOS="2458" WIDTH="68" HEIGHT="75" STYLEREFS="font0"/><SP WIDTH="27" VPOS="2458" HPOS="548"/><String ID="p76_w376" CONTENT="its" HPOS="575" VPOS="2458" WIDTH="41" HEIGHT="75" STYLEREFS="font0"/><SP WIDTH="23" VPOS="2458" HPOS="616"/><String ID="p76_w377" CONTENT="friablenefs," HPOS="639" VPOS="2458" WIDTH="196" HEIGHT="75" STYLEREFS="font0"/><SP WIDTH="31" VPOS="2458" HPOS="835"/><String ID="p76_w378" CONTENT="aad" HPOS="866" VPOS="2458" WIDTH="62" HEIGHT="75" STYLEREFS="font0"/><SP WIDTH="21" VPOS="2458" HPOS="928"/><String ID="p76_w379" CONTENT="fermenting" HPOS="949" VPOS="2458" WIDTH="192" HEIGHT="75" STYLEREFS="font0"/><SP WIDTH="14" VPOS="2458" HPOS="1141"/><String ID="p76_w380" CONTENT="with" HPOS="1155" VPOS="2458" WIDTH="80" HEIGHT="75" STYLEREFS="font0"/></TextLine><TextLine WIDTH="1051" HEIGHT="75" ID="p76_t47" HPOS="184" VPOS="2503"><String ID="p76_w381" CONTENT="'" HPOS="184" VPOS="2503" WIDTH="7" HEIGHT="75" STYLEREFS="font0"/><SP WIDTH="20" VPOS="2503" HPOS="191"/><String ID="p76_w382" CONTENT="acids," HPOS="211" VPOS="2503" WIDTH="100" HEIGHT="75" STYLEREFS="font0"/><SP WIDTH="24" VPOS="2503" HPOS="311"/><String ID="p76_w383" CONTENT="give" HPOS="335" VPOS="2503" WIDTH="72" HEIGHT="75" STYLEREFS="font0"/><SP WIDTH="25" VPOS="2503" HPOS="407"/><String ID="p76_w384" CONTENT="an" HPOS="432" VPOS="2503" WIDTH="40" HEIGHT="75" STYLEREFS="font0"/><SP WIDTH="31" VPOS="2503" HPOS="472"/><String ID="p76_w385" CONTENT="eafy" HPOS="503" VPOS="2503" WIDTH="72" HEIGHT="75" STYLEREFS="font0"/><SP WIDTH="15" VPOS="2503" HPOS="575"/><String ID="p76_w386" CONTENT="paffage" HPOS="590" VPOS="2503" WIDTH="123" HEIGHT="75" STYLEREFS="font0"/><SP WIDTH="18" VPOS="2503" HPOS="713"/><String ID="p76_w387" CONTENT="to." HPOS="731" VPOS="2503" WIDTH="42" HEIGHT="75" STYLEREFS="font0"/><SP WIDTH="8" VPOS="2503" HPOS="773"/><String ID="p76_w388" CONTENT="the" HPOS="781" VPOS="2503" WIDTH="57" HEIGHT="75" STYLEREFS="font0"/><SP WIDTH="23" VPOS="2503" HPOS="838"/><String ID="p76_w389" CONTENT="roots" HPOS="861" VPOS="2503" WIDTH="89" HEIGHT="75" STYLEREFS="font0"/><SP WIDTH="15" VPOS="2503" HPOS="950"/><String ID="p76_w390" CONTENT="to" HPOS="965" VPOS="2503" WIDTH="37" HEIGHT="75" STYLEREFS="font0"/><SP WIDTH="22" VPOS="2503" HPOS="1002"/><String ID="p76_w391" CONTENT="acquire" HPOS="1024" VPOS="2503" WIDTH="130" HEIGHT="75" STYLEREFS="font0"/><SP WIDTH="17" VPOS="2503" HPOS="1154"/><String ID="p76_w392" CONTENT="this" HPOS="1171" VPOS="2503" WIDTH="64" HEIGHT="75" STYLEREFS="font0"/></TextLine><TextLine WIDTH="91" HEIGHT="75" ID="p76_t48" HPOS="211" VPOS="2549"><String ID="p76_w393" CONTENT="food." HPOS="211" VPOS="2549" WIDTH="91" HEIGHT="75" STYLEREFS="font0"/></TextLine><TextLine WIDTH="978" HEIGHT="75" ID="p76_t49" HPOS="258" VPOS="2595"><String ID="p76_w394" CONTENT="Experience," HPOS="258" VPOS="2595" WIDTH="216" HEIGHT="75" STYLEREFS="font0"/><SP WIDTH="27" VPOS="2595" HPOS="474"/><String ID="p76_w395" CONTENT="the" HPOS="501" VPOS="2595" WIDTH="55" HEIGHT="75" STYLEREFS="font0"/><SP WIDTH="27" VPOS="2595" HPOS="556"/><String ID="p76_w396" CONTENT="only" HPOS="583" VPOS="2595" WIDTH="76" HEIGHT="75" STYLEREFS="font0"/><SP WIDTH="27" VPOS="2595" HPOS="659"/><String ID="p76_w397" CONTENT="fare" HPOS="686" VPOS="2595" WIDTH="71" HEIGHT="75" STYLEREFS="font0"/><SP WIDTH="24" VPOS="2595" HPOS="757"/><String ID="p76_w398" CONTENT="guide" HPOS="781" VPOS="2595" WIDTH="95" HEIGHT="75" STYLEREFS="font0"/><SP WIDTH="24" VPOS="2595" HPOS="876"/><String ID="p76_w399" CONTENT="in" HPOS="900" VPOS="2595" WIDTH="33" HEIGHT="75" STYLEREFS="font0"/><SP WIDTH="15" VPOS="2595" HPOS="933"/><String ID="p76_w400" CONTENT="fubje&lt;fts" HPOS="948" VPOS="2595" WIDTH="135" HEIGHT="75" STYLEREFS="font0"/><SP WIDTH="27" VPOS="2595" HPOS="1083"/><String ID="p76_w401" CONTENT="of" HPOS="1110" VPOS="2595" WIDTH="41" HEIGHT="75" STYLEREFS="font0"/><SP WIDTH="21" VPOS="2595" HPOS="1151"/><String ID="p76_w402" CONTENT="this" HPOS="1172" VPOS="2595" WIDTH="64" HEIGHT="75" STYLEREFS="font0"/></TextLine><TextLine WIDTH="1025" HEIGHT="75" ID="p76_t50" HPOS="212" VPOS="2642"><String ID="p76_w403" CONTENT="kind," HPOS="212" VPOS="2642" WIDTH="89" HEIGHT="75" STYLEREFS="font0"/><SP WIDTH="25" VPOS="2642" HPOS="301"/><String ID="p76_w404" CONTENT="fhows" HPOS="326" VPOS="2642" WIDTH="100" HEIGHT="75" STYLEREFS="font0"/><SP WIDTH="17" VPOS="2642" HPOS="426"/><String ID="p76_w405" CONTENT="that" HPOS="443" VPOS="2642" WIDTH="71" HEIGHT="75" STYLEREFS="font0"/><SP WIDTH="16" VPOS="2642" HPOS="514"/><String ID="p76_w406" CONTENT="a" HPOS="530" VPOS="2642" WIDTH="18" HEIGHT="75" STYLEREFS="font0"/><SP WIDTH="17" VPOS="2642" HPOS="548"/><String ID="p76_w407" CONTENT="loamy" HPOS="565" VPOS="2642" WIDTH="107" HEIGHT="75" STYLEREFS="font0"/><SP WIDTH="23" VPOS="2642" HPOS="672"/><String ID="p76_w408" CONTENT="foil" HPOS="695" VPOS="2642" WIDTH="58" HEIGHT="75" STYLEREFS="font0"/><SP WIDTH="28" VPOS="2642" HPOS="753"/><String ID="p76_w409" CONTENT="is" HPOS="781" VPOS="2642" WIDTH="26" HEIGHT="75" STYLEREFS="font0"/><SP WIDTH="26" VPOS="2642" HPOS="807"/><String ID="p76_w410" CONTENT="inoft" HPOS="833" VPOS="2642" WIDTH="79" HEIGHT="75" STYLEREFS="font0"/><SP WIDTH="26" VPOS="2642" HPOS="912"/><String ID="p76_w411" CONTENT="fruitful." HPOS="938" VPOS="2642" WIDTH="140" HEIGHT="75" STYLEREFS="font0"/><SP WIDTH="62" VPOS="2642" HPOS="1078"/><String ID="p76_w412" CONTENT="Some" HPOS="1140" VPOS="2642" WIDTH="97" HEIGHT="75" STYLEREFS="font0"/></TextLine><TextLine WIDTH="1024" HEIGHT="75" ID="p76_t51" HPOS="213" VPOS="2687"><String ID="p76_w413" CONTENT="lolls," HPOS="213" VPOS="2687" WIDTH="87" HEIGHT="75" STYLEREFS="font0"/><SP WIDTH="24" VPOS="2687" HPOS="300"/><String ID="p76_w414" CONTENT="when" HPOS="324" VPOS="2687" WIDTH="93" HEIGHT="75" STYLEREFS="font0"/><SP WIDTH="25" VPOS="2687" HPOS="417"/><String ID="p76_w415" CONTENT="well" HPOS="442" VPOS="2687" WIDTH="73" HEIGHT="75" STYLEREFS="font0"/><SP WIDTH="27" VPOS="2687" HPOS="515"/><String ID="p76_w416" CONTENT="limed" HPOS="542" VPOS="2687" WIDTH="96" HEIGHT="75" STYLEREFS="font0"/><SP WIDTH="30" VPOS="2687" HPOS="638"/><String ID="p76_w417" CONTENT="or" HPOS="668" VPOS="2687" WIDTH="37" HEIGHT="75" STYLEREFS="font0"/><SP WIDTH="27" VPOS="2687" HPOS="705"/><String ID="p76_w418" CONTENT="dunged," HPOS="732" VPOS="2687" WIDTH="142" HEIGHT="75" STYLEREFS="font0"/><SP WIDTH="23" VPOS="2687" HPOS="874"/><String ID="p76_w419" CONTENT="may" HPOS="897" VPOS="2687" WIDTH="74" HEIGHT="75" STYLEREFS="font0"/><SP WIDTH="25" VPOS="2687" HPOS="971"/><String ID="p76_w420" CONTENT="bear" HPOS="996" VPOS="2687" WIDTH="76" HEIGHT="75" STYLEREFS="font0"/><SP WIDTH="25" VPOS="2687" HPOS="1072"/><String ID="p76_w421" CONTENT="as" HPOS="1097" VPOS="2687" WIDTH="32" HEIGHT="75" STYLEREFS="font0"/><SP WIDTH="18" VPOS="2687" HPOS="1129"/><String ID="p76_w422" CONTENT="great" HPOS="1147" VPOS="2687" WIDTH="90" HEIGHT="75" STYLEREFS="font0"/></TextLine><TextLine WIDTH="1024" HEIGHT="75" ID="p76_t52" HPOS="214" VPOS="2735"><String ID="p76_w423" CONTENT="crops" HPOS="214" VPOS="2735" WIDTH="92" HEIGHT="75" STYLEREFS="font0"/><SP WIDTH="17" VPOS="2735" HPOS="306"/><String ID="p76_w424" CONTENT="as" HPOS="323" VPOS="2735" WIDTH="33" HEIGHT="75" STYLEREFS="font0"/><SP WIDTH="15" VPOS="2735" HPOS="356"/><String ID="p76_w425" CONTENT="the" HPOS="371" VPOS="2735" WIDTH="57" HEIGHT="75" STYLEREFS="font0"/><SP WIDTH="16" VPOS="2735" HPOS="428"/><String ID="p76_w426" CONTENT="loamy" HPOS="444" VPOS="2735" WIDTH="107" HEIGHT="75" STYLEREFS="font0"/><SP WIDTH="14" VPOS="2735" HPOS="551"/><String ID="p76_w427" CONTENT="foil;" HPOS="565" VPOS="2735" WIDTH="77" HEIGHT="75" STYLEREFS="font0"/><SP WIDTH="28" VPOS="2735" HPOS="642"/><String ID="p76_w428" CONTENT="but" HPOS="670" VPOS="2735" WIDTH="56" HEIGHT="75" STYLEREFS="font0"/><SP WIDTH="27" VPOS="2735" HPOS="726"/><String ID="p76_w429" CONTENT="then" HPOS="753" VPOS="2735" WIDTH="78" HEIGHT="75" STYLEREFS="font0"/><SP WIDTH="22" VPOS="2735" HPOS="831"/><String ID="p76_w430" CONTENT="they" HPOS="853" VPOS="2735" WIDTH="78" HEIGHT="75" STYLEREFS="font0"/><SP WIDTH="16" VPOS="2735" HPOS="931"/><String ID="p76_w431" CONTENT="require" HPOS="947" VPOS="2735" WIDTH="128" HEIGHT="75" STYLEREFS="font0"/><SP WIDTH="17" VPOS="2735" HPOS="1075"/><String ID="p76_w432" CONTENT="a" HPOS="1092" VPOS="2735" WIDTH="19" HEIGHT="75" STYLEREFS="font0"/><SP WIDTH="14" VPOS="2735" HPOS="1111"/><String ID="p76_w433" CONTENT="fupply" HPOS="1125" VPOS="2735" WIDTH="113" HEIGHT="75" STYLEREFS="font0"/></TextLine><TextLine WIDTH="1025" HEIGHT="75" ID="p76_t53" HPOS="213" VPOS="2780"><String ID="p76_w434" CONTENT="inuch" HPOS="213" VPOS="2780" WIDTH="96" HEIGHT="75" STYLEREFS="font0"/><SP WIDTH="22" VPOS="2780" HPOS="309"/><String ID="p76_w435" CONTENT="fooner.." HPOS="331" VPOS="2780" WIDTH="133" HEIGHT="75" STYLEREFS="font0"/><SP WIDTH="48" VPOS="2780" HPOS="464"/><String ID="p76_w436" CONTENT="The" HPOS="512" VPOS="2780" WIDTH="77" HEIGHT="75" STYLEREFS="font0"/><SP WIDTH="16" VPOS="2780" HPOS="589"/><String ID="p76_w437" CONTENT="loamy" HPOS="605" VPOS="2780" WIDTH="107" HEIGHT="75" STYLEREFS="font0"/><SP WIDTH="18" VPOS="2780" HPOS="712"/><String ID="p76_w438" CONTENT="foil" HPOS="730" VPOS="2780" WIDTH="58" HEIGHT="75" STYLEREFS="font0"/><SP WIDTH="10" VPOS="2780" HPOS="788"/><String ID="p76_w439" CONTENT="has" HPOS="798" VPOS="2780" WIDTH="63" HEIGHT="75" STYLEREFS="font0"/><SP WIDTH="16" VPOS="2780" HPOS="861"/><String ID="p76_w440" CONTENT="likewife" HPOS="877" VPOS="2780" WIDTH="139" HEIGHT="75" STYLEREFS="font0"/><SP WIDTH="17" VPOS="2780" HPOS="1016"/><String ID="p76_w441" CONTENT="another" HPOS="1033" VPOS="2780" WIDTH="133" HEIGHT="75" STYLEREFS="font0"/><SP WIDTH="16" VPOS="2780" HPOS="1166"/><String ID="p76_w442" CONTENT="ad-" HPOS="1182" VPOS="2780" WIDTH="56" HEIGHT="75" STYLEREFS="font0"/></TextLine><TextLine WIDTH="1024" HEIGHT="75" ID="p76_t54" HPOS="215" VPOS="2827"><String ID="p76_w443" CONTENT="vantage" HPOS="215" VPOS="2827" WIDTH="133" HEIGHT="75" STYLEREFS="font0"/><SP WIDTH="16" VPOS="2827" HPOS="348"/><String ID="p76_w444" CONTENT="pver" HPOS="364" VPOS="2827" WIDTH="77" HEIGHT="75" STYLEREFS="font0"/><SP WIDTH="16" VPOS="2827" HPOS="441"/><String ID="p76_w445" CONTENT="every" HPOS="457" VPOS="2827" WIDTH="95" HEIGHT="75" STYLEREFS="font0"/><SP WIDTH="16" VPOS="2827" HPOS="552"/><String ID="p76_w446" CONTENT="o^her" HPOS="568" VPOS="2827" WIDTH="92" HEIGHT="75" STYLEREFS="font0"/><SP WIDTH="14" VPOS="2827" HPOS="660"/><String ID="p76_w447" CONTENT=":" HPOS="674" VPOS="2827" WIDTH="9" HEIGHT="75" STYLEREFS="font0"/><SP WIDTH="39" VPOS="2827" HPOS="683"/><String ID="p76_w448" CONTENT="It" HPOS="722" VPOS="2827" WIDTH="33" HEIGHT="75" STYLEREFS="font0"/><SP WIDTH="23" VPOS="2827" HPOS="755"/><String ID="p76_w449" CONTENT="does" HPOS="778" VPOS="2827" WIDTH="78" HEIGHT="75" STYLEREFS="font0"/><SP WIDTH="19" VPOS="2827" HPOS="856"/><String ID="p76_w450" CONTENT="not" HPOS="875" VPOS="2827" WIDTH="60" HEIGHT="75" STYLEREFS="font0"/><SP WIDTH="23" VPOS="2827" HPOS="935"/><String ID="p76_w451" CONTENT="fuffer" HPOS="958" VPOS="2827" WIDTH="96" HEIGHT="75" STYLEREFS="font0"/><SP WIDTH="27" VPOS="2827" HPOS="1054"/><String ID="p76_w452" CONTENT="fo" HPOS="1081" VPOS="2827" WIDTH="35" HEIGHT="75" STYLEREFS="font0"/><SP WIDTH="27" VPOS="2827" HPOS="1116"/><String ID="p76_w453" CONTENT="much" HPOS="1143" VPOS="2827" WIDTH="96" HEIGHT="75" STYLEREFS="font0"/></TextLine><TextLine WIDTH="838" HEIGHT="75" ID="p76_t55" HPOS="212" VPOS="2872"><String ID="p76_w454" CONTENT="from" HPOS="212" VPOS="2872" WIDTH="87" HEIGHT="75" STYLEREFS="font0"/><SP WIDTH="16" VPOS="2872" HPOS="299"/><String ID="p76_w455" CONTENT="drought" HPOS="315" VPOS="2872" WIDTH="140" HEIGHT="75" STYLEREFS="font0"/><SP WIDTH="15" VPOS="2872" HPOS="455"/><String ID="p76_w456" CONTENT="or" HPOS="470" VPOS="2872" WIDTH="38" HEIGHT="75" STYLEREFS="font0"/><SP WIDTH="15" VPOS="2872" HPOS="508"/><String ID="p76_w457" CONTENT="rain," HPOS="523" VPOS="2872" WIDTH="80" HEIGHT="75" STYLEREFS="font0"/><SP WIDTH="25" VPOS="2872" HPOS="603"/><String ID="p76_w458" CONTENT="as" HPOS="628" VPOS="2872" WIDTH="33" HEIGHT="75" STYLEREFS="font0"/><SP WIDTH="17" VPOS="2872" HPOS="661"/><String ID="p76_w459" CONTENT="clay" HPOS="678" VPOS="2872" WIDTH="71" HEIGHT="75" STYLEREFS="font0"/><SP WIDTH="22" VPOS="2872" HPOS="749"/><String ID="p76_w460" CONTENT="and" HPOS="771" VPOS="2872" WIDTH="63" HEIGHT="75" STYLEREFS="font0"/><SP WIDTH="14" VPOS="2872" HPOS="834"/><String ID="p76_w461" CONTENT="fandy" HPOS="848" VPOS="2872" WIDTH="99" HEIGHT="75" STYLEREFS="font0"/><SP WIDTH="15" VPOS="2872" HPOS="947"/><String ID="p76_w462" CONTENT="foils." HPOS="962" VPOS="2872" WIDTH="88" HEIGHT="75" STYLEREFS="font0"/></TextLine><TextLine WIDTH="982" HEIGHT="75" ID="p76_t56" HPOS="264" VPOS="2919"><String ID="p76_w463" CONTENT="All" HPOS="264" VPOS="2919" WIDTH="54" HEIGHT="75" STYLEREFS="font0"/><SP WIDTH="16" VPOS="2919" HPOS="318"/><String ID="p76_w464" CONTENT="land" HPOS="334" VPOS="2919" WIDTH="75" HEIGHT="75" STYLEREFS="font0"/><SP WIDTH="16" VPOS="2919" HPOS="409"/><String ID="p76_w465" CONTENT="called" HPOS="425" VPOS="2919" WIDTH="99" HEIGHT="75" STYLEREFS="font0"/><SP WIDTH="16" VPOS="2919" HPOS="524"/><String ID="p76_w466" CONTENT="in-field" HPOS="540" VPOS="2919" WIDTH="129" HEIGHT="75" STYLEREFS="font0"/><SP WIDTH="13" VPOS="2919" HPOS="669"/><String ID="p76_w467" CONTENT="land" HPOS="682" VPOS="2919" WIDTH="86" HEIGHT="75" STYLEREFS="font0"/><SP WIDTH="14" VPOS="2919" HPOS="768"/><String ID="p76_w468" CONTENT="has" HPOS="782" VPOS="2919" WIDTH="57" HEIGHT="75" STYLEREFS="font0"/><SP WIDTH="24" VPOS="2919" HPOS="839"/><String ID="p76_w469" CONTENT="a" HPOS="863" VPOS="2919" WIDTH="19" HEIGHT="75" STYLEREFS="font0"/><SP WIDTH="23" VPOS="2919" HPOS="882"/><String ID="p76_w470" CONTENT="certain" HPOS="905" VPOS="2919" WIDTH="120" HEIGHT="75" STYLEREFS="font0"/><SP WIDTH="16" VPOS="2919" HPOS="1025"/><String ID="p76_w471" CONTENT="quantity" HPOS="1041" VPOS="2919" WIDTH="149" HEIGHT="75" STYLEREFS="font0"/><SP WIDTH="15" VPOS="2919" HPOS="1190"/><String ID="p76_w472" CONTENT="of" HPOS="1205" VPOS="2919" WIDTH="41" HEIGHT="75" STYLEREFS="font0"/></TextLine><TextLine WIDTH="1025" HEIGHT="75" ID="p76_t57" HPOS="215" VPOS="2967"><String ID="p76_w473" CONTENT="loam" HPOS="215" VPOS="2967" WIDTH="85" HEIGHT="75" STYLEREFS="font0"/><SP WIDTH="25" VPOS="2967" HPOS="300"/><String ID="p76_w474" CONTENT="in." HPOS="325" VPOS="2967" WIDTH="43" HEIGHT="75" STYLEREFS="font0"/><SP WIDTH="16" VPOS="2967" HPOS="368"/><String ID="p76_w475" CONTENT="its" HPOS="384" VPOS="2967" WIDTH="42" HEIGHT="75" STYLEREFS="font0"/><SP WIDTH="26" VPOS="2967" HPOS="426"/><String ID="p76_w476" CONTENT="compofition," HPOS="452" VPOS="2967" WIDTH="218" HEIGHT="75" STYLEREFS="font0"/><SP WIDTH="32" VPOS="2967" HPOS="670"/><String ID="p76_w477" CONTENT="probably" HPOS="702" VPOS="2967" WIDTH="157" HEIGHT="75" STYLEREFS="font0"/><SP WIDTH="22" VPOS="2967" HPOS="859"/><String ID="p76_w478" CONTENT="owing" HPOS="881" VPOS="2967" WIDTH="106" HEIGHT="75" STYLEREFS="font0"/><SP WIDTH="28" VPOS="2967" HPOS="987"/><String ID="p76_w479" CONTENT="to" HPOS="1015" VPOS="2967" WIDTH="35" HEIGHT="75" STYLEREFS="font0"/><SP WIDTH="24" VPOS="2967" HPOS="1050"/><String ID="p76_w480" CONTENT="the" HPOS="1074" VPOS="2967" WIDTH="54" HEIGHT="75" STYLEREFS="font0"/><SP WIDTH="25" VPOS="2967" HPOS="1128"/><String ID="p76_w481" CONTENT="dung" HPOS="1153" VPOS="2967" WIDTH="87" HEIGHT="75" STYLEREFS="font0"/></TextLine><TextLine WIDTH="598" HEIGHT="75" ID="p76_t58" HPOS="1258" VPOS="142"><String ID="p76_w482" CONTENT="‘" HPOS="1258" VPOS="142" WIDTH="6" HEIGHT="75" STYLEREFS="font0"/><SP WIDTH="79" VPOS="142" HPOS="1264"/><String ID="p76_w483" CONTENT="L" HPOS="1343" VPOS="142" WIDTH="36" HEIGHT="75" STYLEREFS="font0"/><SP WIDTH="77" VPOS="142" HPOS="1379"/><String ID="p76_w484" CONTENT="T" HPOS="1456" VPOS="142" WIDTH="39" HEIGHT="75" STYLEREFS="font0"/><SP WIDTH="77" VPOS="142" HPOS="1495"/><String ID="p76_w485" CONTENT="U" HPOS="1572" VPOS="142" WIDTH="44" HEIGHT="75" STYLEREFS="font0"/><SP WIDTH="77" VPOS="142" HPOS="1616"/><String ID="p76_w486" CONTENT="R" HPOS="1693" VPOS="142" WIDTH="37" HEIGHT="75" STYLEREFS="font0"/><SP WIDTH="77" VPOS="142" HPOS="1730"/><String ID="p76_w487" CONTENT="E." HPOS="1807" VPOS="142" WIDTH="49" HEIGHT="75" STYLEREFS="font0"/></TextLine><TextLine WIDTH="1029" HEIGHT="75" ID="p76_t59" HPOS="1272" VPOS="213"><String ID="p76_w488" CONTENT="which" HPOS="1272" VPOS="213" WIDTH="105" HEIGHT="75" STYLEREFS="font0"/><SP WIDTH="17" VPOS="213" HPOS="1377"/><String ID="p76_w489" CONTENT="is" HPOS="1394" VPOS="213" WIDTH="26" HEIGHT="75" STYLEREFS="font0"/><SP WIDTH="17" VPOS="213" HPOS="1420"/><String ID="p76_w490" CONTENT="laid" HPOS="1437" VPOS="213" WIDTH="66" HEIGHT="75" STYLEREFS="font0"/><SP WIDTH="15" VPOS="213" HPOS="1503"/><String ID="p76_w491" CONTENT="from" HPOS="1518" VPOS="213" WIDTH="85" HEIGHT="75" STYLEREFS="font0"/><SP WIDTH="15" VPOS="213" HPOS="1603"/><String ID="p76_w492" CONTENT="time" HPOS="1618" VPOS="213" WIDTH="78" HEIGHT="75" STYLEREFS="font0"/><SP WIDTH="15" VPOS="213" HPOS="1696"/><String ID="p76_w493" CONTENT="to" HPOS="1711" VPOS="213" WIDTH="36" HEIGHT="75" STYLEREFS="font0"/><SP WIDTH="17" VPOS="213" HPOS="1747"/><String ID="p76_w494" CONTENT="time" HPOS="1764" VPOS="213" WIDTH="76" HEIGHT="75" STYLEREFS="font0"/><SP WIDTH="15" VPOS="213" HPOS="1840"/><String ID="p76_w495" CONTENT="upon" HPOS="1855" VPOS="213" WIDTH="86" HEIGHT="75" STYLEREFS="font0"/><SP WIDTH="10" VPOS="213" HPOS="1941"/><String ID="p76_w496" CONTENT="it." HPOS="1951" VPOS="213" WIDTH="45" HEIGHT="75" STYLEREFS="font0"/><SP WIDTH="31" VPOS="213" HPOS="1996"/><String ID="p76_w497" CONTENT="This" HPOS="2027" VPOS="213" WIDTH="87" HEIGHT="75" STYLEREFS="font0"/><SP WIDTH="16" VPOS="213" HPOS="2114"/><String ID="p76_w498" CONTENT="is" HPOS="2130" VPOS="213" WIDTH="26" HEIGHT="75" STYLEREFS="font0"/><SP WIDTH="17" VPOS="213" HPOS="2156"/><String ID="p76_w499" CONTENT="the" HPOS="2173" VPOS="213" WIDTH="55" HEIGHT="75" STYLEREFS="font0"/><SP WIDTH="14" VPOS="213" HPOS="2228"/><String ID="p76_w500" CONTENT="on-" HPOS="2242" VPOS="213" WIDTH="59" HEIGHT="75" STYLEREFS="font0"/></TextLine><TextLine WIDTH="864" HEIGHT="75" ID="p76_t60" HPOS="1273" VPOS="260"><String ID="p76_w501" CONTENT="ly" HPOS="1273" VPOS="260" WIDTH="34" HEIGHT="75" STYLEREFS="font0"/><SP WIDTH="15" VPOS="260" HPOS="1307"/><String ID="p76_w502" CONTENT="diftinfiion" HPOS="1322" VPOS="260" WIDTH="176" HEIGHT="75" STYLEREFS="font0"/><SP WIDTH="16" VPOS="260" HPOS="1498"/><String ID="p76_w503" CONTENT="betwixt" HPOS="1514" VPOS="260" WIDTH="137" HEIGHT="75" STYLEREFS="font0"/><SP WIDTH="16" VPOS="260" HPOS="1651"/><String ID="p76_w504" CONTENT="out-field" HPOS="1667" VPOS="260" WIDTH="150" HEIGHT="75" STYLEREFS="font0"/><SP WIDTH="13" VPOS="260" HPOS="1817"/><String ID="p76_w505" CONTENT="and" HPOS="1830" VPOS="260" WIDTH="64" HEIGHT="75" STYLEREFS="font0"/><SP WIDTH="15" VPOS="260" HPOS="1894"/><String ID="p76_w506" CONTENT="in-field" HPOS="1909" VPOS="260" WIDTH="125" HEIGHT="75" STYLEREFS="font0"/><SP WIDTH="15" VPOS="260" HPOS="2034"/><String ID="p76_w507" CONTENT="land." HPOS="2049" VPOS="260" WIDTH="88" HEIGHT="75" STYLEREFS="font0"/></TextLine><TextLine WIDTH="983" HEIGHT="75" ID="p76_t61" HPOS="1320" VPOS="307"><String ID="p76_w508" CONTENT="The" HPOS="1320" VPOS="307" WIDTH="77" HEIGHT="75" STYLEREFS="font0"/><SP WIDTH="15" VPOS="307" HPOS="1397"/><String ID="p76_w509" CONTENT="foil" HPOS="1412" VPOS="307" WIDTH="59" HEIGHT="75" STYLEREFS="font0"/><SP WIDTH="16" VPOS="307" HPOS="1471"/><String ID="p76_w510" CONTENT="which" HPOS="1487" VPOS="307" WIDTH="106" HEIGHT="75" STYLEREFS="font0"/><SP WIDTH="13" VPOS="307" HPOS="1593"/><String ID="p76_w511" CONTENT="contains" HPOS="1606" VPOS="307" WIDTH="142" HEIGHT="75" STYLEREFS="font0"/><SP WIDTH="14" VPOS="307" HPOS="1748"/><String ID="p76_w512" CONTENT="a" HPOS="1762" VPOS="307" WIDTH="18" HEIGHT="75" STYLEREFS="font0"/><SP WIDTH="11" VPOS="307" HPOS="1780"/><String ID="p76_w513" CONTENT="great" HPOS="1791" VPOS="307" WIDTH="89" HEIGHT="75" STYLEREFS="font0"/><SP WIDTH="11" VPOS="307" HPOS="1880"/><String ID="p76_w514" CONTENT="proportion" HPOS="1891" VPOS="307" WIDTH="185" HEIGHT="75" STYLEREFS="font0"/><SP WIDTH="12" VPOS="307" HPOS="2076"/><String ID="p76_w515" CONTENT="of" HPOS="2088" VPOS="307" WIDTH="40" HEIGHT="75" STYLEREFS="font0"/><SP WIDTH="9" VPOS="307" HPOS="2128"/><String ID="p76_w516" CONTENT="loam," HPOS="2137" VPOS="307" WIDTH="98" HEIGHT="75" STYLEREFS="font0"/><SP WIDTH="18" VPOS="307" HPOS="2235"/><String ID="p76_w517" CONTENT="re-" HPOS="2253" VPOS="307" WIDTH="50" HEIGHT="75" STYLEREFS="font0"/></TextLine><TextLine WIDTH="1027" HEIGHT="75" ID="p76_t62" HPOS="1276" VPOS="353"><String ID="p76_w518" CONTENT="quires" HPOS="1276" VPOS="353" WIDTH="107" HEIGHT="75" STYLEREFS="font0"/><SP WIDTH="18" VPOS="353" HPOS="1383"/><String ID="p76_w519" CONTENT="very" HPOS="1401" VPOS="353" WIDTH="78" HEIGHT="75" STYLEREFS="font0"/><SP WIDTH="16" VPOS="353" HPOS="1479"/><String ID="p76_w520" CONTENT="little" HPOS="1495" VPOS="353" WIDTH="83" HEIGHT="75" STYLEREFS="font0"/><SP WIDTH="16" VPOS="353" HPOS="1578"/><String ID="p76_w521" CONTENT="manure." HPOS="1594" VPOS="353" WIDTH="142" HEIGHT="75" STYLEREFS="font0"/><SP WIDTH="49" VPOS="353" HPOS="1736"/><String ID="p76_w522" CONTENT="It" HPOS="1785" VPOS="353" WIDTH="32" HEIGHT="75" STYLEREFS="font0"/><SP WIDTH="20" VPOS="353" HPOS="1817"/><String ID="p76_w523" CONTENT="may" HPOS="1837" VPOS="353" WIDTH="74" HEIGHT="75" STYLEREFS="font0"/><SP WIDTH="15" VPOS="353" HPOS="1911"/><String ID="p76_w524" CONTENT="be" HPOS="1926" VPOS="353" WIDTH="40" HEIGHT="75" STYLEREFS="font0"/><SP WIDTH="18" VPOS="353" HPOS="1966"/><String ID="p76_w525" CONTENT="kept" HPOS="1984" VPOS="353" WIDTH="76" HEIGHT="75" STYLEREFS="font0"/><SP WIDTH="20" VPOS="353" HPOS="2060"/><String ID="p76_w526" CONTENT="coriftantly" HPOS="2080" VPOS="353" WIDTH="176" HEIGHT="75" STYLEREFS="font0"/><SP WIDTH="14" VPOS="353" HPOS="2256"/><String ID="p76_w527" CONTENT="in" HPOS="2270" VPOS="353" WIDTH="33" HEIGHT="75" STYLEREFS="font0"/></TextLine><TextLine WIDTH="934" HEIGHT="75" ID="p76_t63" HPOS="1277" VPOS="399"><String ID="p76_w528" CONTENT="good" HPOS="1277" VPOS="399" WIDTH="86" HEIGHT="75" STYLEREFS="font0"/><SP WIDTH="15" VPOS="399" HPOS="1363"/><String ID="p76_w529" CONTENT="heart" HPOS="1378" VPOS="399" WIDTH="92" HEIGHT="75" STYLEREFS="font0"/><SP WIDTH="15" VPOS="399" HPOS="1470"/><String ID="p76_w530" CONTENT="by" HPOS="1485" VPOS="399" WIDTH="44" HEIGHT="75" STYLEREFS="font0"/><SP WIDTH="16" VPOS="399" HPOS="1529"/><String ID="p76_w531" CONTENT="proper" HPOS="1545" VPOS="399" WIDTH="115" HEIGHT="75" STYLEREFS="font0"/><SP WIDTH="16" VPOS="399" HPOS="1660"/><String ID="p76_w532" CONTENT="tillage" HPOS="1676" VPOS="399" WIDTH="108" HEIGHT="75" STYLEREFS="font0"/><SP WIDTH="17" VPOS="399" HPOS="1784"/><String ID="p76_w533" CONTENT="and" HPOS="1801" VPOS="399" WIDTH="63" HEIGHT="75" STYLEREFS="font0"/><SP WIDTH="16" VPOS="399" HPOS="1864"/><String ID="p76_w534" CONTENT="good" HPOS="1880" VPOS="399" WIDTH="84" HEIGHT="75" STYLEREFS="font0"/><SP WIDTH="16" VPOS="399" HPOS="1964"/><String ID="p76_w535" CONTENT="management." HPOS="1980" VPOS="399" WIDTH="231" HEIGHT="75" STYLEREFS="font0"/></TextLine><TextLine WIDTH="982" HEIGHT="75" ID="p76_t64" HPOS="1323" VPOS="446"><String ID="p76_w536" CONTENT="The" HPOS="1323" VPOS="446" WIDTH="76" HEIGHT="75" STYLEREFS="font0"/><SP WIDTH="28" VPOS="446" HPOS="1399"/><String ID="p76_w537" CONTENT="common" HPOS="1427" VPOS="446" WIDTH="147" HEIGHT="75" STYLEREFS="font0"/><SP WIDTH="27" VPOS="446" HPOS="1574"/><String ID="p76_w538" CONTENT="loarny" HPOS="1601" VPOS="446" WIDTH="107" HEIGHT="75" STYLEREFS="font0"/><SP WIDTH="27" VPOS="446" HPOS="1708"/><String ID="p76_w539" CONTENT="foil" HPOS="1735" VPOS="446" WIDTH="58" HEIGHT="75" STYLEREFS="font0"/><SP WIDTH="18" VPOS="446" HPOS="1793"/><String ID="p76_w540" CONTENT="‘requires" HPOS="1811" VPOS="446" WIDTH="152" HEIGHT="75" STYLEREFS="font0"/><SP WIDTH="32" VPOS="446" HPOS="1963"/><String ID="p76_w541" CONTENT="manure," HPOS="1995" VPOS="446" WIDTH="142" HEIGHT="75" STYLEREFS="font0"/><SP WIDTH="36" VPOS="446" HPOS="2137"/><String ID="p76_w542" CONTENT="and" HPOS="2173" VPOS="446" WIDTH="64" HEIGHT="75" STYLEREFS="font0"/><SP WIDTH="24" VPOS="446" HPOS="2237"/><String ID="p76_w543" CONTENT="no" HPOS="2261" VPOS="446" WIDTH="44" HEIGHT="75" STYLEREFS="font0"/></TextLine><TextLine WIDTH="1028" HEIGHT="75" ID="p76_t65" HPOS="1277" VPOS="492"><String ID="p76_w544" CONTENT="kind" HPOS="1277" VPOS="492" WIDTH="77" HEIGHT="75" STYLEREFS="font0"/><SP WIDTH="23" VPOS="492" HPOS="1354"/><String ID="p76_w545" CONTENT="of" HPOS="1377" VPOS="492" WIDTH="41" HEIGHT="75" STYLEREFS="font0"/><SP WIDTH="19" VPOS="492" HPOS="1418"/><String ID="p76_w546" CONTENT="manurh" HPOS="1437" VPOS="492" WIDTH="130" HEIGHT="75" STYLEREFS="font0"/><SP WIDTH="23" VPOS="492" HPOS="1567"/><String ID="p76_w547" CONTENT="is" HPOS="1590" VPOS="492" WIDTH="26" HEIGHT="75" STYLEREFS="font0"/><SP WIDTH="26" VPOS="492" HPOS="1616"/><String ID="p76_w548" CONTENT="improper" HPOS="1642" VPOS="492" WIDTH="160" HEIGHT="75" STYLEREFS="font0"/><SP WIDTH="20" VPOS="492" HPOS="1802"/><String ID="p76_w549" CONTENT="for" HPOS="1822" VPOS="492" WIDTH="51" HEIGHT="75" STYLEREFS="font0"/><SP WIDTH="22" VPOS="492" HPOS="1873"/><String ID="p76_w550" CONTENT="it;" HPOS="1895" VPOS="492" WIDTH="48" HEIGHT="75" STYLEREFS="font0"/><SP WIDTH="26" VPOS="492" HPOS="1943"/><String ID="p76_w551" CONTENT="dung," HPOS="1969" VPOS="492" WIDTH="100" HEIGHT="75" STYLEREFS="font0"/><SP WIDTH="24" VPOS="492" HPOS="2069"/><String ID="p76_w552" CONTENT="however," HPOS="2093" VPOS="492" WIDTH="160" HEIGHT="75" STYLEREFS="font0"/><SP WIDTH="25" VPOS="492" HPOS="2253"/><String ID="p76_w553" CONTENT="is" HPOS="2278" VPOS="492" WIDTH="27" HEIGHT="75" STYLEREFS="font0"/></TextLine><TextLine WIDTH="1028" HEIGHT="75" ID="p76_t66" HPOS="1277" VPOS="539"><String ID="p76_w554" CONTENT="unqueftionably" HPOS="1277" VPOS="539" WIDTH="261" HEIGHT="75" STYLEREFS="font0"/><SP WIDTH="23" VPOS="539" HPOS="1538"/><String ID="p76_w555" CONTENT="the" HPOS="1561" VPOS="539" WIDTH="55" HEIGHT="75" STYLEREFS="font0"/><SP WIDTH="28" VPOS="539" HPOS="1616"/><String ID="p76_w556" CONTENT="heft." HPOS="1644" VPOS="539" WIDTH="77" HEIGHT="75" STYLEREFS="font0"/><SP WIDTH="58" VPOS="539" HPOS="1721"/><String ID="p76_w557" CONTENT="Lime," HPOS="1779" VPOS="539" WIDTH="109" HEIGHT="75" STYLEREFS="font0"/><SP WIDTH="25" VPOS="539" HPOS="1888"/><String ID="p76_w558" CONTENT="unlefs" HPOS="1913" VPOS="539" WIDTH="102" HEIGHT="75" STYLEREFS="font0"/><SP WIDTH="29" VPOS="539" HPOS="2015"/><String ID="p76_w559" CONTENT="managed" HPOS="2044" VPOS="539" WIDTH="155" HEIGHT="75" STYLEREFS="font0"/><SP WIDTH="27" VPOS="539" HPOS="2199"/><String ID="p76_w560" CONTENT="with" HPOS="2226" VPOS="539" WIDTH="79" HEIGHT="75" STYLEREFS="font0"/></TextLine><TextLine WIDTH="1026" HEIGHT="75" ID="p76_t67" HPOS="1278" VPOS="585"><String ID="p76_w561" CONTENT="care," HPOS="1278" VPOS="585" WIDTH="83" HEIGHT="75" STYLEREFS="font0"/><SP WIDTH="25" VPOS="585" HPOS="1361"/><String ID="p76_w562" CONTENT="is" HPOS="1386" VPOS="585" WIDTH="27" HEIGHT="75" STYLEREFS="font0"/><SP WIDTH="24" VPOS="585" HPOS="1413"/><String ID="p76_w563" CONTENT="in" HPOS="1437" VPOS="585" WIDTH="31" HEIGHT="75" STYLEREFS="font0"/><SP WIDTH="23" VPOS="585" HPOS="1468"/><String ID="p76_w564" CONTENT="danger" HPOS="1491" VPOS="585" WIDTH="121" HEIGHT="75" STYLEREFS="font0"/><SP WIDTH="19" VPOS="585" HPOS="1612"/><String ID="p76_w565" CONTENT="of" HPOS="1631" VPOS="585" WIDTH="41" HEIGHT="75" STYLEREFS="font0"/><SP WIDTH="17" VPOS="585" HPOS="1672"/><String ID="p76_w566" CONTENT="hurting" HPOS="1689" VPOS="585" WIDTH="132" HEIGHT="75" STYLEREFS="font0"/><SP WIDTH="23" VPOS="585" HPOS="1821"/><String ID="p76_w567" CONTENT="a" HPOS="1844" VPOS="585" WIDTH="19" HEIGHT="75" STYLEREFS="font0"/><SP WIDTH="17" VPOS="585" HPOS="1863"/><String ID="p76_w568" CONTENT="loamy" HPOS="1880" VPOS="585" WIDTH="110" HEIGHT="75" STYLEREFS="font0"/><SP WIDTH="17" VPOS="585" HPOS="1990"/><String ID="p76_w569" CONTENT="foil" HPOS="2007" VPOS="585" WIDTH="59" HEIGHT="75" STYLEREFS="font0"/><SP WIDTH="25" VPOS="585" HPOS="2066"/><String ID="p76_w570" CONTENT="by" HPOS="2091" VPOS="585" WIDTH="41" HEIGHT="75" STYLEREFS="font0"/><SP WIDTH="25" VPOS="585" HPOS="2132"/><String ID="p76_w571" CONTENT="exhauft-" HPOS="2157" VPOS="585" WIDTH="147" HEIGHT="75" STYLEREFS="font0"/></TextLine><TextLine WIDTH="107" HEIGHT="75" ID="p76_t68" HPOS="1277" VPOS="631"><String ID="p76_w572" CONTENT="ing" HPOS="1277" VPOS="631" WIDTH="54" HEIGHT="75" STYLEREFS="font0"/><SP WIDTH="15" VPOS="631" HPOS="1331"/><String ID="p76_w573" CONTENT="it." HPOS="1346" VPOS="631" WIDTH="38" HEIGHT="75" STYLEREFS="font0"/></TextLine><TextLine WIDTH="384" HEIGHT="75" ID="p76_t69" HPOS="1592" VPOS="751"><String ID="p76_w574" CONTENT="Of" HPOS="1592" VPOS="751" WIDTH="59" HEIGHT="75" STYLEREFS="font0"/><SP WIDTH="21" VPOS="751" HPOS="1651"/><String ID="p76_w575" CONTENT="the" HPOS="1672" VPOS="751" WIDTH="66" HEIGHT="75" STYLEREFS="font0"/><SP WIDTH="31" VPOS="751" HPOS="1738"/><String ID="p76_w576" CONTENT="Clay-Soil." HPOS="1769" VPOS="751" WIDTH="207" HEIGHT="75" STYLEREFS="font0"/></TextLine><TextLine WIDTH="989" HEIGHT="75" ID="p76_t70" HPOS="1323" VPOS="826"><String ID="p76_w577" CONTENT="The" HPOS="1323" VPOS="826" WIDTH="84" HEIGHT="75" STYLEREFS="font0"/><SP WIDTH="20" VPOS="826" HPOS="1407"/><String ID="p76_w578" CONTENT="richeft" HPOS="1427" VPOS="826" WIDTH="113" HEIGHT="75" STYLEREFS="font0"/><SP WIDTH="16" VPOS="826" HPOS="1540"/><String ID="p76_w579" CONTENT="kind" HPOS="1556" VPOS="826" WIDTH="79" HEIGHT="75" STYLEREFS="font0"/><SP WIDTH="14" VPOS="826" HPOS="1635"/><String ID="p76_w580" CONTENT="of" HPOS="1649" VPOS="826" WIDTH="41" HEIGHT="75" STYLEREFS="font0"/><SP WIDTH="11" VPOS="826" HPOS="1690"/><String ID="p76_w581" CONTENT="clay-foil" HPOS="1701" VPOS="826" WIDTH="145" HEIGHT="75" STYLEREFS="font0"/><SP WIDTH="16" VPOS="826" HPOS="1846"/><String ID="p76_w582" CONTENT="is" HPOS="1862" VPOS="826" WIDTH="26" HEIGHT="75" STYLEREFS="font0"/><SP WIDTH="17" VPOS="826" HPOS="1888"/><String ID="p76_w583" CONTENT="that" HPOS="1905" VPOS="826" WIDTH="70" HEIGHT="75" STYLEREFS="font0"/><SP WIDTH="16" VPOS="826" HPOS="1975"/><String ID="p76_w584" CONTENT="which" HPOS="1991" VPOS="826" WIDTH="105" HEIGHT="75" STYLEREFS="font0"/><SP WIDTH="27" VPOS="826" HPOS="2096"/><String ID="p76_w585" CONTENT="confifts" HPOS="2123" VPOS="826" WIDTH="123" HEIGHT="75" STYLEREFS="font0"/><SP WIDTH="25" VPOS="826" HPOS="2246"/><String ID="p76_w586" CONTENT="of" HPOS="2271" VPOS="826" WIDTH="41" HEIGHT="75" STYLEREFS="font0"/></TextLine><TextLine WIDTH="1029" HEIGHT="75" ID="p76_t71" HPOS="1277" VPOS="872"><String ID="p76_w587" CONTENT="clay" HPOS="1277" VPOS="872" WIDTH="70" HEIGHT="75" STYLEREFS="font0"/><SP WIDTH="18" VPOS="872" HPOS="1347"/><String ID="p76_w588" CONTENT="and" HPOS="1365" VPOS="872" WIDTH="62" HEIGHT="75" STYLEREFS="font0"/><SP WIDTH="15" VPOS="872" HPOS="1427"/><String ID="p76_w589" CONTENT="loam." HPOS="1442" VPOS="872" WIDTH="97" HEIGHT="75" STYLEREFS="font0"/><SP WIDTH="48" VPOS="872" HPOS="1539"/><String ID="p76_w590" CONTENT="To" HPOS="1587" VPOS="872" WIDTH="57" HEIGHT="75" STYLEREFS="font0"/><SP WIDTH="27" VPOS="872" HPOS="1644"/><String ID="p76_w591" CONTENT="difcover" HPOS="1671" VPOS="872" WIDTH="143" HEIGHT="75" STYLEREFS="font0"/><SP WIDTH="23" VPOS="872" HPOS="1814"/><String ID="p76_w592" CONTENT="the" HPOS="1837" VPOS="872" WIDTH="55" HEIGHT="75" STYLEREFS="font0"/><SP WIDTH="27" VPOS="872" HPOS="1892"/><String ID="p76_w593" CONTENT="nature" HPOS="1919" VPOS="872" WIDTH="112" HEIGHT="75" STYLEREFS="font0"/><SP WIDTH="17" VPOS="872" HPOS="2031"/><String ID="p76_w594" CONTENT="of" HPOS="2048" VPOS="872" WIDTH="39" HEIGHT="75" STYLEREFS="font0"/><SP WIDTH="12" VPOS="872" HPOS="2087"/><String ID="p76_w595" CONTENT="this" HPOS="2099" VPOS="872" WIDTH="64" HEIGHT="75" STYLEREFS="font0"/><SP WIDTH="17" VPOS="872" HPOS="2163"/><String ID="p76_w596" CONTENT="foil," HPOS="2180" VPOS="872" WIDTH="72" HEIGHT="75" STYLEREFS="font0"/><SP WIDTH="26" VPOS="872" HPOS="2252"/><String ID="p76_w597" CONTENT="it" HPOS="2278" VPOS="872" WIDTH="28" HEIGHT="75" STYLEREFS="font0"/></TextLine><TextLine WIDTH="756" HEIGHT="75" ID="p76_t72" HPOS="1278" VPOS="919"><String ID="p76_w598" CONTENT="is" HPOS="1278" VPOS="919" WIDTH="25" HEIGHT="75" STYLEREFS="font0"/><SP WIDTH="17" VPOS="919" HPOS="1303"/><String ID="p76_w599" CONTENT="necelfafy" HPOS="1320" VPOS="919" WIDTH="159" HEIGHT="75" STYLEREFS="font0"/><SP WIDTH="17" VPOS="919" HPOS="1479"/><String ID="p76_w600" CONTENT="to" HPOS="1496" VPOS="919" WIDTH="35" HEIGHT="75" STYLEREFS="font0"/><SP WIDTH="20" VPOS="919" HPOS="1531"/><String ID="p76_w601" CONTENT="know" HPOS="1551" VPOS="919" WIDTH="94" HEIGHT="75" STYLEREFS="font0"/><SP WIDTH="17" VPOS="919" HPOS="1645"/><String ID="p76_w602" CONTENT="the" HPOS="1662" VPOS="919" WIDTH="55" HEIGHT="75" STYLEREFS="font0"/><SP WIDTH="17" VPOS="919" HPOS="1717"/><String ID="p76_w603" CONTENT="qualities" HPOS="1734" VPOS="919" WIDTH="148" HEIGHT="75" STYLEREFS="font0"/><SP WIDTH="17" VPOS="919" HPOS="1882"/><String ID="p76_w604" CONTENT="of" HPOS="1899" VPOS="919" WIDTH="40" HEIGHT="75" STYLEREFS="font0"/><SP WIDTH="11" VPOS="919" HPOS="1939"/><String ID="p76_w605" CONTENT="clay." HPOS="1950" VPOS="919" WIDTH="84" HEIGHT="75" STYLEREFS="font0"/></TextLine><TextLine WIDTH="982" HEIGHT="75" ID="p76_t73" HPOS="1326" VPOS="965"><String ID="p76_w606" CONTENT="Clay" HPOS="1326" VPOS="965" WIDTH="83" HEIGHT="75" STYLEREFS="font0"/><SP WIDTH="15" VPOS="965" HPOS="1409"/><String ID="p76_w607" CONTENT="is" HPOS="1424" VPOS="965" WIDTH="28" HEIGHT="75" STYLEREFS="font0"/><SP WIDTH="17" VPOS="965" HPOS="1452"/><String ID="p76_w608" CONTENT="a" HPOS="1469" VPOS="965" WIDTH="19" HEIGHT="75" STYLEREFS="font0"/><SP WIDTH="14" VPOS="965" HPOS="1488"/><String ID="p76_w609" CONTENT="very" HPOS="1502" VPOS="965" WIDTH="79" HEIGHT="75" STYLEREFS="font0"/><SP WIDTH="16" VPOS="965" HPOS="1581"/><String ID="p76_w610" CONTENT="folid" HPOS="1597" VPOS="965" WIDTH="82" HEIGHT="75" STYLEREFS="font0"/><SP WIDTH="14" VPOS="965" HPOS="1679"/><String ID="p76_w611" CONTENT="body," HPOS="1693" VPOS="965" WIDTH="99" HEIGHT="75" STYLEREFS="font0"/><SP WIDTH="26" VPOS="965" HPOS="1792"/><String ID="p76_w612" CONTENT="and" HPOS="1818" VPOS="965" WIDTH="63" HEIGHT="75" STYLEREFS="font0"/><SP WIDTH="14" VPOS="965" HPOS="1881"/><String ID="p76_w613" CONTENT="its" HPOS="1895" VPOS="965" WIDTH="43" HEIGHT="75" STYLEREFS="font0"/><SP WIDTH="17" VPOS="965" HPOS="1938"/><String ID="p76_w614" CONTENT="parts" HPOS="1955" VPOS="965" WIDTH="88" HEIGHT="75" STYLEREFS="font0"/><SP WIDTH="21" VPOS="965" HPOS="2043"/><String ID="p76_w615" CONTENT="adhere" HPOS="2064" VPOS="965" WIDTH="119" HEIGHT="75" STYLEREFS="font0"/><SP WIDTH="17" VPOS="965" HPOS="2183"/><String ID="p76_w616" CONTENT="firmly" HPOS="2200" VPOS="965" WIDTH="108" HEIGHT="75" STYLEREFS="font0"/></TextLine><TextLine WIDTH="1028" HEIGHT="75" ID="p76_t74" HPOS="1278" VPOS="1011"><String ID="p76_w617" CONTENT="together:" HPOS="1278" VPOS="1011" WIDTH="168" HEIGHT="75" STYLEREFS="font0"/><SP WIDTH="31" VPOS="1011" HPOS="1446"/><String ID="p76_w618" CONTENT="It" HPOS="1477" VPOS="1011" WIDTH="32" HEIGHT="75" STYLEREFS="font0"/><SP WIDTH="17" VPOS="1011" HPOS="1509"/><String ID="p76_w619" CONTENT="does" HPOS="1526" VPOS="1011" WIDTH="77" HEIGHT="75" STYLEREFS="font0"/><SP WIDTH="16" VPOS="1011" HPOS="1603"/><String ID="p76_w620" CONTENT="not" HPOS="1619" VPOS="1011" WIDTH="58" HEIGHT="75" STYLEREFS="font0"/><SP WIDTH="16" VPOS="1011" HPOS="1677"/><String ID="p76_w621" CONTENT="eafily" HPOS="1693" VPOS="1011" WIDTH="92" HEIGHT="75" STYLEREFS="font0"/><SP WIDTH="18" VPOS="1011" HPOS="1785"/><String ID="p76_w622" CONTENT="admit" HPOS="1803" VPOS="1011" WIDTH="100" HEIGHT="75" STYLEREFS="font0"/><SP WIDTH="16" VPOS="1011" HPOS="1903"/><String ID="p76_w623" CONTENT="water," HPOS="1919" VPOS="1011" WIDTH="112" HEIGHT="75" STYLEREFS="font0"/><SP WIDTH="24" VPOS="1011" HPOS="2031"/><String ID="p76_w624" CONTENT="but" HPOS="2055" VPOS="1011" WIDTH="59" HEIGHT="75" STYLEREFS="font0"/><SP WIDTH="15" VPOS="1011" HPOS="2114"/><String ID="p76_w625" CONTENT="is" HPOS="2129" VPOS="1011" WIDTH="28" HEIGHT="75" STYLEREFS="font0"/><SP WIDTH="17" VPOS="1011" HPOS="2157"/><String ID="p76_w626" CONTENT="capable" HPOS="2174" VPOS="1011" WIDTH="132" HEIGHT="75" STYLEREFS="font0"/></TextLine><TextLine WIDTH="1029" HEIGHT="75" ID="p76_t75" HPOS="1279" VPOS="1058"><String ID="p76_w627" CONTENT="of" HPOS="1279" VPOS="1058" WIDTH="39" HEIGHT="75" STYLEREFS="font0"/><SP WIDTH="11" VPOS="1058" HPOS="1318"/><String ID="p76_w628" CONTENT="containing" HPOS="1329" VPOS="1058" WIDTH="184" HEIGHT="75" STYLEREFS="font0"/><SP WIDTH="10" VPOS="1058" HPOS="1513"/><String ID="p76_w629" CONTENT="a" HPOS="1523" VPOS="1058" WIDTH="19" HEIGHT="75" STYLEREFS="font0"/><SP WIDTH="15" VPOS="1058" HPOS="1542"/><String ID="p76_w630" CONTENT="great" HPOS="1557" VPOS="1058" WIDTH="91" HEIGHT="75" STYLEREFS="font0"/><SP WIDTH="12" VPOS="1058" HPOS="1648"/><String ID="p76_w631" CONTENT="quantify," HPOS="1660" VPOS="1058" WIDTH="162" HEIGHT="75" STYLEREFS="font0"/><SP WIDTH="17" VPOS="1058" HPOS="1822"/><String ID="p76_w632" CONTENT="fwells" HPOS="1839" VPOS="1058" WIDTH="104" HEIGHT="75" STYLEREFS="font0"/><SP WIDTH="15" VPOS="1058" HPOS="1943"/><String ID="p76_w633" CONTENT="but" HPOS="1958" VPOS="1058" WIDTH="59" HEIGHT="75" STYLEREFS="font0"/><SP WIDTH="11" VPOS="1058" HPOS="2017"/><String ID="p76_w634" CONTENT="little," HPOS="2028" VPOS="1058" WIDTH="97" HEIGHT="75" STYLEREFS="font0"/><SP WIDTH="26" VPOS="1058" HPOS="2125"/><String ID="p76_w635" CONTENT="and" HPOS="2151" VPOS="1058" WIDTH="63" HEIGHT="75" STYLEREFS="font0"/><SP WIDTH="15" VPOS="1058" HPOS="2214"/><String ID="p76_w636" CONTENT="does" HPOS="2229" VPOS="1058" WIDTH="79" HEIGHT="75" STYLEREFS="font0"/></TextLine><TextLine WIDTH="1029" HEIGHT="75" ID="p76_t76" HPOS="1278" VPOS="1104"><String ID="p76_w637" CONTENT="not" HPOS="1278" VPOS="1104" WIDTH="57" HEIGHT="75" STYLEREFS="font0"/><SP WIDTH="23" VPOS="1104" HPOS="1335"/><String ID="p76_w638" CONTENT="eafily" HPOS="1358" VPOS="1104" WIDTH="94" HEIGHT="75" STYLEREFS="font0"/><SP WIDTH="15" VPOS="1104" HPOS="1452"/><String ID="p76_w639" CONTENT="part" HPOS="1467" VPOS="1104" WIDTH="73" HEIGHT="75" STYLEREFS="font0"/><SP WIDTH="17" VPOS="1104" HPOS="1540"/><String ID="p76_w640" CONTENT="with" HPOS="1557" VPOS="1104" WIDTH="79" HEIGHT="75" STYLEREFS="font0"/><SP WIDTH="16" VPOS="1104" HPOS="1636"/><String ID="p76_w641" CONTENT="it." HPOS="1652" VPOS="1104" WIDTH="37" HEIGHT="75" STYLEREFS="font0"/><SP WIDTH="50" VPOS="1104" HPOS="1689"/><String ID="p76_w642" CONTENT="When" HPOS="1739" VPOS="1104" WIDTH="113" HEIGHT="75" STYLEREFS="font0"/><SP WIDTH="23" VPOS="1104" HPOS="1852"/><String ID="p76_w643" CONTENT="dry." HPOS="1875" VPOS="1104" WIDTH="73" HEIGHT="75" STYLEREFS="font0"/><SP WIDTH="25" VPOS="1104" HPOS="1948"/><String ID="p76_w644" CONTENT="Clay-" HPOS="1973" VPOS="1104" WIDTH="78" HEIGHT="75" STYLEREFS="font0"/><SP WIDTH="16" VPOS="1104" HPOS="2051"/><String ID="p76_w645" CONTENT="is" HPOS="2067" VPOS="1104" WIDTH="27" HEIGHT="75" STYLEREFS="font0"/><SP WIDTH="22" VPOS="1104" HPOS="2094"/><String ID="p76_w646" CONTENT="very" HPOS="2116" VPOS="1104" WIDTH="79" HEIGHT="75" STYLEREFS="font0"/><SP WIDTH="15" VPOS="1104" HPOS="2195"/><String ID="p76_w647" CONTENT="hard," HPOS="2210" VPOS="1104" WIDTH="97" HEIGHT="75" STYLEREFS="font0"/></TextLine><TextLine WIDTH="1027" HEIGHT="75" ID="p76_t77" HPOS="1279" VPOS="1151"><String ID="p76_w648" CONTENT="and" HPOS="1279" VPOS="1151" WIDTH="61" HEIGHT="75" STYLEREFS="font0"/><SP WIDTH="15" VPOS="1151" HPOS="1340"/><String ID="p76_w649" CONTENT="becomes" HPOS="1355" VPOS="1151" WIDTH="147" HEIGHT="75" STYLEREFS="font0"/><SP WIDTH="18" VPOS="1151" HPOS="1502"/><String ID="p76_w650" CONTENT="the" HPOS="1520" VPOS="1151" WIDTH="55" HEIGHT="75" STYLEREFS="font0"/><SP WIDTH="22" VPOS="1151" HPOS="1575"/><String ID="p76_w651" CONTENT="harder" HPOS="1597" VPOS="1151" WIDTH="118" HEIGHT="75" STYLEREFS="font0"/><SP WIDTH="25" VPOS="1151" HPOS="1715"/><String ID="p76_w652" CONTENT="the" HPOS="1740" VPOS="1151" WIDTH="55" HEIGHT="75" STYLEREFS="font0"/><SP WIDTH="24" VPOS="1151" HPOS="1795"/><String ID="p76_w653" CONTENT="more" HPOS="1819" VPOS="1151" WIDTH="89" HEIGHT="75" STYLEREFS="font0"/><SP WIDTH="25" VPOS="1151" HPOS="1908"/><String ID="p76_w654" CONTENT="fuddenly" HPOS="1933" VPOS="1151" WIDTH="154" HEIGHT="75" STYLEREFS="font0"/><SP WIDTH="15" VPOS="1151" HPOS="2087"/><String ID="p76_w655" CONTENT="it" HPOS="2102" VPOS="1151" WIDTH="26" HEIGHT="75" STYLEREFS="font0"/><SP WIDTH="24" VPOS="1151" HPOS="2128"/><String ID="p76_w656" CONTENT="is" HPOS="2152" VPOS="1151" WIDTH="26" HEIGHT="75" STYLEREFS="font0"/><SP WIDTH="22" VPOS="1151" HPOS="2178"/><String ID="p76_w657" CONTENT="dried." HPOS="2200" VPOS="1151" WIDTH="106" HEIGHT="75" STYLEREFS="font0"/></TextLine><TextLine WIDTH="1029" HEIGHT="75" ID="p76_t78" HPOS="1279" VPOS="1197"><String ID="p76_w658" CONTENT="In" HPOS="1279" VPOS="1197" WIDTH="37" HEIGHT="75" STYLEREFS="font0"/><SP WIDTH="18" VPOS="1197" HPOS="1316"/><String ID="p76_w659" CONTENT="the" HPOS="1334" VPOS="1197" WIDTH="54" HEIGHT="75" STYLEREFS="font0"/><SP WIDTH="24" VPOS="1197" HPOS="1388"/><String ID="p76_w660" CONTENT="procefs" HPOS="1412" VPOS="1197" WIDTH="127" HEIGHT="75" STYLEREFS="font0"/><SP WIDTH="22" VPOS="1197" HPOS="1539"/><String ID="p76_w661" CONTENT="of" HPOS="1561" VPOS="1197" WIDTH="41" HEIGHT="75" STYLEREFS="font0"/><SP WIDTH="22" VPOS="1197" HPOS="1602"/><String ID="p76_w662" CONTENT="drying," HPOS="1624" VPOS="1197" WIDTH="128" HEIGHT="75" STYLEREFS="font0"/><SP WIDTH="33" VPOS="1197" HPOS="1752"/><String ID="p76_w663" CONTENT="it" HPOS="1785" VPOS="1197" WIDTH="26" HEIGHT="75" STYLEREFS="font0"/><SP WIDTH="29" VPOS="1197" HPOS="1811"/><String ID="p76_w664" CONTENT="contracts" HPOS="1840" VPOS="1197" WIDTH="158" HEIGHT="75" STYLEREFS="font0"/><SP WIDTH="22" VPOS="1197" HPOS="1998"/><String ID="p76_w665" CONTENT="unequally," HPOS="2020" VPOS="1197" WIDTH="189" HEIGHT="75" STYLEREFS="font0"/><SP WIDTH="36" VPOS="1197" HPOS="2209"/><String ID="p76_w666" CONTENT="and" HPOS="2245" VPOS="1197" WIDTH="63" HEIGHT="75" STYLEREFS="font0"/></TextLine><TextLine WIDTH="1029" HEIGHT="75" ID="p76_t79" HPOS="1278" VPOS="1243"><String ID="p76_w667" CONTENT="breaks" HPOS="1278" VPOS="1243" WIDTH="112" HEIGHT="75" STYLEREFS="font0"/><SP WIDTH="18" VPOS="1243" HPOS="1390"/><String ID="p76_w668" CONTENT="out" HPOS="1408" VPOS="1243" WIDTH="57" HEIGHT="75" STYLEREFS="font0"/><SP WIDTH="24" VPOS="1243" HPOS="1465"/><String ID="p76_w669" CONTENT="into" HPOS="1489" VPOS="1243" WIDTH="68" HEIGHT="75" STYLEREFS="font0"/><SP WIDTH="25" VPOS="1243" HPOS="1557"/><String ID="p76_w670" CONTENT="rents" HPOS="1582" VPOS="1243" WIDTH="86" HEIGHT="75" STYLEREFS="font0"/><SP WIDTH="26" VPOS="1243" HPOS="1668"/><String ID="p76_w671" CONTENT="or" HPOS="1694" VPOS="1243" WIDTH="37" HEIGHT="75" STYLEREFS="font0"/><SP WIDTH="24" VPOS="1243" HPOS="1731"/><String ID="p76_w672" CONTENT="fiflures" HPOS="1755" VPOS="1243" WIDTH="119" HEIGHT="75" STYLEREFS="font0"/><SP WIDTH="24" VPOS="1243" HPOS="1874"/><String ID="p76_w673" CONTENT="where" HPOS="1898" VPOS="1243" WIDTH="107" HEIGHT="75" STYLEREFS="font0"/><SP WIDTH="23" VPOS="1243" HPOS="2005"/><String ID="p76_w674" CONTENT="the" HPOS="2028" VPOS="1243" WIDTH="56" HEIGHT="75" STYLEREFS="font0"/><SP WIDTH="26" VPOS="1243" HPOS="2084"/><String ID="p76_w675" CONTENT="cohefion" HPOS="2110" VPOS="1243" WIDTH="146" HEIGHT="75" STYLEREFS="font0"/><SP WIDTH="23" VPOS="1243" HPOS="2256"/><String ID="p76_w676" CONTENT="is" HPOS="2279" VPOS="1243" WIDTH="28" HEIGHT="75" STYLEREFS="font0"/></TextLine><TextLine WIDTH="1028" HEIGHT="75" ID="p76_t80" HPOS="1278" VPOS="1290"><String ID="p76_w677" CONTENT="weakeft." HPOS="1278" VPOS="1290" WIDTH="147" HEIGHT="75" STYLEREFS="font0"/><SP WIDTH="48" VPOS="1290" HPOS="1425"/><String ID="p76_w678" CONTENT="It" HPOS="1473" VPOS="1290" WIDTH="33" HEIGHT="75" STYLEREFS="font0"/><SP WIDTH="16" VPOS="1290" HPOS="1506"/><String ID="p76_w679" CONTENT="ferments" HPOS="1522" VPOS="1290" WIDTH="151" HEIGHT="75" STYLEREFS="font0"/><SP WIDTH="21" VPOS="1290" HPOS="1673"/><String ID="p76_w680" CONTENT="v/ith" HPOS="1694" VPOS="1290" WIDTH="81" HEIGHT="75" STYLEREFS="font0"/><SP WIDTH="17" VPOS="1290" HPOS="1775"/><String ID="p76_w681" CONTENT="acids," HPOS="1792" VPOS="1290" WIDTH="98" HEIGHT="75" STYLEREFS="font0"/><SP WIDTH="25" VPOS="1290" HPOS="1890"/><String ID="p76_w682" CONTENT="but" HPOS="1915" VPOS="1290" WIDTH="59" HEIGHT="75" STYLEREFS="font0"/><SP WIDTH="16" VPOS="1290" HPOS="1974"/><String ID="p76_w683" CONTENT="has" HPOS="1990" VPOS="1290" WIDTH="57" HEIGHT="75" STYLEREFS="font0"/><SP WIDTH="25" VPOS="1290" HPOS="2047"/><String ID="p76_w684" CONTENT="no" HPOS="2072" VPOS="1290" WIDTH="43" HEIGHT="75" STYLEREFS="font0"/><SP WIDTH="23" VPOS="1290" HPOS="2115"/><String ID="p76_w685" CONTENT="oil" HPOS="2138" VPOS="1290" WIDTH="45" HEIGHT="75" STYLEREFS="font0"/><SP WIDTH="24" VPOS="1290" HPOS="2183"/><String ID="p76_w686" CONTENT="in" HPOS="2207" VPOS="1290" WIDTH="33" HEIGHT="75" STYLEREFS="font0"/><SP WIDTH="24" VPOS="1290" HPOS="2240"/><String ID="p76_w687" CONTENT="its" HPOS="2264" VPOS="1290" WIDTH="42" HEIGHT="75" STYLEREFS="font0"/></TextLine><TextLine WIDTH="217" HEIGHT="75" ID="p76_t81" HPOS="1281" VPOS="1336"><String ID="p76_w688" CONTENT="compofition." HPOS="1281" VPOS="1336" WIDTH="217" HEIGHT="75" STYLEREFS="font0"/></TextLine><TextLine WIDTH="982" HEIGHT="75" ID="p76_t82" HPOS="1326" VPOS="1382"><String ID="p76_w689" CONTENT="From" HPOS="1326" VPOS="1382" WIDTH="97" HEIGHT="75" STYLEREFS="font0"/><SP WIDTH="17" VPOS="1382" HPOS="1423"/><String ID="p76_w690" CONTENT="£" HPOS="1440" VPOS="1382" WIDTH="19" HEIGHT="75" STYLEREFS="font0"/><SP WIDTH="15" VPOS="1382" HPOS="1459"/><String ID="p76_w691" CONTENT="flight" HPOS="1474" VPOS="1382" WIDTH="93" HEIGHT="75" STYLEREFS="font0"/><SP WIDTH="15" VPOS="1382" HPOS="1567"/><String ID="p76_w692" CONTENT="view" HPOS="1582" VPOS="1382" WIDTH="83" HEIGHT="75" STYLEREFS="font0"/><SP WIDTH="16" VPOS="1382" HPOS="1665"/><String ID="p76_w693" CONTENT="of" HPOS="1681" VPOS="1382" WIDTH="40" HEIGHT="75" STYLEREFS="font0"/><SP WIDTH="19" VPOS="1382" HPOS="1721"/><String ID="p76_w694" CONTENT="thefe" HPOS="1740" VPOS="1382" WIDTH="87" HEIGHT="75" STYLEREFS="font0"/><SP WIDTH="18" VPOS="1382" HPOS="1827"/><String ID="p76_w695" CONTENT="qualities" HPOS="1845" VPOS="1382" WIDTH="149" HEIGHT="75" STYLEREFS="font0"/><SP WIDTH="21" VPOS="1382" HPOS="1994"/><String ID="p76_w696" CONTENT="it" HPOS="2015" VPOS="1382" WIDTH="27" HEIGHT="75" STYLEREFS="font0"/><SP WIDTH="25" VPOS="1382" HPOS="2042"/><String ID="p76_w697" CONTENT="appears," HPOS="2067" VPOS="1382" WIDTH="144" HEIGHT="75" STYLEREFS="font0"/><SP WIDTH="25" VPOS="1382" HPOS="2211"/><String ID="p76_w698" CONTENT="that" HPOS="2236" VPOS="1382" WIDTH="72" HEIGHT="75" STYLEREFS="font0"/></TextLine><TextLine WIDTH="1035" HEIGHT="75" ID="p76_t83" HPOS="1280" VPOS="1429"><String ID="p76_w699" CONTENT="a" HPOS="1280" VPOS="1429" WIDTH="18" HEIGHT="75" STYLEREFS="font0"/><SP WIDTH="17" VPOS="1429" HPOS="1298"/><String ID="p76_w700" CONTENT="clay-foil" HPOS="1315" VPOS="1429" WIDTH="146" HEIGHT="75" STYLEREFS="font0"/><SP WIDTH="14" VPOS="1429" HPOS="1461"/><String ID="p76_w701" CONTENT="is" HPOS="1475" VPOS="1429" WIDTH="28" HEIGHT="75" STYLEREFS="font0"/><SP WIDTH="17" VPOS="1429" HPOS="1503"/><String ID="p76_w702" CONTENT="not" HPOS="1520" VPOS="1429" WIDTH="56" HEIGHT="75" STYLEREFS="font0"/><SP WIDTH="16" VPOS="1429" HPOS="1576"/><String ID="p76_w703" CONTENT="fo" HPOS="1592" VPOS="1429" WIDTH="35" HEIGHT="75" STYLEREFS="font0"/><SP WIDTH="15" VPOS="1429" HPOS="1627"/><String ID="p76_w704" CONTENT="well" HPOS="1642" VPOS="1429" WIDTH="75" HEIGHT="75" STYLEREFS="font0"/><SP WIDTH="16" VPOS="1429" HPOS="1717"/><String ID="p76_w705" CONTENT="adapted" HPOS="1733" VPOS="1429" WIDTH="138" HEIGHT="75" STYLEREFS="font0"/><SP WIDTH="22" VPOS="1429" HPOS="1871"/><String ID="p76_w706" CONTENT="for" HPOS="1893" VPOS="1429" WIDTH="51" HEIGHT="75" STYLEREFS="font0"/><SP WIDTH="18" VPOS="1429" HPOS="1944"/><String ID="p76_w707" CONTENT="the" HPOS="1962" VPOS="1429" WIDTH="56" HEIGHT="75" STYLEREFS="font0"/><SP WIDTH="24" VPOS="1429" HPOS="2018"/><String ID="p76_w708" CONTENT="nouriftiment" HPOS="2042" VPOS="1429" WIDTH="214" HEIGHT="75" STYLEREFS="font0"/><SP WIDTH="16" VPOS="1429" HPOS="2256"/><String ID="p76_w709" CONTENT="of" HPOS="2272" VPOS="1429" WIDTH="43" HEIGHT="75" STYLEREFS="font0"/></TextLine><TextLine WIDTH="1033" HEIGHT="75" ID="p76_t84" HPOS="1274" VPOS="1475"><String ID="p76_w710" CONTENT="plants" HPOS="1274" VPOS="1475" WIDTH="108" HEIGHT="75" STYLEREFS="font0"/><SP WIDTH="26" VPOS="1475" HPOS="1382"/><String ID="p76_w711" CONTENT="as" HPOS="1408" VPOS="1475" WIDTH="33" HEIGHT="75" STYLEREFS="font0"/><SP WIDTH="23" VPOS="1475" HPOS="1441"/><String ID="p76_w712" CONTENT="the" HPOS="1464" VPOS="1475" WIDTH="57" HEIGHT="75" STYLEREFS="font0"/><SP WIDTH="23" VPOS="1475" HPOS="1521"/><String ID="p76_w713" CONTENT="loamy:" HPOS="1544" VPOS="1475" WIDTH="127" HEIGHT="75" STYLEREFS="font0"/><SP WIDTH="26" VPOS="1475" HPOS="1671"/><String ID="p76_w714" CONTENT="it" HPOS="1697" VPOS="1475" WIDTH="27" HEIGHT="75" STYLEREFS="font0"/><SP WIDTH="22" VPOS="1475" HPOS="1724"/><String ID="p76_w715" CONTENT="is" HPOS="1746" VPOS="1475" WIDTH="28" HEIGHT="75" STYLEREFS="font0"/><SP WIDTH="24" VPOS="1475" HPOS="1774"/><String ID="p76_w716" CONTENT="more" HPOS="1798" VPOS="1475" WIDTH="89" HEIGHT="75" STYLEREFS="font0"/><SP WIDTH="24" VPOS="1475" HPOS="1887"/><String ID="p76_w717" CONTENT="fubjedt" HPOS="1911" VPOS="1475" WIDTH="119" HEIGHT="75" STYLEREFS="font0"/><SP WIDTH="25" VPOS="1475" HPOS="2030"/><String ID="p76_w718" CONTENT="to" HPOS="2055" VPOS="1475" WIDTH="35" HEIGHT="75" STYLEREFS="font0"/><SP WIDTH="24" VPOS="1475" HPOS="2090"/><String ID="p76_w719" CONTENT="receive" HPOS="2114" VPOS="1475" WIDTH="123" HEIGHT="75" STYLEREFS="font0"/><SP WIDTH="20" VPOS="1475" HPOS="2237"/><String ID="p76_w720" CONTENT="in-" HPOS="2257" VPOS="1475" WIDTH="50" HEIGHT="75" STYLEREFS="font0"/></TextLine><TextLine WIDTH="1030" HEIGHT="75" ID="p76_t85" HPOS="1277" VPOS="1521"><String ID="p76_w721" CONTENT="juries" HPOS="1277" VPOS="1521" WIDTH="99" HEIGHT="75" STYLEREFS="font0"/><SP WIDTH="16" VPOS="1521" HPOS="1376"/><String ID="p76_w722" CONTENT="from" HPOS="1392" VPOS="1521" WIDTH="86" HEIGHT="75" STYLEREFS="font0"/><SP WIDTH="16" VPOS="1521" HPOS="1478"/><String ID="p76_w723" CONTENT="drought" HPOS="1494" VPOS="1521" WIDTH="141" HEIGHT="75" STYLEREFS="font0"/><SP WIDTH="17" VPOS="1521" HPOS="1635"/><String ID="p76_w724" CONTENT="or" HPOS="1652" VPOS="1521" WIDTH="37" HEIGHT="75" STYLEREFS="font0"/><SP WIDTH="16" VPOS="1521" HPOS="1689"/><String ID="p76_w725" CONTENT="rain." HPOS="1705" VPOS="1521" WIDTH="82" HEIGHT="75" STYLEREFS="font0"/><SP WIDTH="49" VPOS="1521" HPOS="1787"/><String ID="p76_w726" CONTENT="In" HPOS="1836" VPOS="1521" WIDTH="38" HEIGHT="75" STYLEREFS="font0"/><SP WIDTH="20" VPOS="1521" HPOS="1874"/><String ID="p76_w727" CONTENT="a" HPOS="1894" VPOS="1521" WIDTH="18" HEIGHT="75" STYLEREFS="font0"/><SP WIDTH="21" VPOS="1521" HPOS="1912"/><String ID="p76_w728" CONTENT="rainy" HPOS="1933" VPOS="1521" WIDTH="92" HEIGHT="75" STYLEREFS="font0"/><SP WIDTH="18" VPOS="1521" HPOS="2025"/><String ID="p76_w729" CONTENT="feafon," HPOS="2043" VPOS="1521" WIDTH="118" HEIGHT="75" STYLEREFS="font0"/><SP WIDTH="26" VPOS="1521" HPOS="2161"/><String ID="p76_w730" CONTENT="as" HPOS="2187" VPOS="1521" WIDTH="34" HEIGHT="75" STYLEREFS="font0"/><SP WIDTH="16" VPOS="1521" HPOS="2221"/><String ID="p76_w731" CONTENT="it" HPOS="2237" VPOS="1521" WIDTH="27" HEIGHT="75" STYLEREFS="font0"/><SP WIDTH="14" VPOS="1521" HPOS="2264"/><String ID="p76_w732" CONTENT="is" HPOS="2278" VPOS="1521" WIDTH="29" HEIGHT="75" STYLEREFS="font0"/></TextLine><TextLine WIDTH="1027" HEIGHT="75" ID="p76_t86" HPOS="1281" VPOS="1568"><String ID="p76_w733" CONTENT="averfe" HPOS="1281" VPOS="1568" WIDTH="104" HEIGHT="75" STYLEREFS="font0"/><SP WIDTH="12" VPOS="1568" HPOS="1385"/><String ID="p76_w734" CONTENT="to" HPOS="1397" VPOS="1568" WIDTH="35" HEIGHT="75" STYLEREFS="font0"/><SP WIDTH="15" VPOS="1568" HPOS="1432"/><String ID="p76_w735" CONTENT="part" HPOS="1447" VPOS="1568" WIDTH="73" HEIGHT="75" STYLEREFS="font0"/><SP WIDTH="15" VPOS="1568" HPOS="1520"/><String ID="p76_w736" CONTENT="with" HPOS="1535" VPOS="1568" WIDTH="79" HEIGHT="75" STYLEREFS="font0"/><SP WIDTH="17" VPOS="1568" HPOS="1614"/><String ID="p76_w737" CONTENT="the" HPOS="1631" VPOS="1568" WIDTH="56" HEIGHT="75" STYLEREFS="font0"/><SP WIDTH="16" VPOS="1568" HPOS="1687"/><String ID="p76_w738" CONTENT="water" HPOS="1703" VPOS="1568" WIDTH="101" HEIGHT="75" STYLEREFS="font0"/><SP WIDTH="16" VPOS="1568" HPOS="1804"/><String ID="p76_w739" CONTENT="after" HPOS="1820" VPOS="1568" WIDTH="83" HEIGHT="75" STYLEREFS="font0"/><SP WIDTH="14" VPOS="1568" HPOS="1903"/><String ID="p76_w740" CONTENT="it" HPOS="1917" VPOS="1568" WIDTH="28" HEIGHT="75" STYLEREFS="font0"/><SP WIDTH="16" VPOS="1568" HPOS="1945"/><String ID="p76_w741" CONTENT="once" HPOS="1961" VPOS="1568" WIDTH="79" HEIGHT="75" STYLEREFS="font0"/><SP WIDTH="17" VPOS="1568" HPOS="2040"/><String ID="p76_w742" CONTENT="admits" HPOS="2057" VPOS="1568" WIDTH="116" HEIGHT="75" STYLEREFS="font0"/><SP WIDTH="16" VPOS="1568" HPOS="2173"/><String ID="p76_w743" CONTENT="it," HPOS="2189" VPOS="1568" WIDTH="38" HEIGHT="75" STYLEREFS="font0"/><SP WIDTH="25" VPOS="1568" HPOS="2227"/><String ID="p76_w744" CONTENT="the" HPOS="2252" VPOS="1568" WIDTH="56" HEIGHT="75" STYLEREFS="font0"/></TextLine><TextLine WIDTH="1028" HEIGHT="75" ID="p76_t87" HPOS="1280" VPOS="1614"><String ID="p76_w745" CONTENT="roots" HPOS="1280" VPOS="1614" WIDTH="88" HEIGHT="75" STYLEREFS="font0"/><SP WIDTH="17" VPOS="1614" HPOS="1368"/><String ID="p76_w746" CONTENT="of" HPOS="1385" VPOS="1614" WIDTH="41" HEIGHT="75" STYLEREFS="font0"/><SP WIDTH="17" VPOS="1614" HPOS="1426"/><String ID="p76_w747" CONTENT="plants" HPOS="1443" VPOS="1614" WIDTH="106" HEIGHT="75" STYLEREFS="font0"/><SP WIDTH="25" VPOS="1614" HPOS="1549"/><String ID="p76_w748" CONTENT="will" HPOS="1574" VPOS="1614" WIDTH="64" HEIGHT="75" STYLEREFS="font0"/><SP WIDTH="25" VPOS="1614" HPOS="1638"/><String ID="p76_w749" CONTENT="be" HPOS="1663" VPOS="1614" WIDTH="41" HEIGHT="75" STYLEREFS="font0"/><SP WIDTH="16" VPOS="1614" HPOS="1704"/><String ID="p76_w750" CONTENT="much" HPOS="1720" VPOS="1614" WIDTH="96" HEIGHT="75" STYLEREFS="font0"/><SP WIDTH="16" VPOS="1614" HPOS="1816"/><String ID="p76_w751" CONTENT="weakened" HPOS="1832" VPOS="1614" WIDTH="172" HEIGHT="75" STYLEREFS="font0"/><SP WIDTH="17" VPOS="1614" HPOS="2004"/><String ID="p76_w752" CONTENT="or" HPOS="2021" VPOS="1614" WIDTH="37" HEIGHT="75" STYLEREFS="font0"/><SP WIDTH="22" VPOS="1614" HPOS="2058"/><String ID="p76_w753" CONTENT="deftroyed" HPOS="2080" VPOS="1614" WIDTH="168" HEIGHT="75" STYLEREFS="font0"/><SP WIDTH="15" VPOS="1614" HPOS="2248"/><String ID="p76_w754" CONTENT="by" HPOS="2263" VPOS="1614" WIDTH="45" HEIGHT="75" STYLEREFS="font0"/></TextLine><TextLine WIDTH="1027" HEIGHT="75" ID="p76_t88" HPOS="1280" VPOS="1661"><String ID="p76_w755" CONTENT="being" HPOS="1280" VPOS="1661" WIDTH="94" HEIGHT="75" STYLEREFS="font0"/><SP WIDTH="15" VPOS="1661" HPOS="1374"/><String ID="p76_w756" CONTENT="long" HPOS="1389" VPOS="1661" WIDTH="77" HEIGHT="75" STYLEREFS="font0"/><SP WIDTH="15" VPOS="1661" HPOS="1466"/><String ID="p76_w757" CONTENT="foaked" HPOS="1481" VPOS="1661" WIDTH="117" HEIGHT="75" STYLEREFS="font0"/><SP WIDTH="15" VPOS="1661" HPOS="1598"/><String ID="p76_w758" CONTENT="in" HPOS="1613" VPOS="1661" WIDTH="33" HEIGHT="75" STYLEREFS="font0"/><SP WIDTH="12" VPOS="1661" HPOS="1646"/><String ID="p76_w759" CONTENT="the" HPOS="1658" VPOS="1661" WIDTH="56" HEIGHT="75" STYLEREFS="font0"/><SP WIDTH="16" VPOS="1661" HPOS="1714"/><String ID="p76_w760" CONTENT="water." HPOS="1730" VPOS="1661" WIDTH="113" HEIGHT="75" STYLEREFS="font0"/><SP WIDTH="49" VPOS="1661" HPOS="1843"/><String ID="p76_w761" CONTENT="On" HPOS="1892" VPOS="1661" WIDTH="54" HEIGHT="75" STYLEREFS="font0"/><SP WIDTH="16" VPOS="1661" HPOS="1946"/><String ID="p76_w762" CONTENT="the" HPOS="1962" VPOS="1661" WIDTH="57" HEIGHT="75" STYLEREFS="font0"/><SP WIDTH="23" VPOS="1661" HPOS="2019"/><String ID="p76_w763" CONTENT="other" HPOS="2042" VPOS="1661" WIDTH="93" HEIGHT="75" STYLEREFS="font0"/><SP WIDTH="15" VPOS="1661" HPOS="2135"/><String ID="p76_w764" CONTENT="hand," HPOS="2150" VPOS="1661" WIDTH="99" HEIGHT="75" STYLEREFS="font0"/><SP WIDTH="24" VPOS="1661" HPOS="2249"/><String ID="p76_w765" CONTENT="in" HPOS="2273" VPOS="1661" WIDTH="34" HEIGHT="75" STYLEREFS="font0"/></TextLine><TextLine WIDTH="1028" HEIGHT="75" ID="p76_t89" HPOS="1280" VPOS="1707"><String ID="p76_w766" CONTENT="a" HPOS="1280" VPOS="1707" WIDTH="18" HEIGHT="75" STYLEREFS="font0"/><SP WIDTH="15" VPOS="1707" HPOS="1298"/><String ID="p76_w767" CONTENT="very" HPOS="1313" VPOS="1707" WIDTH="79" HEIGHT="75" STYLEREFS="font0"/><SP WIDTH="23" VPOS="1707" HPOS="1392"/><String ID="p76_w768" CONTENT="(jry" HPOS="1415" VPOS="1707" WIDTH="61" HEIGHT="75" STYLEREFS="font0"/><SP WIDTH="21" VPOS="1707" HPOS="1476"/><String ID="p76_w769" CONTENT="feafon," HPOS="1497" VPOS="1707" WIDTH="121" HEIGHT="75" STYLEREFS="font0"/><SP WIDTH="24" VPOS="1707" HPOS="1618"/><String ID="p76_w770" CONTENT="it" HPOS="1642" VPOS="1707" WIDTH="26" HEIGHT="75" STYLEREFS="font0"/><SP WIDTH="23" VPOS="1707" HPOS="1668"/><String ID="p76_w771" CONTENT="becomes" HPOS="1691" VPOS="1707" WIDTH="148" HEIGHT="75" STYLEREFS="font0"/><SP WIDTH="24" VPOS="1707" HPOS="1839"/><String ID="p76_w772" CONTENT="fo" HPOS="1863" VPOS="1707" WIDTH="35" HEIGHT="75" STYLEREFS="font0"/><SP WIDTH="23" VPOS="1707" HPOS="1898"/><String ID="p76_w773" CONTENT="hard," HPOS="1921" VPOS="1707" WIDTH="94" HEIGHT="75" STYLEREFS="font0"/><SP WIDTH="24" VPOS="1707" HPOS="2015"/><String ID="p76_w774" CONTENT="that" HPOS="2039" VPOS="1707" WIDTH="72" HEIGHT="75" STYLEREFS="font0"/><SP WIDTH="26" VPOS="1707" HPOS="2111"/><String ID="p76_w775" CONTENT="the" HPOS="2137" VPOS="1707" WIDTH="55" HEIGHT="75" STYLEREFS="font0"/><SP WIDTH="24" VPOS="1707" HPOS="2192"/><String ID="p76_w776" CONTENT="roots" HPOS="2216" VPOS="1707" WIDTH="92" HEIGHT="75" STYLEREFS="font0"/></TextLine><TextLine WIDTH="884" HEIGHT="75" ID="p76_t90" HPOS="1280" VPOS="1752"><String ID="p76_w777" CONTENT="cannot" HPOS="1280" VPOS="1752" WIDTH="116" HEIGHT="75" STYLEREFS="font0"/><SP WIDTH="16" VPOS="1752" HPOS="1396"/><String ID="p76_w778" CONTENT="penetrate" HPOS="1412" VPOS="1752" WIDTH="165" HEIGHT="75" STYLEREFS="font0"/><SP WIDTH="16" VPOS="1752" HPOS="1577"/><String ID="p76_w779" CONTENT="deep" HPOS="1593" VPOS="1752" WIDTH="79" HEIGHT="75" STYLEREFS="font0"/><SP WIDTH="18" VPOS="1752" HPOS="1672"/><String ID="p76_w780" CONTENT="enough" HPOS="1690" VPOS="1752" WIDTH="126" HEIGHT="75" STYLEREFS="font0"/><SP WIDTH="18" VPOS="1752" HPOS="1816"/><String ID="p76_w781" CONTENT="to" HPOS="1834" VPOS="1752" WIDTH="35" HEIGHT="75" STYLEREFS="font0"/><SP WIDTH="16" VPOS="1752" HPOS="1869"/><String ID="p76_w782" CONTENT="fearch" HPOS="1885" VPOS="1752" WIDTH="109" HEIGHT="75" STYLEREFS="font0"/><SP WIDTH="17" VPOS="1752" HPOS="1994"/><String ID="p76_w783" CONTENT="for" HPOS="2011" VPOS="1752" WIDTH="51" HEIGHT="75" STYLEREFS="font0"/><SP WIDTH="12" VPOS="1752" HPOS="2062"/><String ID="p76_w784" CONTENT="food." HPOS="2074" VPOS="1752" WIDTH="90" HEIGHT="75" STYLEREFS="font0"/></TextLine><TextLine WIDTH="982" HEIGHT="75" ID="p76_t91" HPOS="1324" VPOS="1799"><String ID="p76_w785" CONTENT="Thefe" HPOS="1324" VPOS="1799" WIDTH="109" HEIGHT="75" STYLEREFS="font0"/><SP WIDTH="17" VPOS="1799" HPOS="1433"/><String ID="p76_w786" CONTENT="obfervations" HPOS="1450" VPOS="1799" WIDTH="216" HEIGHT="75" STYLEREFS="font0"/><SP WIDTH="17" VPOS="1799" HPOS="1666"/><String ID="p76_w787" CONTENT="are" HPOS="1683" VPOS="1799" WIDTH="54" HEIGHT="75" STYLEREFS="font0"/><SP WIDTH="18" VPOS="1799" HPOS="1737"/><String ID="p76_w788" CONTENT="fully" HPOS="1755" VPOS="1799" WIDTH="84" HEIGHT="75" STYLEREFS="font0"/><SP WIDTH="15" VPOS="1799" HPOS="1839"/><String ID="p76_w789" CONTENT="confirmed" HPOS="1854" VPOS="1799" WIDTH="175" HEIGHT="75" STYLEREFS="font0"/><SP WIDTH="15" VPOS="1799" HPOS="2029"/><String ID="p76_w790" CONTENT="by" HPOS="2044" VPOS="1799" WIDTH="44" HEIGHT="75" STYLEREFS="font0"/><SP WIDTH="15" VPOS="1799" HPOS="2088"/><String ID="p76_w791" CONTENT="experience." HPOS="2103" VPOS="1799" WIDTH="203" HEIGHT="75" STYLEREFS="font0"/></TextLine><TextLine WIDTH="1027" HEIGHT="75" ID="p76_t92" HPOS="1279" VPOS="1844"><String ID="p76_w792" CONTENT="For" HPOS="1279" VPOS="1844" WIDTH="66" HEIGHT="75" STYLEREFS="font0"/><SP WIDTH="15" VPOS="1844" HPOS="1345"/><String ID="p76_w793" CONTENT="it" HPOS="1360" VPOS="1844" WIDTH="27" HEIGHT="75" STYLEREFS="font0"/><SP WIDTH="15" VPOS="1844" HPOS="1387"/><String ID="p76_w794" CONTENT="is" HPOS="1402" VPOS="1844" WIDTH="28" HEIGHT="75" STYLEREFS="font0"/><SP WIDTH="16" VPOS="1844" HPOS="1430"/><String ID="p76_w795" CONTENT="well" HPOS="1446" VPOS="1844" WIDTH="73" HEIGHT="75" STYLEREFS="font0"/><SP WIDTH="25" VPOS="1844" HPOS="1519"/><String ID="p76_w796" CONTENT="known" HPOS="1544" VPOS="1844" WIDTH="117" HEIGHT="75" STYLEREFS="font0"/><SP WIDTH="22" VPOS="1844" HPOS="1661"/><String ID="p76_w797" CONTENT="to" HPOS="1683" VPOS="1844" WIDTH="35" HEIGHT="75" STYLEREFS="font0"/><SP WIDTH="23" VPOS="1844" HPOS="1718"/><String ID="p76_w798" CONTENT="the" HPOS="1741" VPOS="1844" WIDTH="56" HEIGHT="75" STYLEREFS="font0"/><SP WIDTH="23" VPOS="1844" HPOS="1797"/><String ID="p76_w799" CONTENT="hufbandman," HPOS="1820" VPOS="1844" WIDTH="227" HEIGHT="75" STYLEREFS="font0"/><SP WIDTH="26" VPOS="1844" HPOS="2047"/><String ID="p76_w800" CONTENT="that" HPOS="2073" VPOS="1844" WIDTH="72" HEIGHT="75" STYLEREFS="font0"/><SP WIDTH="15" VPOS="1844" HPOS="2145"/><String ID="p76_w801" CONTENT="the" HPOS="2160" VPOS="1844" WIDTH="56" HEIGHT="75" STYLEREFS="font0"/><SP WIDTH="16" VPOS="1844" HPOS="2216"/><String ID="p76_w802" CONTENT="pro-" HPOS="2232" VPOS="1844" WIDTH="74" HEIGHT="75" STYLEREFS="font0"/></TextLine><TextLine WIDTH="1029" HEIGHT="75" ID="p76_t93" HPOS="1279" VPOS="1891"><String ID="p76_w803" CONTENT="duce" HPOS="1279" VPOS="1891" WIDTH="80" HEIGHT="75" STYLEREFS="font0"/><SP WIDTH="16" VPOS="1891" HPOS="1359"/><String ID="p76_w804" CONTENT="of" HPOS="1375" VPOS="1891" WIDTH="41" HEIGHT="75" STYLEREFS="font0"/><SP WIDTH="18" VPOS="1891" HPOS="1416"/><String ID="p76_w805" CONTENT="clay-foils" HPOS="1434" VPOS="1891" WIDTH="161" HEIGHT="75" STYLEREFS="font0"/><SP WIDTH="18" VPOS="1891" HPOS="1595"/><String ID="p76_w806" CONTENT="are" HPOS="1613" VPOS="1891" WIDTH="52" HEIGHT="75" STYLEREFS="font0"/><SP WIDTH="24" VPOS="1891" HPOS="1665"/><String ID="p76_w807" CONTENT="extremely" HPOS="1689" VPOS="1891" WIDTH="181" HEIGHT="75" STYLEREFS="font0"/><SP WIDTH="21" VPOS="1891" HPOS="1870"/><String ID="p76_w808" CONTENT="uncertain," HPOS="1891" VPOS="1891" WIDTH="178" HEIGHT="75" STYLEREFS="font0"/><SP WIDTH="25" VPOS="1891" HPOS="2069"/><String ID="p76_w809" CONTENT="as" HPOS="2094" VPOS="1891" WIDTH="35" HEIGHT="75" STYLEREFS="font0"/><SP WIDTH="23" VPOS="1891" HPOS="2129"/><String ID="p76_w810" CONTENT="they" HPOS="2152" VPOS="1891" WIDTH="78" HEIGHT="75" STYLEREFS="font0"/><SP WIDTH="24" VPOS="1891" HPOS="2230"/><String ID="p76_w811" CONTENT="are" HPOS="2254" VPOS="1891" WIDTH="54" HEIGHT="75" STYLEREFS="font0"/></TextLine><TextLine WIDTH="1031" HEIGHT="75" ID="p76_t94" HPOS="1277" VPOS="1936"><String ID="p76_w812" CONTENT="liable" HPOS="1277" VPOS="1936" WIDTH="95" HEIGHT="75" STYLEREFS="font0"/><SP WIDTH="12" VPOS="1936" HPOS="1372"/><String ID="p76_w813" CONTENT="-to" HPOS="1384" VPOS="1936" WIDTH="40" HEIGHT="75" STYLEREFS="font0"/><SP WIDTH="12" VPOS="1936" HPOS="1424"/><String ID="p76_w814" CONTENT="be" HPOS="1436" VPOS="1936" WIDTH="40" HEIGHT="75" STYLEREFS="font0"/><SP WIDTH="16" VPOS="1936" HPOS="1476"/><String ID="p76_w815" CONTENT="deftroyed" HPOS="1492" VPOS="1936" WIDTH="168" HEIGHT="75" STYLEREFS="font0"/><SP WIDTH="14" VPOS="1936" HPOS="1660"/><String ID="p76_w816" CONTENT="by" HPOS="1674" VPOS="1936" WIDTH="44" HEIGHT="75" STYLEREFS="font0"/><SP WIDTH="16" VPOS="1936" HPOS="1718"/><String ID="p76_w817" CONTENT="dry" HPOS="1734" VPOS="1936" WIDTH="61" HEIGHT="75" STYLEREFS="font0"/><SP WIDTH="15" VPOS="1936" HPOS="1795"/><String ID="p76_w818" CONTENT="or" HPOS="1810" VPOS="1936" WIDTH="38" HEIGHT="75" STYLEREFS="font0"/><SP WIDTH="15" VPOS="1936" HPOS="1848"/><String ID="p76_w819" CONTENT="wet" HPOS="1863" VPOS="1936" WIDTH="64" HEIGHT="75" STYLEREFS="font0"/><SP WIDTH="12" VPOS="1936" HPOS="1927"/><String ID="p76_w820" CONTENT="feafons." HPOS="1939" VPOS="1936" WIDTH="135" HEIGHT="75" STYLEREFS="font0"/><SP WIDTH="39" VPOS="1936" HPOS="2074"/><String ID="p76_w821" CONTENT="Thefe" HPOS="2113" VPOS="1936" WIDTH="109" HEIGHT="75" STYLEREFS="font0"/><SP WIDTH="10" VPOS="1936" HPOS="2222"/><String ID="p76_w822" CONTENT="foils" HPOS="2232" VPOS="1936" WIDTH="76" HEIGHT="75" STYLEREFS="font0"/></TextLine><TextLine WIDTH="1033" HEIGHT="75" ID="p76_t95" HPOS="1277" VPOS="1982"><String ID="p76_w823" CONTENT="labour" HPOS="1277" VPOS="1982" WIDTH="113" HEIGHT="75" STYLEREFS="font0"/><SP WIDTH="15" VPOS="1982" HPOS="1390"/><String ID="p76_w824" CONTENT="under" HPOS="1405" VPOS="1982" WIDTH="102" HEIGHT="75" STYLEREFS="font0"/><SP WIDTH="16" VPOS="1982" HPOS="1507"/><String ID="p76_w825" CONTENT="another" HPOS="1523" VPOS="1982" WIDTH="133" HEIGHT="75" STYLEREFS="font0"/><SP WIDTH="17" VPOS="1982" HPOS="1656"/><String ID="p76_w826" CONTENT="difadvantage;" HPOS="1673" VPOS="1982" WIDTH="245" HEIGHT="75" STYLEREFS="font0"/><SP WIDTH="28" VPOS="1982" HPOS="1918"/><String ID="p76_w827" CONTENT="as" HPOS="1946" VPOS="1982" WIDTH="32" HEIGHT="75" STYLEREFS="font0"/><SP WIDTH="18" VPOS="1982" HPOS="1978"/><String ID="p76_w828" CONTENT="they" HPOS="1996" VPOS="1982" WIDTH="79" HEIGHT="75" STYLEREFS="font0"/><SP WIDTH="15" VPOS="1982" HPOS="2075"/><String ID="p76_w829" CONTENT="repel" HPOS="2090" VPOS="1982" WIDTH="87" HEIGHT="75" STYLEREFS="font0"/><SP WIDTH="18" VPOS="1982" HPOS="2177"/><String ID="p76_w830" CONTENT="water," HPOS="2195" VPOS="1982" WIDTH="115" HEIGHT="75" STYLEREFS="font0"/></TextLine><TextLine WIDTH="1030" HEIGHT="75" ID="p76_t96" HPOS="1279" VPOS="2028"><String ID="p76_w831" CONTENT="efpecially" HPOS="1279" VPOS="2028" WIDTH="167" HEIGHT="75" STYLEREFS="font0"/><SP WIDTH="15" VPOS="2028" HPOS="1446"/><String ID="p76_w832" CONTENT="when" HPOS="1461" VPOS="2028" WIDTH="94" HEIGHT="75" STYLEREFS="font0"/><SP WIDTH="16" VPOS="2028" HPOS="1555"/><String ID="p76_w833" CONTENT="it" HPOS="1571" VPOS="2028" WIDTH="25" HEIGHT="75" STYLEREFS="font0"/><SP WIDTH="17" VPOS="2028" HPOS="1596"/><String ID="p76_w834" CONTENT="falls" HPOS="1613" VPOS="2028" WIDTH="72" HEIGHT="75" STYLEREFS="font0"/><SP WIDTH="16" VPOS="2028" HPOS="1685"/><String ID="p76_w835" CONTENT="in" HPOS="1701" VPOS="2028" WIDTH="32" HEIGHT="75" STYLEREFS="font0"/><SP WIDTH="23" VPOS="2028" HPOS="1733"/><String ID="p76_w836" CONTENT="fmall" HPOS="1756" VPOS="2028" WIDTH="89" HEIGHT="75" STYLEREFS="font0"/><SP WIDTH="17" VPOS="2028" HPOS="1845"/><String ID="p76_w837" CONTENT="quantities," HPOS="1862" VPOS="2028" WIDTH="185" HEIGHT="75" STYLEREFS="font0"/><SP WIDTH="27" VPOS="2028" HPOS="2047"/><String ID="p76_w838" CONTENT="they" HPOS="2074" VPOS="2028" WIDTH="78" HEIGHT="75" STYLEREFS="font0"/><SP WIDTH="16" VPOS="2028" HPOS="2152"/><String ID="p76_w839" CONTENT="reap" HPOS="2168" VPOS="2028" WIDTH="74" HEIGHT="75" STYLEREFS="font0"/><SP WIDTH="24" VPOS="2028" HPOS="2242"/><String ID="p76_w840" CONTENT="no" HPOS="2266" VPOS="2028" WIDTH="43" HEIGHT="75" STYLEREFS="font0"/></TextLine><TextLine WIDTH="652" HEIGHT="75" ID="p76_t97" HPOS="1279" VPOS="2074"><String ID="p76_w841" CONTENT="benefit" HPOS="1279" VPOS="2074" WIDTH="120" HEIGHT="75" STYLEREFS="font0"/><SP WIDTH="13" VPOS="2074" HPOS="1399"/><String ID="p76_w842" CONTENT="from" HPOS="1412" VPOS="2074" WIDTH="84" HEIGHT="75" STYLEREFS="font0"/><SP WIDTH="17" VPOS="2074" HPOS="1496"/><String ID="p76_w843" CONTENT="dews" HPOS="1513" VPOS="2074" WIDTH="88" HEIGHT="75" STYLEREFS="font0"/><SP WIDTH="17" VPOS="2074" HPOS="1601"/><String ID="p76_w844" CONTENT="or" HPOS="1618" VPOS="2074" WIDTH="37" HEIGHT="75" STYLEREFS="font0"/><SP WIDTH="18" VPOS="2074" HPOS="1655"/><String ID="p76_w845" CONTENT="flight" HPOS="1673" VPOS="2074" WIDTH="93" HEIGHT="75" STYLEREFS="font0"/><SP WIDTH="16" VPOS="2074" HPOS="1766"/><String ID="p76_w846" CONTENT="{bowers." HPOS="1782" VPOS="2074" WIDTH="149" HEIGHT="75" STYLEREFS="font0"/></TextLine><TextLine WIDTH="984" HEIGHT="75" ID="p76_t98" HPOS="1326" VPOS="2121"><String ID="p76_w847" CONTENT="The" HPOS="1326" VPOS="2121" WIDTH="76" HEIGHT="75" STYLEREFS="font0"/><SP WIDTH="13" VPOS="2121" HPOS="1402"/><String ID="p76_w848" CONTENT="clay-foil" HPOS="1415" VPOS="2121" WIDTH="145" HEIGHT="75" STYLEREFS="font0"/><SP WIDTH="13" VPOS="2121" HPOS="1560"/><String ID="p76_w849" CONTENT="is" HPOS="1573" VPOS="2121" WIDTH="26" HEIGHT="75" STYLEREFS="font0"/><SP WIDTH="13" VPOS="2121" HPOS="1599"/><String ID="p76_w850" CONTENT="faid" HPOS="1612" VPOS="2121" WIDTH="67" HEIGHT="75" STYLEREFS="font0"/><SP WIDTH="11" VPOS="2121" HPOS="1679"/><String ID="p76_w851" CONTENT="to" HPOS="1690" VPOS="2121" WIDTH="36" HEIGHT="75" STYLEREFS="font0"/><SP WIDTH="13" VPOS="2121" HPOS="1726"/><String ID="p76_w852" CONTENT="contain" HPOS="1739" VPOS="2121" WIDTH="127" HEIGHT="75" STYLEREFS="font0"/><SP WIDTH="9" VPOS="2121" HPOS="1866"/><String ID="p76_w853" CONTENT="vegetable" HPOS="1875" VPOS="2121" WIDTH="165" HEIGHT="75" STYLEREFS="font0"/><SP WIDTH="13" VPOS="2121" HPOS="2040"/><String ID="p76_w854" CONTENT="food," HPOS="2053" VPOS="2121" WIDTH="90" HEIGHT="75" STYLEREFS="font0"/><SP WIDTH="17" VPOS="2121" HPOS="2143"/><String ID="p76_w855" CONTENT="but" HPOS="2160" VPOS="2121" WIDTH="58" HEIGHT="75" STYLEREFS="font0"/><SP WIDTH="12" VPOS="2121" HPOS="2218"/><String ID="p76_w856" CONTENT="does" HPOS="2230" VPOS="2121" WIDTH="80" HEIGHT="75" STYLEREFS="font0"/></TextLine><TextLine WIDTH="1029" HEIGHT="75" ID="p76_t99" HPOS="1280" VPOS="2167"><String ID="p76_w857" CONTENT="not" HPOS="1280" VPOS="2167" WIDTH="56" HEIGHT="75" STYLEREFS="font0"/><SP WIDTH="11" VPOS="2167" HPOS="1336"/><String ID="p76_w858" CONTENT="allow" HPOS="1347" VPOS="2167" WIDTH="97" HEIGHT="75" STYLEREFS="font0"/><SP WIDTH="9" VPOS="2167" HPOS="1444"/><String ID="p76_w859" CONTENT="it" HPOS="1453" VPOS="2167" WIDTH="26" HEIGHT="75" STYLEREFS="font0"/><SP WIDTH="12" VPOS="2167" HPOS="1479"/><String ID="p76_w860" CONTENT="to" HPOS="1491" VPOS="2167" WIDTH="35" HEIGHT="75" STYLEREFS="font0"/><SP WIDTH="12" VPOS="2167" HPOS="1526"/><String ID="p76_w861" CONTENT="be" HPOS="1538" VPOS="2167" WIDTH="40" HEIGHT="75" STYLEREFS="font0"/><SP WIDTH="13" VPOS="2167" HPOS="1578"/><String ID="p76_w862" CONTENT="eafily" HPOS="1591" VPOS="2167" WIDTH="95" HEIGHT="75" STYLEREFS="font0"/><SP WIDTH="11" VPOS="2167" HPOS="1686"/><String ID="p76_w863" CONTENT="diffolved:" HPOS="1697" VPOS="2167" WIDTH="171" HEIGHT="75" STYLEREFS="font0"/><SP WIDTH="20" VPOS="2167" HPOS="1868"/><String ID="p76_w864" CONTENT="and" HPOS="1888" VPOS="2167" WIDTH="64" HEIGHT="75" STYLEREFS="font0"/><SP WIDTH="10" VPOS="2167" HPOS="1952"/><String ID="p76_w865" CONTENT="hence" HPOS="1962" VPOS="2167" WIDTH="100" HEIGHT="75" STYLEREFS="font0"/><SP WIDTH="11" VPOS="2167" HPOS="2062"/><String ID="p76_w866" CONTENT="lime," HPOS="2073" VPOS="2167" WIDTH="88" HEIGHT="75" STYLEREFS="font0"/><SP WIDTH="18" VPOS="2167" HPOS="2161"/><String ID="p76_w867" CONTENT="marks," HPOS="2179" VPOS="2167" WIDTH="130" HEIGHT="75" STYLEREFS="font0"/></TextLine><TextLine WIDTH="1028" HEIGHT="75" ID="p76_t100" HPOS="1280" VPOS="2214"><String ID="p76_w868" CONTENT="or" HPOS="1280" VPOS="2214" WIDTH="38" HEIGHT="75" STYLEREFS="font0"/><SP WIDTH="16" VPOS="2214" HPOS="1318"/><String ID="p76_w869" CONTENT="aflies," HPOS="1334" VPOS="2214" WIDTH="99" HEIGHT="75" STYLEREFS="font0"/><SP WIDTH="13" VPOS="2214" HPOS="1433"/><String ID="p76_w870" CONTENT="are" HPOS="1446" VPOS="2214" WIDTH="54" HEIGHT="75" STYLEREFS="font0"/><SP WIDTH="12" VPOS="2214" HPOS="1500"/><String ID="p76_w871" CONTENT="the" HPOS="1512" VPOS="2214" WIDTH="55" HEIGHT="75" STYLEREFS="font0"/><SP WIDTH="13" VPOS="2214" HPOS="1567"/><String ID="p76_w872" CONTENT="moft" HPOS="1580" VPOS="2214" WIDTH="79" HEIGHT="75" STYLEREFS="font0"/><SP WIDTH="8" VPOS="2214" HPOS="1659"/><String ID="p76_w873" CONTENT="proper" HPOS="1667" VPOS="2214" WIDTH="115" HEIGHT="75" STYLEREFS="font0"/><SP WIDTH="10" VPOS="2214" HPOS="1782"/><String ID="p76_w874" CONTENT="manures" HPOS="1792" VPOS="2214" WIDTH="148" HEIGHT="75" STYLEREFS="font0"/><SP WIDTH="11" VPOS="2214" HPOS="1940"/><String ID="p76_w875" CONTENT="for" HPOS="1951" VPOS="2214" WIDTH="52" HEIGHT="75" STYLEREFS="font0"/><SP WIDTH="11" VPOS="2214" HPOS="2003"/><String ID="p76_w876" CONTENT="it," HPOS="2014" VPOS="2214" WIDTH="39" HEIGHT="75" STYLEREFS="font0"/><SP WIDTH="14" VPOS="2214" HPOS="2053"/><String ID="p76_w877" CONTENT="as" HPOS="2067" VPOS="2214" WIDTH="33" HEIGHT="75" STYLEREFS="font0"/><SP WIDTH="12" VPOS="2214" HPOS="2100"/><String ID="p76_w878" CONTENT="they" HPOS="2112" VPOS="2214" WIDTH="77" HEIGHT="75" STYLEREFS="font0"/><SP WIDTH="12" VPOS="2214" HPOS="2189"/><String ID="p76_w879" CONTENT="divide" HPOS="2201" VPOS="2214" WIDTH="107" HEIGHT="75" STYLEREFS="font0"/></TextLine><TextLine WIDTH="1028" HEIGHT="75" ID="p76_t101" HPOS="1280" VPOS="2261"><String ID="p76_w880" CONTENT="it" HPOS="1280" VPOS="2261" WIDTH="26" HEIGHT="75" STYLEREFS="font0"/><SP WIDTH="19" VPOS="2261" HPOS="1306"/><String ID="p76_w881" CONTENT="into" HPOS="1325" VPOS="2261" WIDTH="70" HEIGHT="75" STYLEREFS="font0"/><SP WIDTH="16" VPOS="2261" HPOS="1395"/><String ID="p76_w882" CONTENT="fmall" HPOS="1411" VPOS="2261" WIDTH="90" HEIGHT="75" STYLEREFS="font0"/><SP WIDTH="15" VPOS="2261" HPOS="1501"/><String ID="p76_w883" CONTENT="particles." HPOS="1516" VPOS="2261" WIDTH="162" HEIGHT="75" STYLEREFS="font0"/><SP WIDTH="23" VPOS="2261" HPOS="1678"/><String ID="p76_w884" CONTENT="." HPOS="1701" VPOS="2261" WIDTH="3" HEIGHT="75" STYLEREFS="font0"/><SP WIDTH="22" VPOS="2261" HPOS="1704"/><String ID="p76_w885" CONTENT="Thefe" HPOS="1726" VPOS="2261" WIDTH="109" HEIGHT="75" STYLEREFS="font0"/><SP WIDTH="17" VPOS="2261" HPOS="1835"/><String ID="p76_w886" CONTENT="manures" HPOS="1852" VPOS="2261" WIDTH="149" HEIGHT="75" STYLEREFS="font0"/><SP WIDTH="14" VPOS="2261" HPOS="2001"/><String ID="p76_w887" CONTENT="likewife" HPOS="2015" VPOS="2261" WIDTH="140" HEIGHT="75" STYLEREFS="font0"/><SP WIDTH="12" VPOS="2261" HPOS="2155"/><String ID="p76_w888" CONTENT="commu-" HPOS="2167" VPOS="2261" WIDTH="141" HEIGHT="75" STYLEREFS="font0"/></TextLine><TextLine WIDTH="1026" HEIGHT="75" ID="p76_t102" HPOS="1282" VPOS="2306"><String ID="p76_w889" CONTENT="nicate" HPOS="1282" VPOS="2306" WIDTH="102" HEIGHT="75" STYLEREFS="font0"/><SP WIDTH="17" VPOS="2306" HPOS="1384"/><String ID="p76_w890" CONTENT="to" HPOS="1401" VPOS="2306" WIDTH="34" HEIGHT="75" STYLEREFS="font0"/><SP WIDTH="17" VPOS="2306" HPOS="1435"/><String ID="p76_w891" CONTENT="it" HPOS="1452" VPOS="2306" WIDTH="25" HEIGHT="75" STYLEREFS="font0"/><SP WIDTH="18" VPOS="2306" HPOS="1477"/><String ID="p76_w892" CONTENT="a" HPOS="1495" VPOS="2306" WIDTH="18" HEIGHT="75" STYLEREFS="font0"/><SP WIDTH="15" VPOS="2306" HPOS="1513"/><String ID="p76_w893" CONTENT="greater" HPOS="1528" VPOS="2306" WIDTH="125" HEIGHT="75" STYLEREFS="font0"/><SP WIDTH="16" VPOS="2306" HPOS="1653"/><String ID="p76_w894" CONTENT="power" HPOS="1669" VPOS="2306" WIDTH="109" HEIGHT="75" STYLEREFS="font0"/><SP WIDTH="15" VPOS="2306" HPOS="1778"/><String ID="p76_w895" CONTENT="of" HPOS="1793" VPOS="2306" WIDTH="41" HEIGHT="75" STYLEREFS="font0"/><SP WIDTH="10" VPOS="2306" HPOS="1834"/><String ID="p76_w896" CONTENT="abforption" HPOS="1844" VPOS="2306" WIDTH="179" HEIGHT="75" STYLEREFS="font0"/><SP WIDTH="12" VPOS="2306" HPOS="2023"/><String ID="p76_w897" CONTENT=";" HPOS="2035" VPOS="2306" WIDTH="10" HEIGHT="75" STYLEREFS="font0"/><SP WIDTH="28" VPOS="2306" HPOS="2045"/><String ID="p76_w898" CONTENT="and" HPOS="2073" VPOS="2306" WIDTH="62" HEIGHT="75" STYLEREFS="font0"/><SP WIDTH="11" VPOS="2306" HPOS="2135"/><String ID="p76_w899" CONTENT="therefore" HPOS="2146" VPOS="2306" WIDTH="162" HEIGHT="75" STYLEREFS="font0"/></TextLine><TextLine WIDTH="1027" HEIGHT="75" ID="p76_t103" HPOS="1281" VPOS="2350"><String ID="p76_w900" CONTENT="they" HPOS="1281" VPOS="2350" WIDTH="78" HEIGHT="75" STYLEREFS="font0"/><SP WIDTH="9" VPOS="2350" HPOS="1359"/><String ID="p76_w901" CONTENT="will" HPOS="1368" VPOS="2350" WIDTH="65" HEIGHT="75" STYLEREFS="font0"/><SP WIDTH="13" VPOS="2350" HPOS="1433"/><String ID="p76_w902" CONTENT="enable" HPOS="1446" VPOS="2350" WIDTH="111" HEIGHT="75" STYLEREFS="font0"/><SP WIDTH="12" VPOS="2350" HPOS="1557"/><String ID="p76_w903" CONTENT="it" HPOS="1569" VPOS="2350" WIDTH="25" HEIGHT="75" STYLEREFS="font0"/><SP WIDTH="12" VPOS="2350" HPOS="1594"/><String ID="p76_w904" CONTENT="both" HPOS="1606" VPOS="2350" WIDTH="79" HEIGHT="75" STYLEREFS="font0"/><SP WIDTH="17" VPOS="2350" HPOS="1685"/><String ID="p76_w905" CONTENT="to" HPOS="1702" VPOS="2350" WIDTH="35" HEIGHT="75" STYLEREFS="font0"/><SP WIDTH="12" VPOS="2350" HPOS="1737"/><String ID="p76_w906" CONTENT="receive" HPOS="1749" VPOS="2350" WIDTH="122" HEIGHT="75" STYLEREFS="font0"/><SP WIDTH="11" VPOS="2350" HPOS="1871"/><String ID="p76_w907" CONTENT="andtranfmit" HPOS="1882" VPOS="2350" WIDTH="213" HEIGHT="75" STYLEREFS="font0"/><SP WIDTH="13" VPOS="2350" HPOS="2095"/><String ID="p76_w908" CONTENT="water" HPOS="2108" VPOS="2350" WIDTH="100" HEIGHT="75" STYLEREFS="font0"/><SP WIDTH="12" VPOS="2350" HPOS="2208"/><String ID="p76_w909" CONTENT="more" HPOS="2220" VPOS="2350" WIDTH="88" HEIGHT="75" STYLEREFS="font0"/></TextLine><TextLine WIDTH="1028" HEIGHT="75" ID="p76_t104" HPOS="1282" VPOS="2398"><String ID="p76_w910" CONTENT="readily," HPOS="1282" VPOS="2398" WIDTH="133" HEIGHT="75" STYLEREFS="font0"/><SP WIDTH="27" VPOS="2398" HPOS="1415"/><String ID="p76_w911" CONTENT="and" HPOS="1442" VPOS="2398" WIDTH="62" HEIGHT="75" STYLEREFS="font0"/><SP WIDTH="11" VPOS="2398" HPOS="1504"/><String ID="p76_w912" CONTENT="of" HPOS="1515" VPOS="2398" WIDTH="40" HEIGHT="75" STYLEREFS="font0"/><SP WIDTH="19" VPOS="2398" HPOS="1555"/><String ID="p76_w913" CONTENT="courfe" HPOS="1574" VPOS="2398" WIDTH="109" HEIGHT="75" STYLEREFS="font0"/><SP WIDTH="16" VPOS="2398" HPOS="1683"/><String ID="p76_w914" CONTENT="make" HPOS="1699" VPOS="2398" WIDTH="92" HEIGHT="75" STYLEREFS="font0"/><SP WIDTH="16" VPOS="2398" HPOS="1791"/><String ID="p76_w915" CONTENT="it" HPOS="1807" VPOS="2398" WIDTH="26" HEIGHT="75" STYLEREFS="font0"/><SP WIDTH="16" VPOS="2398" HPOS="1833"/><String ID="p76_w916" CONTENT="lefs" HPOS="1849" VPOS="2398" WIDTH="62" HEIGHT="75" STYLEREFS="font0"/><SP WIDTH="20" VPOS="2398" HPOS="1911"/><String ID="p76_w917" CONTENT="fubject" HPOS="1931" VPOS="2398" WIDTH="120" HEIGHT="75" STYLEREFS="font0"/><SP WIDTH="15" VPOS="2398" HPOS="2051"/><String ID="p76_w918" CONTENT="to" HPOS="2066" VPOS="2398" WIDTH="35" HEIGHT="75" STYLEREFS="font0"/><SP WIDTH="20" VPOS="2398" HPOS="2101"/><String ID="p76_w919" CONTENT="be" HPOS="2121" VPOS="2398" WIDTH="40" HEIGHT="75" STYLEREFS="font0"/><SP WIDTH="22" VPOS="2398" HPOS="2161"/><String ID="p76_w920" CONTENT="injured" HPOS="2183" VPOS="2398" WIDTH="127" HEIGHT="75" STYLEREFS="font0"/></TextLine><TextLine WIDTH="1028" HEIGHT="75" ID="p76_t105" HPOS="1281" VPOS="2445"><String ID="p76_w921" CONTENT="by" HPOS="1281" VPOS="2445" WIDTH="43" HEIGHT="75" STYLEREFS="font0"/><SP WIDTH="17" VPOS="2445" HPOS="1324"/><String ID="p76_w922" CONTENT="the" HPOS="1341" VPOS="2445" WIDTH="55" HEIGHT="75" STYLEREFS="font0"/><SP WIDTH="22" VPOS="2445" HPOS="1396"/><String ID="p76_w923" CONTENT="weather." HPOS="1418" VPOS="2445" WIDTH="154" HEIGHT="75" STYLEREFS="font0"/><SP WIDTH="55" VPOS="2445" HPOS="1572"/><String ID="p76_w924" CONTENT="Clay-foils," HPOS="1627" VPOS="2445" WIDTH="188" HEIGHT="75" STYLEREFS="font0"/><SP WIDTH="32" VPOS="2445" HPOS="1815"/><String ID="p76_w925" CONTENT="when" HPOS="1847" VPOS="2445" WIDTH="92" HEIGHT="75" STYLEREFS="font0"/><SP WIDTH="29" VPOS="2445" HPOS="1939"/><String ID="p76_w926" CONTENT="mixed" HPOS="1968" VPOS="2445" WIDTH="109" HEIGHT="75" STYLEREFS="font0"/><SP WIDTH="27" VPOS="2445" HPOS="2077"/><String ID="p76_w927" CONTENT="with" HPOS="2104" VPOS="2445" WIDTH="78" HEIGHT="75" STYLEREFS="font0"/><SP WIDTH="28" VPOS="2445" HPOS="2182"/><String ID="p76_w928" CONTENT="loam," HPOS="2210" VPOS="2445" WIDTH="99" HEIGHT="75" STYLEREFS="font0"/></TextLine><TextLine WIDTH="1028" HEIGHT="75" ID="p76_t106" HPOS="1282" VPOS="2490"><String ID="p76_w929" CONTENT="are" HPOS="1282" VPOS="2490" WIDTH="53" HEIGHT="75" STYLEREFS="font0"/><SP WIDTH="16" VPOS="2490" HPOS="1335"/><String ID="p76_w930" CONTENT="very" HPOS="1351" VPOS="2490" WIDTH="79" HEIGHT="75" STYLEREFS="font0"/><SP WIDTH="22" VPOS="2490" HPOS="1430"/><String ID="p76_w931" CONTENT="rich" HPOS="1452" VPOS="2490" WIDTH="69" HEIGHT="75" STYLEREFS="font0"/><SP WIDTH="12" VPOS="2490" HPOS="1521"/><String ID="p76_w932" CONTENT=";" HPOS="1533" VPOS="2490" WIDTH="10" HEIGHT="75" STYLEREFS="font0"/><SP WIDTH="26" VPOS="2490" HPOS="1543"/><String ID="p76_w933" CONTENT="but," HPOS="1569" VPOS="2490" WIDTH="71" HEIGHT="75" STYLEREFS="font0"/><SP WIDTH="24" VPOS="2490" HPOS="1640"/><String ID="p76_w934" CONTENT="when" HPOS="1664" VPOS="2490" WIDTH="94" HEIGHT="75" STYLEREFS="font0"/><SP WIDTH="23" VPOS="2490" HPOS="1758"/><String ID="p76_w935" CONTENT="mixed" HPOS="1781" VPOS="2490" WIDTH="111" HEIGHT="75" STYLEREFS="font0"/><SP WIDTH="15" VPOS="2490" HPOS="1892"/><String ID="p76_w936" CONTENT="with" HPOS="1907" VPOS="2490" WIDTH="78" HEIGHT="75" STYLEREFS="font0"/><SP WIDTH="18" VPOS="2490" HPOS="1985"/><String ID="p76_w937" CONTENT="fand" HPOS="2003" VPOS="2490" WIDTH="76" HEIGHT="75" STYLEREFS="font0"/><SP WIDTH="12" VPOS="2490" HPOS="2079"/><String ID="p76_w938" CONTENT="or" HPOS="2091" VPOS="2490" WIDTH="37" HEIGHT="75" STYLEREFS="font0"/><SP WIDTH="15" VPOS="2490" HPOS="2128"/><String ID="p76_w939" CONTENT="till," HPOS="2143" VPOS="2490" WIDTH="63" HEIGHT="75" STYLEREFS="font0"/><SP WIDTH="25" VPOS="2490" HPOS="2206"/><String ID="p76_w940" CONTENT="they" HPOS="2231" VPOS="2490" WIDTH="79" HEIGHT="75" STYLEREFS="font0"/></TextLine><TextLine WIDTH="1027" HEIGHT="75" ID="p76_t107" HPOS="1282" VPOS="2539"><String ID="p76_w941" CONTENT="are" HPOS="1282" VPOS="2539" WIDTH="53" HEIGHT="75" STYLEREFS="font0"/><SP WIDTH="15" VPOS="2539" HPOS="1335"/><String ID="p76_w942" CONTENT="very" HPOS="1350" VPOS="2539" WIDTH="80" HEIGHT="75" STYLEREFS="font0"/><SP WIDTH="15" VPOS="2539" HPOS="1430"/><String ID="p76_w943" CONTENT="poor." HPOS="1445" VPOS="2539" WIDTH="92" HEIGHT="75" STYLEREFS="font0"/><SP WIDTH="49" VPOS="2539" HPOS="1537"/><String ID="p76_w944" CONTENT="Poor" HPOS="1586" VPOS="2539" WIDTH="88" HEIGHT="75" STYLEREFS="font0"/><SP WIDTH="17" VPOS="2539" HPOS="1674"/><String ID="p76_w945" CONTENT="clay-foils" HPOS="1691" VPOS="2539" WIDTH="162" HEIGHT="75" STYLEREFS="font0"/><SP WIDTH="25" VPOS="2539" HPOS="1853"/><String ID="p76_w946" CONTENT="require" HPOS="1878" VPOS="2539" WIDTH="127" HEIGHT="75" STYLEREFS="font0"/><SP WIDTH="16" VPOS="2539" HPOS="2005"/><String ID="p76_w947" CONTENT="fuch" HPOS="2021" VPOS="2539" WIDTH="75" HEIGHT="75" STYLEREFS="font0"/><SP WIDTH="17" VPOS="2539" HPOS="2096"/><String ID="p76_w948" CONTENT="manures" HPOS="2113" VPOS="2539" WIDTH="146" HEIGHT="75" STYLEREFS="font0"/><SP WIDTH="17" VPOS="2539" HPOS="2259"/><String ID="p76_w949" CONTENT="as" HPOS="2276" VPOS="2539" WIDTH="33" HEIGHT="75" STYLEREFS="font0"/></TextLine><TextLine WIDTH="1026" HEIGHT="75" ID="p76_t108" HPOS="1283" VPOS="2583"><String ID="p76_w950" CONTENT="contain" HPOS="1283" VPOS="2583" WIDTH="125" HEIGHT="75" STYLEREFS="font0"/><SP WIDTH="18" VPOS="2583" HPOS="1408"/><String ID="p76_w951" CONTENT="the" HPOS="1426" VPOS="2583" WIDTH="55" HEIGHT="75" STYLEREFS="font0"/><SP WIDTH="23" VPOS="2583" HPOS="1481"/><String ID="p76_w952" CONTENT="greateft" HPOS="1504" VPOS="2583" WIDTH="134" HEIGHT="75" STYLEREFS="font0"/><SP WIDTH="26" VPOS="2583" HPOS="1638"/><String ID="p76_w953" CONTENT="quantity" HPOS="1664" VPOS="2583" WIDTH="149" HEIGHT="75" STYLEREFS="font0"/><SP WIDTH="16" VPOS="2583" HPOS="1813"/><String ID="p76_w954" CONTENT="of" HPOS="1829" VPOS="2583" WIDTH="41" HEIGHT="75" STYLEREFS="font0"/><SP WIDTH="17" VPOS="2583" HPOS="1870"/><String ID="p76_w955" CONTENT="vegetable" HPOS="1887" VPOS="2583" WIDTH="166" HEIGHT="75" STYLEREFS="font0"/><SP WIDTH="24" VPOS="2583" HPOS="2053"/><String ID="p76_w956" CONTENT="food;" HPOS="2077" VPOS="2583" WIDTH="98" HEIGHT="75" STYLEREFS="font0"/><SP WIDTH="27" VPOS="2583" HPOS="2175"/><String ID="p76_w957" CONTENT="there-" HPOS="2202" VPOS="2583" WIDTH="107" HEIGHT="75" STYLEREFS="font0"/></TextLine><TextLine WIDTH="1027" HEIGHT="75" ID="p76_t109" HPOS="1282" VPOS="2630"><String ID="p76_w958" CONTENT="fore" HPOS="1282" VPOS="2630" WIDTH="70" HEIGHT="75" STYLEREFS="font0"/><SP WIDTH="17" VPOS="2630" HPOS="1352"/><String ID="p76_w959" CONTENT="dung," HPOS="1369" VPOS="2630" WIDTH="98" HEIGHT="75" STYLEREFS="font0"/><SP WIDTH="26" VPOS="2630" HPOS="1467"/><String ID="p76_w960" CONTENT="fhell-marle," HPOS="1493" VPOS="2630" WIDTH="204" HEIGHT="75" STYLEREFS="font0"/><SP WIDTH="25" VPOS="2630" HPOS="1697"/><String ID="p76_w961" CONTENT="fea-weed," HPOS="1722" VPOS="2630" WIDTH="170" HEIGHT="75" STYLEREFS="font0"/><SP WIDTH="26" VPOS="2630" HPOS="1892"/><String ID="p76_w962" CONTENT="6c." HPOS="1918" VPOS="2630" WIDTH="64" HEIGHT="75" STYLEREFS="font0"/><SP WIDTH="25" VPOS="2630" HPOS="1982"/><String ID="p76_w963" CONTENT="are" HPOS="2007" VPOS="2630" WIDTH="53" HEIGHT="75" STYLEREFS="font0"/><SP WIDTH="25" VPOS="2630" HPOS="2060"/><String ID="p76_w964" CONTENT="the" HPOS="2085" VPOS="2630" WIDTH="54" HEIGHT="75" STYLEREFS="font0"/><SP WIDTH="22" VPOS="2630" HPOS="2139"/><String ID="p76_w965" CONTENT="belt" HPOS="2161" VPOS="2630" WIDTH="65" HEIGHT="75" STYLEREFS="font0"/><SP WIDTH="16" VPOS="2630" HPOS="2226"/><String ID="p76_w966" CONTENT="ma-" HPOS="2242" VPOS="2630" WIDTH="67" HEIGHT="75" STYLEREFS="font0"/></TextLine><TextLine WIDTH="274" HEIGHT="75" ID="p76_t110" HPOS="1283" VPOS="2676"><String ID="p76_w967" CONTENT="nures" HPOS="1283" VPOS="2676" WIDTH="92" HEIGHT="75" STYLEREFS="font0"/><SP WIDTH="17" VPOS="2676" HPOS="1375"/><String ID="p76_w968" CONTENT="for" HPOS="1392" VPOS="2676" WIDTH="52" HEIGHT="75" STYLEREFS="font0"/><SP WIDTH="12" VPOS="2676" HPOS="1444"/><String ID="p76_w969" CONTENT="them." HPOS="1456" VPOS="2676" WIDTH="101" HEIGHT="75" STYLEREFS="font0"/></TextLine><TextLine WIDTH="424" HEIGHT="75" ID="p76_t111" HPOS="1556" VPOS="2789"><String ID="p76_w970" CONTENT="Of" HPOS="1556" VPOS="2789" WIDTH="65" HEIGHT="75" STYLEREFS="font0"/><SP WIDTH="20" VPOS="2789" HPOS="1621"/><String ID="p76_w971" CONTENT="the" HPOS="1641" VPOS="2789" WIDTH="66" HEIGHT="75" STYLEREFS="font0"/><SP WIDTH="28" VPOS="2789" HPOS="1707"/><String ID="p76_w972" CONTENT="Sandy" HPOS="1735" VPOS="2789" WIDTH="134" HEIGHT="75" STYLEREFS="font0"/><SP WIDTH="19" VPOS="2789" HPOS="1869"/><String ID="p76_w973" CONTENT="Soil." HPOS="1888" VPOS="2789" WIDTH="92" HEIGHT="75" STYLEREFS="font0"/></TextLine><TextLine WIDTH="979" HEIGHT="75" ID="p76_t112" HPOS="1331" VPOS="2868"><String ID="p76_w974" CONTENT="There" HPOS="1331" VPOS="2868" WIDTH="136" HEIGHT="75" STYLEREFS="font0"/><SP WIDTH="21" VPOS="2868" HPOS="1467"/><String ID="p76_w975" CONTENT="are" HPOS="1488" VPOS="2868" WIDTH="52" HEIGHT="75" STYLEREFS="font0"/><SP WIDTH="12" VPOS="2868" HPOS="1540"/><String ID="p76_w976" CONTENT="two" HPOS="1552" VPOS="2868" WIDTH="66" HEIGHT="75" STYLEREFS="font0"/><SP WIDTH="15" VPOS="2868" HPOS="1618"/><String ID="p76_w977" CONTENT="kinds" HPOS="1633" VPOS="2868" WIDTH="94" HEIGHT="75" STYLEREFS="font0"/><SP WIDTH="18" VPOS="2868" HPOS="1727"/><String ID="p76_w978" CONTENT="of" HPOS="1745" VPOS="2868" WIDTH="39" HEIGHT="75" STYLEREFS="font0"/><SP WIDTH="11" VPOS="2868" HPOS="1784"/><String ID="p76_w979" CONTENT="fand" HPOS="1795" VPOS="2868" WIDTH="77" HEIGHT="75" STYLEREFS="font0"/><SP WIDTH="15" VPOS="2868" HPOS="1872"/><String ID="p76_w980" CONTENT="that" HPOS="1887" VPOS="2868" WIDTH="70" HEIGHT="75" STYLEREFS="font0"/><SP WIDTH="18" VPOS="2868" HPOS="1957"/><String ID="p76_w981" CONTENT="enter" HPOS="1975" VPOS="2868" WIDTH="88" HEIGHT="75" STYLEREFS="font0"/><SP WIDTH="12" VPOS="2868" HPOS="2063"/><String ID="p76_w982" CONTENT="into" HPOS="2075" VPOS="2868" WIDTH="69" HEIGHT="75" STYLEREFS="font0"/><SP WIDTH="11" VPOS="2868" HPOS="2144"/><String ID="p76_w983" CONTENT="the" HPOS="2155" VPOS="2868" WIDTH="56" HEIGHT="75" STYLEREFS="font0"/><SP WIDTH="12" VPOS="2868" HPOS="2211"/><String ID="p76_w984" CONTENT="com-" HPOS="2223" VPOS="2868" WIDTH="87" HEIGHT="75" STYLEREFS="font0"/></TextLine><TextLine WIDTH="1030" HEIGHT="75" ID="p76_t113" HPOS="1286" VPOS="2915"><String ID="p76_w985" CONTENT="pofition" HPOS="1286" VPOS="2915" WIDTH="130" HEIGHT="75" STYLEREFS="font0"/><SP WIDTH="19" VPOS="2915" HPOS="1416"/><String ID="p76_w986" CONTENT="of" HPOS="1435" VPOS="2915" WIDTH="40" HEIGHT="75" STYLEREFS="font0"/><SP WIDTH="18" VPOS="2915" HPOS="1475"/><String ID="p76_w987" CONTENT="foils;" HPOS="1493" VPOS="2915" WIDTH="95" HEIGHT="75" STYLEREFS="font0"/><SP WIDTH="18" VPOS="2915" HPOS="1588"/><String ID="p76_w988" CONTENT=".the" HPOS="1606" VPOS="2915" WIDTH="66" HEIGHT="75" STYLEREFS="font0"/><SP WIDTH="25" VPOS="2915" HPOS="1672"/><String ID="p76_w989" CONTENT="one" HPOS="1697" VPOS="2915" WIDTH="60" HEIGHT="75" STYLEREFS="font0"/><SP WIDTH="24" VPOS="2915" HPOS="1757"/><String ID="p76_w990" CONTENT="confifts" HPOS="1781" VPOS="2915" WIDTH="124" HEIGHT="75" STYLEREFS="font0"/><SP WIDTH="25" VPOS="2915" HPOS="1905"/><String ID="p76_w991" CONTENT="of" HPOS="1930" VPOS="2915" WIDTH="42" HEIGHT="75" STYLEREFS="font0"/><SP WIDTH="17" VPOS="2915" HPOS="1972"/><String ID="p76_w992" CONTENT="fmall" HPOS="1989" VPOS="2915" WIDTH="90" HEIGHT="75" STYLEREFS="font0"/><SP WIDTH="24" VPOS="2915" HPOS="2079"/><String ID="p76_w993" CONTENT="particles" HPOS="2103" VPOS="2915" WIDTH="148" HEIGHT="75" STYLEREFS="font0"/><SP WIDTH="25" VPOS="2915" HPOS="2251"/><String ID="p76_w994" CONTENT="of" HPOS="2276" VPOS="2915" WIDTH="40" HEIGHT="75" STYLEREFS="font0"/></TextLine><TextLine WIDTH="588" HEIGHT="75" ID="p76_t114" HPOS="1286" VPOS="2963"><String ID="p76_w995" CONTENT="flint," HPOS="1286" VPOS="2963" WIDTH="83" HEIGHT="75" STYLEREFS="font0"/><SP WIDTH="25" VPOS="2963" HPOS="1369"/><String ID="p76_w996" CONTENT="the" HPOS="1394" VPOS="2963" WIDTH="56" HEIGHT="75" STYLEREFS="font0"/><SP WIDTH="16" VPOS="2963" HPOS="1450"/><String ID="p76_w997" CONTENT="other" HPOS="1466" VPOS="2963" WIDTH="96" HEIGHT="75" STYLEREFS="font0"/><SP WIDTH="16" VPOS="2963" HPOS="1562"/><String ID="p76_w998" CONTENT="of" HPOS="1578" VPOS="2963" WIDTH="40" HEIGHT="75" STYLEREFS="font0"/><SP WIDTH="17" VPOS="2963" HPOS="1618"/><String ID="p76_w999" CONTENT="broken" HPOS="1635" VPOS="2963" WIDTH="123" HEIGHT="75" STYLEREFS="font0"/><SP WIDTH="10" VPOS="2963" HPOS="1758"/><String ID="p76_w1000" CONTENT="fir" HPOS="1768" VPOS="2963" WIDTH="33" HEIGHT="75" STYLEREFS="font0"/><SP WIDTH="2" VPOS="2963" HPOS="1801"/><String ID="p76_w1001" CONTENT="ells." HPOS="1803" VPOS="2963" WIDTH="71" HEIGHT="75" STYLEREFS="font0"/></TextLine><TextLine WIDTH="78" HEIGHT="75" ID="p76_t115" HPOS="2234" VPOS="2998"><String ID="p76_w1002" CONTENT="The" HPOS="2234" VPOS="2998" WIDTH="78" HEIGHT="75" STYLEREFS="font0"/></TextLine></PrintSpace></Page></Layout></alto>