2397 3387
469 160 233 75 BAR

1047 160 19 75 (

64 222 267 75 Barley-w/?,
356 222 56 75 the
429 222 75 75 leaft
524 222 41 75 of
575 222 59 75 our
646 222 260 75 long-meafufes,
932 222 95 75 being
1043 222 56 75 the

112 269 85 75 third
216 269 41 75 of
267 269 38 75 an
322 269 86 75 inch.

66 316 339 75 BARLOVENTO
429 316 81 75 Ifles,
535 316 56 75 the
607 316 83 75 fame
707 316 78 75 with
802 316 55 75 the
875 316 187 75 Caribbees.

64 363 153 75 BARM,
243 363 54 75 the
314 363 82 75 fame
412 363 76 75 v/ith
511 363 79 75 yeft.
640 363 61 75 See
717 363 123 75 Test.

63 409 325 75 BARNABITES,
415 409 18 75 a
449 409 150 75 religious
623 409 107 75 order,
755 409 140 75 founded
913 409 31 75 in
962 409 54 75 the
1033 409 63 75 fix-

109 455 110 75 teenth
236 455 134 75 century
393 455 43 75 by
452 455 92 75 three
567 455 117 75 Italian
713 455 192 75 gentlemen,
931 455 72 75 who
1031 455 66 75 had

108 503 79 75 been
204 503 126 75 advifed
354 503 43 75 by
424 503 19 75 a
469 503 127 75 famous
621 503 215 75 preacher-of
858 503 90 75 thofe
965 503 79 75 days
1061 503 35 75 to

109 550 76 75 read
209 550 155 75 carefully
391 550 56 75 the
467 550 124 75 epiftles
619 550 40 75 of
680 550 39 75 St
743 550 93 75 Paul.
885 550 114 75 Hence
1016 550 78 75 they

109 596 84 75 were
215 596 104 75 called
346 596 103 75 clerks
466 596 43 75 of
524 596 40 75 St
583 596 101 75 Paul,
710 596 63 75 and
801 596 212 75 Barnabites,
1039 596 55 75 be-

109 643 89 75 caufe
214 643 78 75 they
307 643 183 75 performed
507 643 84 75 their
606 643 65 75 firft
687 643 140 75 exereife
839 643 30 75 in
888 643 18 75 a
923 643 120 75 church
1060 643 40 75 of

109 689 39 75 St
165 689 163 75 Barnabas
345 689 32 75 at
393 689 119 75 Milan.
537 689 107 75 Their
659 689 89 75 habit
764 689 25 75 is
806 689 107 75 black,
930 689 63 75 and
1009 689 85 75 thf^r

110 736 92 75 office
222 736 26 75 is
266 736 34 75 to
318 736 140 75 inftruft,
484 736 189 75 cathechjfe,
699 736 62 75 and
777 736 87 75 ferve
886 736 41 75 in’
939 736 131 75 miffien.

61 783 281 75 BARNACLE,
366 783 33 75 in
415 783 218 75 ornithology,
659 783 18 75 a
693 783 117 75 fpecies
823 783 39 75 of
874 783 107 75 goofe.
1032 783 64 75 See

110 829 118 75 Anas.

63 875 303 75 BARNACLES,
392 875 31 75 in
440 875 148 75 farriery,
613 875 39 75 an
674 875 185 75 inftrument
876 875 170 75 compofed
1061 875 43 75 of

107 922 65 75 two
189 922 153 75 branches
366 922 111 75 joined
494 922 34 75 at
544 922 61 75 one
621 922 63 75 end
701 922 77 75 with
805 922 17 75 a
846 922 107 75 hinge,
985 922 34 75 to
1039 922 57 75 put

107 968 84 75 upon
208 968 107 75 horfes
333 968 88 75 nofes
437 968 94 75 when
558 968 78 75 they
655 968 67 75 will
738 968 57 75 not
810 968 90 75 Hand
919 968 125 75 quietly
1060 968 36 75 to

109 1015 39 75 be
165 1015 88 75 {hod,
279 1015 152 75 blooded,
457 1015 38 75 or
511 1015 138 75 dreffied.

62 1061 466 75 BARNARD-CASTLE,
565 1061 18 75 a
612 1061 88 75 town
735 1061 40 75 of
798 1061 54 75 the
880 1061 158 75 biffiopric
1061 1061 42 75 of

110 1108 163 75 Durham,
298 1108 31 75 in
352 1108 35 75 i°
408 1108 107 75 s'W.
535 1108 87 75 long,
648 1108 63 75 and
736 1108 43 75 54
779 1090 18 49 0
816 1108 54 75 26»
870 1090 3 49 ,
888 1108 120 75 N.lat.

61 1155 216 75 BARNET,
303 1155 19 75 a
338 1155 227 75 njarket-town
592 1155 40 75 of
650 1155 186 75 Middlefex
855 1155 86 75 (part
958 1155 40 75 of
1020 1155 25 75 it
1063 1155 32 75 in

109 1200 255 75 Hertfordffiire)
383 1200 54 75 ten
454 1200 90 75 miles
562 1200 189 75 north-weft
767 1200 41 75 of
818 1200 155 75 London,
990 1200 32 75 in
1044 1200 53 75 ic/

105 1248 62 75 W.
184 1248 89 75 long,
299 1248 61 75 and
392 1248 38 75 51
430 1230 22 49 0
471 1248 43 75 42
514 1230 13 49 /
542 1248 48 75 N.
608 1248 58 75 lat.

60 1293 341 75 BARNSTABLE,
427 1293 17 75 a
460 1293 179 75 port-town
656 1293 41 75 of
715 1293 212 75 Devonffiire,
962 1293 134 75 fituated

107 1340 41 75 on
166 1340 55 75 the
239 1340 84 75 river
336 1340 90 75 Tan,
451 1340 96 75 about
564 1340 102 75 thirty
682 1340 91 75 miles
790 1340 95 75 north
903 1340 39 75 of
953 1340 140 75 Exeter,

106 1387 33 75 in
163 1387 62 75 W.
243 1387 88 75 long.
359 1387 21 75 4
380 1369 16 49 0
426 1387 66 75 io',
517 1387 61 75 and
599 1387 39 75 51
638 1369 21 49 0
676 1387 55 75 42'
757 1387 48 75 N.
824 1387 59 75 lat.
943 1387 33 75 It
1004 1387 94 75 fends

108 1433 66 75 two
190 1433 156 75 members
371 1433 35 75 to
422 1433 201 75 parliament.

60 1481 247 75 BAROCHE,
332 1481 18 75 a
377 1481 177 75 port-town
579 1481 40 75 of
641 1481 56 75 the
724 1481 108 75 hither
860 1481 104 75 India,
990 1481 32 75 in
1040 1481 56 75 the

108 1527 147 75 province
273 1527 40 75 of
333 1527 185 75 Cambaya;
546 1527 133 75 fituated
707 1527 84 75 fixty
818 1527 91 75 miles
937 1527 105 75 north,
1061 1527 40 75 of

110 1573 109 75 Surat,
244 1573 32 75 in
294 1573 42 75 72
336 1555 24 49 0
382 1573 17 75 $
438 1573 44 75 E.
500 1573 88 75 long,
615 1573 62 75 and
695 1573 60 75 22°
774 1573 39 75 1$
842 1573 48 75 N.
912 1573 59 75 lat.

61 1621 212 75 BAROCO,
297 1621 155 75 in/logic,
478 1621 18 75 a
512 1621 81 75 term
611 1621 93 75 given
730 1621 34 75 to
778 1621 69 75 nhe
874 1621 111 75 fourth
1002 1621 95 75 mode

109 1667 39 75 of
169 1667 56 75 the
252 1667 117 75 fecond
394 1667 101 75 figure
523 1667 40 75 of
585 1667 190 75 fyllogifms.
824 1667 34 75 A
886 1667 159 75 fyllogifm
1062 1667 32 75 in

108 1712 118 75 baroco
241 1712 57 75 has
316 1712 54 75 the
386 1712 65 75 firft
476 1712 193 75 propofition
693 1712 155 75 univerfal
873 1712 60 75 and
959 1712 136 75 affirma-

109 1759 79 75 tive,
211 1759 59 75 but
287 1759 61 75 the,
359 1759 117 75 fecond
492 1759 62 75 and
570 1759 275 75 third'particular
862 1759 62 75 and
937 1759 157 75 negative,

110 1806 60 75 and
188 1806 56 75 the
260 1806 120 75 middle
408 1806 81 75 term
506 1806 26 75 is
556 1806 54 75 the
620 1806 169 75 .predicate
810 1806 34 75 in
867 1806 55 75 the
939 1806 65 75 two
1031 1806 67 75 firft

110 1853 220 75 propofitions.
381 1853 65 75 For
461 1853 161 75 example,

205 1899 125 75 Nullus
346 1899 87 75 homo
449 1899 61 75 non
525 1899 44 75 eft
585 1899 85 75 bipes
682 1899 21 75 r

205 1946 77 75 Non
298 1946 90 75 omne
403 1946 129 75 animal
547 1946 43 75 eft
606 1946 84 75 bipes
703 1946 13 75 :

204 1993 77 75 Non
298 1993 88 75 omne
405 1993 129 75 animal
548 1993 43 75 eft
607 1993 99 75 homo.

61 2040 322 75 BAROMETER,
408 2040 19 75 a
454 2040 145 75 machine
623 2040 50 75 for
702 2040 178 75 meafuring
902 2040 58 75 the
974 2040 121 75 weight

111 2085 37 75 of
162 2085 54 75 the
234 2085 211 75 atmofphere,
471 2085 63 75 and
557 2085 57 75 the
637 2085 171 75 variations
831 2085 134 75 therein,
992 2085 33 75 in
1042 2085 52 75 or-

110 2131 57 75 der
190 2131 36 75 to
248 2131 175 75 determine
439 2131 56 75 the
523 2131 138 75 changes
684 2131 48 75 of'
747 2131 55 75 the
829 2131 154 75 weather.
1034 2131 65 75 See

110 2177 272 75 Pneumatics.

63 2226 181 75 BARON,
270 2226 18 75 a
303 2226 117 75 degree
437 2226 41 75 of
488 2226 139 75 nobility
652 2226 79 75 next
756 2226 108 75 below
890 2226 19 75 a
935 2226 159 75 vifcount,

109 2272 62 75 and
188 2272 99 75 above
310 2272 19 75 a
352 2272 146 75 baronet.
547 2272 31 75 It
603 2272 26 75 is
657 2272 152 75 probable
838 2272 70 75 that
940 2272 156 75 formerly

109 2321 43 75 all
169 2321 89 75 thofe
281 2321 84 75 were
392 2321 116 75 barons
533 2321 74 75 who
622 2321 64 75 had
702 2321 155 75 lordffiips
874 2321 79 75 with
972 2321 123 75 courts-

109 2365 112 75 baron,
246 2365 60 75 and
324 2365 75 75 foon
417 2365 84 75 after
517 2365 55 75 the
588 2365 150 75 conqueft
762 2365 41 75 all
829 2365 74 75 fuch
925 2365 46 75 fat
988 2365 33 75 in
1037 2365 56 75 the

108 2412 97 75 houfe
221 2412 40 75 of
271 2412 91 75 peers
374 2412 11 75 ;
403 2412 58 75 but
477 2412 78 75 they
565 2412 96 75 being
675 2412 79 75 very
769 2412 226 75 numerous,.it
1007 2412 87 75 grew

111 2459 39 75 an
178 2459 95 75 order
300 2459 60 75 and
390 2459 132 75 cuftom,
547 2459 71 75 that
636 2459 81 75 none
733 2459 113 75 fliould
873 2459 45 75 fit.
932 2459 58 75 but
1015 2459 76 75 fuch

111 2506 34 75 as
161 2506 56 75 the
233 2506 76 75 king
325 2506 138 75 thought
480 2506 37 75 fit
533 2506 35 75 to
585 2506 61 75 call
673 2506 42 75 up
743 2506 43 75 by
803 2506 85 75 writ,
915 2506 103 75 which
1037 2506 57 75 ran

105 2550 62 75 pro
193 2550 58 75 hac
278 2550 69 75 vice
374 2550 144 75 tantum.
565 2550 86 75 This
676 2550 77 75 ftate
776 2550 44 75 of
838 2550 136 75 nobility
999 2550 95 75 being

110 2598 77 75 very
203 2598 194 75 precarious,
422 2598 78 75 they
527 2598 33 75 at
586 2598 110 75 length
721 2598 150 75 obtained
886 2598 41 75 of
945 2598 55 75 the
1016 2598 79 75 king

111 2644 108 75 letters
231 2644 130 75 patent;
380 2644 62 75 and
458 2644 87 75 theft
562 2644 84 75 were
663 2644 103 75 called
782 2644 114 75 barons
914 2644 33 75 by
959 2644 131 75 patent,

112 2692 36 75 or
165 2692 160 75 creation,
351 2692 56 75 the
424 2692 75 75 only
516 2692 70 75 way
603 2692 72 75 now
703 2692 32 75 in
764 2692 52 75 uft
833 2692 39 75 of
891 2692 129 75 making
1037 2692 57 75 bar

112 2738 87 75 roqs,
224 2738 102 75 unlefs
345 2738 93 75 when
466 2738 54 75 the
537 2738 57 75 fon
609 2738 40 75 of
660 2738 19 75 a
694 2738 87 75 lord,
805 2738 31 75 in
853 2738 49 75 his
924 2738 171 75 anceftor’s

111 2783 162 75 life-time,
299 2783 25 75 is
341 2783 184 75 fummoned
541 2783 43 75 by
605 2783 18 75 a
640 2783 85 75 writ.

161 2829 187 75 On.folemn
366 2829 171 75 occafions,
554 2829 114 75 barons
685 2829 85 75 wear
786 2829 18 75 a
822 2829 146 75 coronet,
987 2829 106 75 repre-

112 2876 107 75 ftnted
236 2876 32 75 in
284 2876 93 75 Plate
394 2876 63 75 LI.
482 2876 55 75 fig,
559 2876 55 75 19.

67 2921 135 75 Baroj^
222 2921 33 75 by
274 2921 124 75 tenure,
416 2921 61 75 one
488 2921 75 75 who
575 2921 77 75 held
669 2921 119 75 certain
801 2921 176 75 territories
991 2921 41 75 of
1038 2921 55 75 the

113 2969 88 75 king,
219 2969 74 75 who
309 2969 59 75 ftill
387 2969 142 75 retained
547 2969 55 75 the
619 2969 111 75 tenure
746 2969 32 75 in
796 2969 90 75 chief
896 2969 36 75 to
948 2969 141 75 himfelf.

68 3017 148 75 Barons
235 3017 42 75 of
295 3017 52 75 the
362 3017 184 75 exchequer,
571 3017 56 75 the
645 3017 73 75 four
730 3017 117 75 judges
864 3017 35 75 to
916 3017 107 75 whom
1040 3017 56 75 the

1125 158 78 75 523
1265 158 20 75 )

1575 158 233 75 BAR

1196 217 247 75 adminiftration
1468 217 41 75 of
1526 217 113 75 juftice
1666 217 26 75 is
1721 217 199 75 committed,
1944 217 32 75 in
2001 217 106 75 caufes
2124 217 61 75 be-r

1194 264 104 75 tween
1314 264 56 75 the
1397 264 77 75 king
1501 264 62 75 and
1580 264 50 75 his
1646 264 149 75 fubjefts,
1820 264 135 75 relating
1982 264 35 75 to
2046 264 133 75 matters

1193 313 190 75 concerning
1400 313 55 75 the
1478 313 148 75 revenue.
1675 313 99 75 They
1791 313 83 75 were
1891 313 156 75 formerly
2063 313 120 75 barons

1191 359 40 75 of
1249 359 56 75 the
1328 359 111 75 realm,
1465 359 56 75 but
1538 359 40 75 of
1589 359 66 75 late
1672 359 53 75 are
1741 359 164 75 generally
1921 359 128 75 perfons
2073 359 105 75 learn-

1190 405 38 75 ed
1246 405 33 75 in
1295 405 55 75 the
1366 405 91 75 laws.
1504 405 107 75 Their
1627 405 92 75 office
1735 405 26 75 is
1780 405 64 75 alfo
1872 405 36 75 to
1936 405 77 75 look
2035 405 71 75 into
2122 405 57 75 the

1190 451 151 75 accounts
1358 451 40 75 of
1411 451 55 75 the
1482 451 91 75 king,
1599 451 52 75 for
1669 451 104 75 which
1798 451 108 75 reafon
1922 451 79 75 they
2017 451 81 75 have
2122 451 56 75 au-

1189 499 101 75 ditors
1309 499 100 75 under
1429 499 101 75 them.
1581 499 62 75 See
1661 499 201 75 Auditor.

1141 546 155 75 Barons
1318 546 44 75 of
1367 546 53 75 the
1443 546 217 75 cinque-ports
1686 546 53 75 are
1760 546 157 75 members
1938 546 40 75 of
2000 546 56 75 the
2079 546 100 75 houfe

1189 592 41 75 of
1246 592 178 75 commons,
1448 592 121 75 eledted
1584 592 43 75 by
1643 592 56 75 the
1716 592 60 75 five
1798 592 103 75 ports,
1927 592 65 75 two
2020 592 52 75 for
2099 592 79 75 each

1190 638 87 75 port.
1329 638 61 75 See
1408 638 56 75 the
1480 638 111 75 article
1607 638 309 75 Cinque-port/.

1144 685 136 75 Baron
1390 685 121 75 Feme,
1536 685 32 75 in
1597 685 59 75 our
1683 685 76 75 law,
1783 685 19 75 a
1829 685 82 75 term
1939 685 76 75 uftd
2042 685 52 75 for
2121 685 58 75 the

1190 732 142 75 huftiand
1349 732 36 75 in,
1404 732 135 75 relation
1556 732 34 75 to
1616 732 49 75 his
1682 732 88 75 wife,
1795 732 74 75 who
1897 732 27 75 is
1947 732 105 75 called
2059 732 92 75 feme
2165 732 11 75 ;

1190 778 62 75 and
1267 778 79 75 they
1366 778 53 75 are
1444 778 134 75 deemed
1605 778 59 75 but
1683 778 61 75 one
1768 778 136 75 perfon;
1931 778 34 75 fo
1982 778 70 75 that
2069 778 18 75 a
2103 778 84 75 wife-

1190 824 116 75 cannot
1323 824 39 75 be
1378 824 126 75 witnefs
1520 824 51 75 for
1586 824 38 75 or
1640 824 117 75 againft
1784 824 62 75 her
1873 824 153 75 hufband,
2053 824 60 75 nor
2136 824 43 75 he

1192 872 51 75 for
1258 872 38 75 or
1311 872 119 75 againft
1443 872 50 75 his
1509 872 87 75 wife,
1614 872 117 75 except
1747 872 32 75 in
1795 872 84 75 cafes
1897 872 41 75 of
1944 872 79 75 high
2039 872 140 75 treafon.

1144 918 133 75 Baron
1379 918 121 75 Feme,
1525 918 32 75 in
1580 918 164 75 heraldry,
1770 918 26 75 is
1825 918 92 75 when
1945 918 56 75 the
2026 918 88 75 coats
2143 918 43 75 of

1190 966 83 75 arms
1290 966 41 75 of
1342 966 19 75 a
1377 966 71 75 man
1461 966 63 75 and
1541 966 49 75 his
1609 966 74 75 wife
1705 966 53 75 are
1774 966 100 75 borne
1891 966 56 75 per
1964 966 71 75 pale
2062 966 32 75 in
2125 966 55 75 the

1191 1012 83 75 fame
1290 1012 201 75 efcutcheon,
1518 1012 56 75 the
1591 1012 99 75 man’s
1708 1012 95 75 being
1819 1012 119 75 always
1955 1012 42 75 on
2014 1012 54 75 the
2096 1012 83 75 dex-

1191 1058 49 75 ter
1256 1058 75 75 fide,
1357 1058 62 75 and
1435 1058 55 75 the
1506 1058 154 75 woman’s
1675 1058 42 75 on
1730 1058 55 75 the
1798 1058 136 75 finifter;
1961 1058 57 75 but
2030 1058 76 75 here
2123 1058 58 75 the

1190 1104 125 75 woman
1330 1104 28 75 is
1375 1104 156 75 fuppoftd
1544 1104 57 75 not
1629 1104 39 75 an
1697 1104 130 75 heirefs,
1853 1104 52 75 for
1933 1104 77 75 then
2033 1104 58 75 her
2107 1104 74 75 coat

1191 1151 79 75 muft
1287 1151 39 75 be
1343 1151 99 75 borne
1467 1151 43 75 by
1534 1151 56 75 the
1616 1151 140 75 hufband
1783 1151 43 75 on
1854 1151 38 75 an
1916 1151 211 75 efchutpheon
2145 1151 42 75 of

1190 1199 161 75 pretence.
1401 1199 61 75 See
1479 1199 102 75 Pale
1601 1199 61 75 and
1679 1199 268 75 Escutcheon
1968 1199 51 75 ;?/'
2019 1199 157 75 pretence.

1142 1246 150 75 Prendre
1309 1246 37 75 de
1362 1246 150 75 Baron.
1564 1246 61 75 See
1646 1246 198 75 Prendre.

1143 1292 258 75 BARONET,,
1418 1292 21 75 a
1453 1292 133 75 modern
1602 1292 116 75 degree
1734 1292 42 75 of
1785 1292 138 75 honour,
1941 1292 79 75 nexp
2037 1292 35 75 to
2090 1292 18 75 a
2123 1292 56 75 ba-

1190 1339 70 75 ron,
1289 1339 128 75 created
1445 1339 43 75 by
1512 1339 45 75 K.
1577 1339 108 75 James
1703 1339 29 75 I.
1762 1339 41 75 im
1818 1339 96 75 order
1941 1339 35 75 to
2004 1339 173 75 propagate

1191 1385 18 75 a
1226 1385 175 75 plantation
1419 1385 33 75 in
1469 1385 110 75 Ulfter
1606 1385 32 75 in
1662 1385 143 75 Ireland,
1829 1385 52 75 for
1909 1385 105 75 which
2043 1385 136 75 purpoft

1192 1432 78 75 each
1288 1432 40 75 of
1339 1432 88 75 them
1444 1432 64 75 was
1521 1432 35 75 to
1569 1432 153 75 maintain
1734 1432 102 75 thirty
1849 1432 130 75 foldiers
1992 1432 32 75 in
2037 1432 142 75 Ireland,

1193 1478 51 75 for
1272 1478 91 75 three
1379 1478 105 75 years,
1510 1478 83 75 after
1610 1478 55 75 the
1682 1478 68 75 rate
1773 1478 40 75 of
1824 1478 90 75 eight
1931 1478 98 75 pence
2052 1478 130 75 fterling

1192 1525 56 75 per
1267 1525 64 75 day
1346 1525 36 75 to
1404 1525 78 75 each
1503 1525 128 75 foldier.
1680 1525 77 75 The
1781 1525 126 75 honour
1930 1525 26 75 is
1981 1525 213 75 hereditary,-

1193 1572 62 75 and
1271 1572 77 75 they
1364 1572 82 75 have
1471 1572 56 75 the
1554 1572 194 75 precedence
1776 1572 41 75 of
1835 1572 41 75 all
1893 1572 145 75 knights,
2064 1572 118 75 except

1193 1618 89 75 thofe
1299 1618 41 75 of
1351 1618 55 75 the
1422 1618 120 75 garter,
1568 1618 181 75 bannerets,
1775 1618 63 75 and
1864 1618 316 75 privy-counfellors.

1192 1666 99 75 They
1306 1666 167 75 areftyled
1487 1666 148 75 baronets
1651 1666 31 75 in
1701 1666 42 75 all
1760 1666 112 75 writs,,
1888 1666 61 75 and
1966 1666 56 75 the
2034 1666 147 75 addition
2195 1666 12 75 '

1193 1711 40 75 of
1244 1711 60 75 Sir
1319 1711 27 75 is
1364 1711 175 75 attributed
1555 1711 35 75 to
1606 1711 104 75 them,
1734 1711 33 75 as
1784 1711 56 75 the
1857 1711 71 75 title
1945 1711 39 75 of
1997 1711 87 75 Lady
2101 1711 27 75 is
2146 1711 35 75 to

1192 1757 86 75 their
1289 1757 115 75 wives.
1452 1757 57 75 No
1525 1757 125 75 honour
1666 1757 28 75 is
1711 1757 40 75 be
1767 1757 130 75 created
1908 1757 147 75 between
2065 1757 117 75 barons

1192 1805 62 75 and
1269 1805 162 75 baronets.

1144 1852 213 75 BARONY,
1384 1852 54 75 the
1467 1852 126 75 honour
1620 1852 63 75 and
1711 1852 153 75 territory
1881 1852 105 75 which
2004 1852 88 75 gives
2110 1852 71 75 title

1191 1898 36 75 to
1244 1898 18 75 a
1278 1898 111 75 baron,
1415 1898 146 75 whether
1576 1898 41 75 he
1635 1898 39 75 be
1692 1898 17 75 a
1725 1898 127 75 layman
1870 1898 33 75 or
1923 1898 18 75 a
1957 1898 120 75 biffiop.

1143 1945 299 75 BAROSCOPE,
1468 1945 56 75 the
1540 1945 83 75 fame
1640 1945 79 75 with
1736 1945 194 75 barometer.
1980 1945 61 75 See
2058 1945 125 75 Baro-

1193 1992 129 75 meter

1144 2038 144 75 BARR,
1313 2038 39 75 or
1369 2038 95 75 Bar.
1515 2038 62 75 See
1594 2038 96 75 Bar.

1143 2086 217 75 BarR-//c*y
1378 2086 77 75 falfe
1480 2086 85 75 dice,
1590 2086 34 75 fo
1651 2086 166 75 contrived
1844 2086 34 75 as
1906 2086 70 75 not;
1992 2086 124 75 readily
2144 2086 36 75 to

1190 2129 72 75 turn
1279 2129 42 75 up
1338 2129 118 75 certain
1474 2129 92 75 fides.

1145 2177 178 75 BARRA,
1347 2177 31 75 in
1400 2177 190 75 commerce,
1616 2177 22 75 a
1650 2177 234 75 long-meafure
1900 2177 76 75 uftd
2000 2177 32 75 in
2057 2177 119 75 Portu-

1190 2224 51 75 gal
1258 2224 62 75 and
1336 2224 85 75 fome
1437 2224 87 75 parts
1537 2224 40 75 of
1585 2224 110 75 Spain,
1712 2224 36 75 to
1760 2224 140 75 meafure
1917 2224 123 75 woolen
2058 2224 126 75 cloths^

1190 2270 85 75 linen
1292 2270 118 75 cloths,
1435 2270 63 75 and
1514 2270 116 75 ferges.
1679 2270 112 75 There
1808 2270 53 75 are
1887 2270 92 75 three
2001 2270 95 75 forts,
2121 2270 75 75 the;

1190 2317 92 75 barra
1299 2317 39 75 of
1349 2317 167 75 Valencia,
1547 2317 37 75 13
1608 2317 41 75 of
1655 2317 104 75 which
1777 2317 92 75 make
1890 2317 177 75 12^-yards
2084 2317 93 75 Eng-

1189 2364 57 75 liffi
1270 2364 173 75 meafure;.
1457 2364 55 75 the
1530 2364 98 75 barra
1651 2364 46 75 of
1714 2364 131 75 Caftile,
1873 2364 18 75 7
1910 2364 39 75 of
1961 2364 105 75 which
2084 2364 99 75 make.

1190 2413 47 75 6|
1252 2413 115 75 yards;
1394 2413 63 75 and
1472 2413 55 75 the
1545 2413 92 75 barra
1656 2413 41 75 of
1710 2413 148 75 Aragon,
1878 2413 17 75 3
1915 2413 39 75 of
1966 2413 105 75 which
2083 2413 94 75 make
2193 2413 5 75 •

1193 2462 46 75 24-
1253 2462 96 75 yards
1366 2462 145 75 Engliffi.

1143 2503 295 75 BARRACAN,,
1449 2503 32 75 in
1507 2503 189 75 commerce,
1721 2503 18 75 a
1763 2503 64 75 fort
1851 2503 45 75 of
1912 2503 84 75 ft-uff,
2022 2503 57 75 not
2105 2503 78 75 dia-

1192 2549 109 75 pered,
1326 2549 178 75 fomething
1521 2549 63 75 like
1602 2549 149 75 camblet,
1768 2549 57 75 but
1843 2549 40 75 of
1894 2549 19 75 a
1929 2549 125 75 coarftr
2070 2549 104 75 grain.

1190 2595 32 75 It
1239 2595 27 75 is
1282 2595 79 75 uftd
1375 2595 38 75 to
1438 2595 92 75 make
1558 2595 137 75 eloaks,.
1705 2595 153 75 furtouts;
1884 2595 63 75 and
1972 2595 76 75 fuch
2077 2595 106 75 other-

1191 2642 171 75 garments,
1388 2642 35 75 to
1440 2642 80 75 keep
1537 2642 52 75 off
1600 2642 54 75 the
1667 2642 80 75 rain.

1143 2688 270 75 BARRACKS,
1431 2688 37 75 or
1483 2688 200 75 Baracks,
1700 2688 105 75 places
1818 2688 52 75 for
1885 2688 132 75 foldiers
2029 2688 36 75 to
2076 2688 100 75 lodge

1189 2735 43 75 in,
1259 2735 166 75 efpecially
1441 2735 32 75 in
1491 2735 168 75 garrifons.

1143 2784 282 75 BARRATOR,
1450 2784 122 75 inlaw,
1600 2784 17 75 a
1642 2784 148 75 common
1806 2784 110 75 mover
1932 2784 37 75 of
1978 2784 204 75 .maintained

1189 2829 40 75 of
1239 2829 76 75 fuits
1333 2829 61 75 and
1407 2829 156 75 quarrels,
1587 2829 104 75 either
1706 2829 32 75 in
1756 2829 118 75 courts,
1902 2829 37 75 or
1956 2829 169 75 elfewhere
2137 2829 32 75 in

1189 2875 55 75 the
1260 2875 147 75 country.
1466 2875 34 75 A
1517 2875 71 75 man
1607 2875 115 75 cannot
1749 2875 39 75 be
1814 2875 162 75 adjudged
1991 2875 18 75 a
2026 2875 146 75 barrator

1189 2921 50 75 for
1255 2921 148 75 bringing
1420 2921 63 75 any
1510 2921 133 75 number
1669 2921 42 75 of
1732 2921 77 75 fuits
1836 2921 32 75 in
1896 2921 49 75 his
1974 2921 72 75 own
2071 2921 99 75 right,

1190 2968 124 75 though
1334 2968 78 75 they
1436 2968 54 75 are
1517 2968 190 75 vexatious,.
1748 2968 170 75 Barrators
1942 2968 54 75 are
2023 2968 151 75 puniifhed

1190 3016 43 75 by
1248 3016 61 75 fine
1326 3016 62 75 and
1403 3016 252 75 imprifonment.

2060 3068 117 75 BAR-
