2493 3387
213 189 86 75 45©

776 189 500 75 ASTRO

216 254 40 75 of
277 254 59 75 E/’s
353 254 181 75 attraction,
558 254 42 75 be
625 254 164 75 projected
813 254 34 75 as
872 254 33 75 in
929 254 56 75 the
1008 254 88 75 right
1119 254 64 75 line
1204 254 48 75 Z,

216 300 81 75 •with
314 300 19 75 a
348 300 89 75 force
453 300 242 75 perpendicular
711 300 36 75 to
763 300 56 75 the
836 300 168 75 attraction
1021 300 39 75 of
1073 300 44 75 U,
1143 300 77 75 then
1233 300 21 75 a

217 348 69 75 will
299 348 41 75 go
357 348 104 75 round
478 348 34 75 U
532 348 32 75 in
582 348 55 75 the
654 348 86 75 orbit
755 348 50 75 IV,
830 348 64 75 and
910 348 195 75 accompany
1121 348 26 75 it
1162 348 33 75 in
1212 348 42 75 its

218 393 106 75 whole
341 393 109 75 courfe
467 393 105 75 round
588 393 55 75 the
660 393 88 75 body
765 393 38 75 S.
853 393 90 75 Here
960 393 26 75 S
1002 393 73 75 may
1093 393 162 75 reprefent

216 440 58 75 the
290 440 68 75 fun,
386 440 34 75 U
432 440 55 75 the
503 440 105 75 earth,
633 440 63 75 and
713 440 19 75 u
752 440 55 75 the
823 440 110 75 moon.

264 486 38 75 If
321 486 18 75 a
353 486 108 75 planet
478 486 33 75 at
529 486 29 75 B
572 486 186 75 gravitates,
784 486 37 75 or
838 486 26 75 is
889 486 156 75 attracted
1060 486 126 75 toward
1199 486 56 75 the

216 533 56 75 fun
290 533 34 75 fo
341 533 33 75 as
389 533 35 75 to
441 533 56 75 fall
510 533 85 75 from
613 533 30 75 B
661 533 34 75 to
712 533 22 75 y
752 533 31 75 in
797 533 55 75 the
870 533 77 75 time
964 533 71 75 that
1057 533 54 75 the
1129 533 125 75 projec-

216 580 59 75 tile
292 580 88 75 force
396 580 108 75 would
515 580 82 75 have
613 580 125 75 carried
754 580 25 75 it
796 580 85 75 from
900 580 29 75 B
949 580 35 75 to
1001 580 51 75 X;
1071 580 27 75 it
1114 580 66 75 will
1197 580 57 75 de-

216 627 102 75 fcribe
335 627 55 75 the
407 627 96 75 curve
521 627 60 75 BY
594 627 43 75 by
653 627 56 75 the
727 627 289 75 combined.action
1028 627 41 75 of
1086 627 89 75 thefe
1187 627 67 75 two

216 674 120 75 forces,
362 674 32 75 in
411 674 55 75 the
490 674 83 75 fame
591 674 76 75 time
684 674 72 75 that
772 674 56 75 the
852 674 166 75 projeCtile
1041 674 88 75 force
1153 674 101 75 fingly

214 720 110 75 would
347 720 82 75 have
446 720 124 75 carried
593 720 25 75 it
636 720 84 75 from
738 720 30 75 B
793 720 35 75 to
853 720 47 75 X,
925 720 37 75 or
979 720 56 75 the
1059 720 194 75 gravitating

215 767 110 75 power
341 767 100 75 fingly
457 767 82 75 have
555 767 114 75 caufed
685 767 26 75 it
728 767 35 75 to
780 767 136 75 defcend
928 767 85 75 from
1026 767 30 75 B
1075 767 35 75 to
1117 767 8 75 j
1125 767 16 75 >
1152 767 6 75 ’
1158 767 5 75 ,
1191 767 65 75 and

215 814 89 75 thefe
321 814 67 75 two
404 814 106 75 forces
526 814 96 75 being
637 814 79 75 duly
733 814 239 75 proportioned,
1000 814 63 75 and
1086 814 167 75 perpendi-

213 860 91 75 cular
320 860 35 75 to
372 860 61 75 one
450 860 147 75 another,
623 860 55 75 the
695 860 108 75 planet
819 860 140 75 obeying
976 860 88 75 them
1076 860 93 75 both,
1187 860 66 75 will

212 907 95 75 move
323 907 32 75 in
373 907 56 75 the
446 907 96 75 circle
559 907 136 75 BYTU.

262 953 67 75 But
345 953 38 75 if,
408 953 104 75 whilft
537 953 55 75 the
616 953 166 75 projeCtile
806 953 90 75 force
920 953 117 75 carries
1064 953 56 75 the
1145 953 108 75 planet

212 1001 87 75 from
318 1001 30 75 B
367 1001 34 75 to
425 1001 30 75 b,
482 1001 56 75 the
553 1001 85 75 fun’s
662 1001 169 75 attraction
856 1001 121 75 (which
996 1001 184 75 conftitutes
1198 1001 56 75 the

215 1047 137 75 planet’s
376 1047 211 75 gravitation)
606 1047 112 75 Ihould
735 1047 92 75 bring
844 1047 26 75 it
893 1047 96 75 down
1013 1047 85 75 from
1117 1047 29 75 B
1164 1047 36 75 to
1222 1047 30 75 i,

212 1094 57 75 the
286 1094 194 75 gravitating
504 1094 109 75 power
639 1094 109 75 would
771 1094 77 75 then
873 1094 41 75 be
931 1094 56 75 too
1003 1094 108 75 ftrong
1127 1094 52 75 for
1196 1094 56 75 the

212 1141 165 75 projeCtile
393 1141 102 75 force,
522 1141 62 75 and
600 1141 109 75 would
725 1141 90 75 caufe
838 1141 56 75 the
917 1141 107 75 planet
1048 1141 38 75 to
1109 1141 145 75 deferibe

211 1187 57 75 the
285 1187 95 75 curve
400 1187 68 75 BC.
517 1187 112 75 When
647 1187 55 75 the
725 1187 109 75 planet
856 1187 110 75 comes
990 1187 36 75 to
1042 1187 38 75 C,
1105 1187 56 75 the
1177 1187 73 75 gra-

210 1233 137 75 vitating
364 1233 109 75 power
492 1233 121 75 (which
631 1233 118 75 always
767 1233 154 75 increafes
939 1233 33 75 as
997 1233 56 75 the
1078 1233 113 75 fquare
1214 1233 43 75 of

210 1281 58 75 the
280 1281 138 75 diftance
429 1281 84 75 from
527 1281 54 75 the
593 1281 57 75 fun
662 1281 27 75 S
699 1281 197 75 diminifhes)
911 1281 65 75 will
989 1281 40 75 be
1040 1281 56 75 yet
1107 1281 145 75 ftronger

210 1327 56 75 for
282 1327 55 75 the
354 1327 164 75 projeCtile
535 1327 112 75 force;
674 1327 63 75 and
759 1327 45 75 by
828 1327 180 75 confpiring
1033 1327 32 75 in
1090 1327 86 75 fome
1192 1327 57 75 de-

209 1374 78 75 gree
304 1374 184 75 therewith,
507 1374 67 75 will
591 1374 174 75 accelerate
781 1374 56 75 the
850 1374 135 75 planet’s
998 1374 122 75 motion
1138 1374 42 75 all
1193 1374 56 75 the

209 1420 36 75 w'
245 1420 38 75 ay
298 1420 87 75 from
403 1420 28 75 C
444 1420 36 75 to
504 1420 46 75 K,
575 1420 126 75 caufing
726 1420 25 75 it
777 1420 35 75 to
837 1420 142 75 deferibe
995 1420 56 75 the
1067 1420 83 75 arcs,
1179 1420 67 75 BC,

209 1468 78 75 CD,
314 1468 82 75 DE,
421 1468 71 75 EF,
517 1468 60 75 &c.
597 1468 43 75 all
656 1468 32 75 in
705 1468 96 75 equal
818 1468 107 75 times.
975 1468 130 75 Having
1120 1468 42 75 its
1179 1468 68 75 mo-

208 1514 71 75 tion
296 1514 75 75 thus
390 1514 210 75 accelerated,
625 1514 26 75 it
668 1514 136 75 thereby
819 1514 89 75 gains
926 1514 35 75 fo
978 1514 94 75 much
1092 1514 155 75 centrifu-

209 1560 53 75 gal
274 1560 102 75 force,
402 1560 37 75 or
456 1560 158 75 tendency
634 1560 35 75 to
687 1560 43 75 fly
745 1560 52 75 off
817 1560 32 75 at
867 1560 39 75 K
918 1560 30 75 in
967 1560 55 75 the
1040 1560 64 75 line
1122 1560 65 75 Kk,
1213 1560 34 75 as

208 1608 187 75 overcomes
407 1608 57 75 the
480 1608 83 75 fun’s
582 1608 189 75 attraction;
799 1608 63 75 and
873 1608 56 75 the
947 1608 192 75 centrifugal
1157 1608 90 75 force

207 1654 97 75 being
316 1654 57 75 too
384 1654 92 75 great
492 1654 37 75 to
545 1654 95 75 allow
656 1654 55 75 the
728 1654 108 75 planet
861 1654 36 75 to
920 1654 40 75 be
976 1654 140 75 brought
1135 1654 114 75 nearer

208 1702 59 75 the
282 1702 69 75 fun,
377 1702 37 75 or
431 1702 78 75 even
527 1702 34 75 to
579 1702 92 75 move
688 1702 103 75 round
812 1702 67 75 him
894 1702 32 75 in
943 1702 56 75 the
1016 1702 96 75 circle
1130 1702 116 75 Klmn,

208 1747 65 75 &e.
297 1747 26 75 it
340 1747 78 75 goes
434 1747 57 75 off,
518 1747 62 75 and
596 1747 129 75 afeends
748 1747 33 75 in
804 1747 57 75 the
877 1747 96 75 curve
997 1747 163 75 KLM.N,
1183 1747 62 75 &c.

206 1793 44 75 its
267 1793 123 75 motion
406 1793 183 75 decreafing
604 1793 33 75 as
655 1793 167 75 gradually
833 1793 86 75 from
937 1793 38 75 K
987 1793 34 75 to
1040 1793 43 75 B,
1110 1793 32 75 as
1154 1793 27 75 it
1197 1793 48 75 in-

207 1841 131 75 creafed
353 1841 83 75 from
463 1841 30 75 B
511 1841 35 75 to
572 1841 47 75 K,
644 1841 131 75 becaufe
800 1841 55 75 the
878 1841 84 75 fun’s
986 1841 170 75 attraction
1180 1841 65 75 aCts

207 1887 76 75 now
300 1887 116 75 againft
432 1887 57 75 the
504 1887 136 75 planet’s
656 1887 164 75 projeCtile
837 1887 121 75 motion
972 1887 64 75 juft
1048 1887 34 75 as
1099 1887 96 75 much
1211 1887 35 75 as

207 1933 27 75 it
252 1933 90 75 aCted
358 1933 78 75 with
454 1933 25 75 it
492 1933 129 75 before.
666 1933 112 75 When
796 1933 55 75 the
868 1933 109 75 planet
992 1933 59 75 has
1067 1933 57 75 got
1141 1933 104 75 round

207 1980 36 75 to
262 1980 42 75 B,
331 1980 42 75 its
391 1980 163 75 projectile
570 1980 90 75 force
684 1980 26 75 is
727 1980 34 75 as
786 1980 96 75 much
899 1980 188 75 diminifhed
1102 1980 84 75 from
1203 1980 42 75 its

206 2026 93 75 mean
317 2026 77 75 ftate
411 2026 100 75 about
528 2026 30 75 G
583 2026 37 75 or
648 2026 51 75 N,
726 2026 33 75 as
784 2026 26 75 it
833 2026 65 75 was
922 2026 191 75 augmented
1137 2026 32 75 at
1187 2026 55 75 K;

205 2073 66 75 and
287 2073 47 75 fo,
360 2073 56 75 the
432 2073 84 75 fun’s
533 2073 169 75 attraction
722 2073 96 75 being
838 2073 89 75 more
943 2073 78 75 than
1038 2073 155 75 fufficient
1209 2073 36 75 to

206 2120 82 75 keep
312 2120 57 75 the
393 2120 108 75 planet
524 2120 86 75 from
634 2120 98 75 going
754 2120 53 75 off
826 2120 42 75 at'
885 2120 43 75 B,
953 2120 27 75 it
1003 2120 160 75 deferibes
1187 2120 57 75 the

206 2166 85 75 fame
308 2166 86 75 orbit
417 2166 77 75 over
511 2166 114 75 again,,
643 2166 42 75 by
701 2166 104 75 virtue
829 2166 41 75 of
889 2166 56 75 the
969 2166 84 75 fame
1077 2166 106 75 forces
1206 2166 38 75 or

205 2212 141 75 powers.

255 2259 33 75 A
303 2259 120 75 double
447 2259 163 75 projeCtile
634 2259 104 75 force'
749 2259 67 75 will
839 2259 121 75 always
980 2259 132 75 balance
1129 2259 18 75 a
1164 2259 79 75 qua-

207 2306 115 75 druple
347 2306 108 75 power
479 2306 42 75 of
539 2306 138 75 gravity.
727 2306 68 75 Let
821 2306 57 75 the
905 2306 108 75 planet
1042 2306 34 75 at
1104 2306 29 75 B
1161 2306 83 75 have

206 2352 95 75 twice
318 2352 33 75 as
375 2352 90 75 great
481 2352 39 75 an
538 2352 132 75 impulfe
687 2352 84 75 from
790 2352 114 75 thence
929 2352 142 75 towards
1093 2352 46 75 X,
1166 2352 33 75 as
1216 2352 27 75 it

205 2398 68 75 had
289 2398 132 75 before;
448 2398 70 75 that
534 2398 40 75 is,
599 2398 32 75 in
648 2398 55 75 the
719 2398 84 75 fame
827 2398 113 75 length
964 2398 41 75 of
1023 2398 77 75 time
1123 2398 69 75 that
1217 2398 26 75 it

207 2446 66 75 was
289 2446 165 75 projected
466 2446 84 75 from
569 2446 29 75 B
617 2446 35 75 to
670 2446 29 75 b,
725 2446 34 75 as
770 2446 33 75 in
820 2446 55 75 the
892 2446 56 75 laft
965 2446 160 75 example,
1150 2446 45 75 let
1216 2446 27 75 it

205 2492 75 75 now
305 2492 39 75 be
361 2492 163 75 projected
539 2492 86 75 from
651 2492 29 75 B
697 2492 35 75 to
749 2492 30 75 c,
805 2492 62 75 and
883 2492 26 75 it
932 2492 64 75 will
1023 2492 128 75 require
1168 2492 74 75 four

207 2539 95 75 times
315 2539 34 75 as
366 2539 93 75 much
474 2539 127 75 gravity
616 2539 35 75 to
668 2539 101 75 retain
786 2539 26 75 it
824 2539 31 75 in
872 2539 41 75 its
931 2539 105 75 orbit;
1063 2539 72 75 that
1151 2539 49 75 is,,
1215 2539 27 75 it

206 2585 83 75 muft
305 2585 57 75 fall
380 2585 33 75 as
431 2585 49 75 far
492 2585 33 75 as
544 2585 86 75 from
646 2585 30 75 5
689 2585 35 75 to
742 2585 19 75 4
780 2585 32 75 in
828 2585 56 75 the
901 2585 78 75 time
999 2585 71 75 that
1086 2585 56 75 the
1165 2585 77 75 pro-

203 2633 109 75 jeCtile
336 2633 89 75 force
450 2633 108 75 would
582 2633 93 75 carry
697 2633 28 75 it
748 2633 85 75 from
858 2633 30 75 2?
913 2633 35 75 to
973 2633 30 75 c,
1028 2633 170 75 otherwife
1213 2633 31 75 it

206 2679 97 75 could
320 2679 57 75 not
391 2679 144 75 deferibe
552 2679 55 75 the
619 2679 96 75 curve
731 2679 83 75 BD,
840 2679 35 75 as
887 2679 27 75 is
930 2679 129 75 evident
1075 2679 44 75 by
1130 2679 55 75 the
1202 2679 36 75 fi-

206 2727 92 75 gure.
347 2727 67 75 But
429 2727 32 75 in
478 2727 35 75 as
530 2727 94 75 much
641 2727 77 75 time
735 2727 36 75 as
786 2727 55 75 the
857 2727 108 75 planet
981 2727 108 75 moves
1106 2727 84 75 from
1208 2727 31 75 B

204 2774 38 75 to
257 2774 29 75 C
299 2774 32 75 in
347 2774 58 75 the
417 2774 115 75 higher
547 2774 72 75 part
635 2774 40 75 of
692 2774 42 75 its
760 2774 97 75 orbit,
883 2774 26 75 it
925 2774 109 75 moves
1051 2774 85 75 from
1162 2774 22 75 I
1204 2774 35 75 to

206 2820 48 75 K,
279 2820 37 75 or
328 2820 85 75 from
430 2820 38 75 K
479 2820 35 75 to
528 2820 40 75 L,
593 2820 33 75 in
643 2820 56 75 the
715 2820 101 75 lower
832 2820 72 75 part
918 2820 149 75 thereof;
1093 2820 144 75 becaufe,

205 2866 86 75 from
303 2866 54 75 the
370 2866 85 75 joint
466 2866 101 75 aCtiod
585 2866 40 75 of
643 2866 88 75 thefe
747 2866 66 75 two
836 2866 124 75 forces*
979 2866 26 75 it
1022 2866 79 75 muft
1120 2866 119 75 always

205 2911 143 75 deferibe
360 2911 93 75 equal
471 2911 87 75 areas
575 2911 32 75 in
621 2911 94 75 equal
728 2911 104 75 times,
858 2911 199 75 throughout
1069 2911 41 75 its
1124 2911 113 75 annual

206 2959 124 75 courfc.
379 2959 109 75 Thefe
516 2959 88 75 areas
632 2959 53 75 are
713 2959 200 75 reprefented
936 2959 42 75 by
1003 2959 56 75 the
1086 2959 151 75 triangles

207 3006 96 75 BSC,
329 3006 103 75 CSD,
459 3006 108 75 DSE,
592 3006 97 75 ESF,
706 3006 61 75 8tc.
794 3006 105 75 whofe
916 3006 146 75 contents
1076 3006 53 75 are
1141 3006 96 75 equal

206 3053 38 75 to
258 3053 61 75 one
334 3053 147 75 another,
505 3053 89 75 quite
611 3053 103 75 round
730 3053 55 75 the
801 3053 115 75 figure.
934 3053 6 75 .

1353 176 45 75 N
1476 176 42 75 O
1597 176 49 75 M
1724 176 56 75 Y.

1349 248 49 75 As
1414 248 57 75 the
1494 248 124 75 planets
1642 248 160 75 approach
1826 248 113 75 nearer
1961 248 56 75 the
2041 248 69 75 fun,
2136 248 63 75 and
2222 248 113 75 recede

1302 294 123 75 farther
1440 294 85 75 from
1537 294 66 75 him
1620 294 31 75 in
1669 294 98 75 every
1782 294 208 75 revolution,*
2001 294 92 75 there
2106 294 73 75 may
2191 294 39 75 be
2248 294 87 75 fome

1302 339 160 75 difficulty
1473 339 32 75 in
1523 339 186 75 conceiving
1725 339 56 75 the
1799 339 109 75 reafon
1924 339 76 75 why
2017 339 55 75 the
2085 339 107 75 power
2204 339 40 75 of
2263 339 72 75 gra-

1304 387 80 75 vity,
1409 387 93 75 when
1515 387 26 75 it
1553 387 79 75 once
1648 387 70 75 gets
1735 387 55 75 the
1802 387 106 75 better
1923 387 40 75 of
1981 387 55 75 the
2053 387 164 75 projeCtile
2232 387 103 75 force,

1303 435 78 75 does
1398 435 57 75 not
1472 435 93 75 bring
1581 435 56 75 the
1654 435 123 75 planets
1795 435 111 75 nearer
1923 435 64 75 and
2009 435 112 75 nearer
2144 435 56 75 the
2224 435 56 75 fun
2304 435 32 75 in

1303 480 98 75 every
1413 480 193 75 revolution,
1631 480 51 75 till
1698 480 79 75 they
1791 480 59 75 fall
1867 480 84 75 upon
1968 480 62 75 and
2047 480 89 75 unite
2151 480 81 75 with
2248 480 65 75 him
2323 480 14 75 y

1302 527 38 75 or
1358 527 72 75 why
1448 527 56 75 the
1519 527 165 75 pfojeCtile
1700 527 102 75 force,
1827 527 93 75 when
1936 527 27 75 it
1978 527 80 75 once
2074 527 71 75 gets
2163 527 55 75 the
2229 527 108 75 better

1303 574 39 75 of
1353 574 138 75 gravity,
1509 574 78 75 does
1604 574 58 75 not
1678 574 94 75 carry
1787 574 55 75 the
1855 574 122 75 planets
1993 574 125 75 farther
2133 574 64 75 and
2212 574 125 75 farther

1302 622 85 75 from
1404 622 56 75 the
1471 622 71 75 fun,
1560 622 50 75 till
1626 622 26 75 it
1670 622 143 75 removes
1825 622 88 75 them
1927 622 89 75 quite
2032 622 57 75 out
2105 622 41 75 of
2157 622 55 75 the
2225 622 111 75 fphere

1302 668 41 75 of
1361 668 49 75 his
1436 668 181 75 attraction,
1643 668 63 75 and
1722 668 107 75 caufes
1851 668 88 75 them
1963 668 36 75 to
2015 668 42 75 go
2080 668 43 75 on
2145 668 33 75 in
2202 668 134 75 ftraight

1300 715 81 75 lines
1398 715 52 75 for
1466 715 75 75 ever
1558 715 185 75 afterward.
1794 715 68 75 But
1879 715 42 75 by
1938 715 198 75 confidering
2152 715 56 75 the
2225 715 109 75 effeCts

1302 761 39 75 of
1360 761 89 75 thefe
1465 761 139 75 powers,
1628 761 64 75 this
1709 761 159 75 difficulty
1884 761 66 75 will
1976 761 40 75 be
2039 761 163 75 removed.
2253 761 83 75 Sup-

1301 809 74 75 pofe
1392 809 18 75 a
1425 809 108 75 planet
1550 809 33 75 at
1602 809 29 75 B
1650 809 34 75 to
1701 809 40 75 be
1752 809 123 75 carried
1892 809 44 75 by
1952 809 56 75 the
2024 809 164 75 projeCtile
2201 809 88 75 force
2301 809 34 75 as

1302 855 49 75 far
1368 855 33 75 as
1418 855 85 75 from
1521 855 30 75 B
1569 855 36 75 to
1623 855 29 75 b,
1678 855 32 75 in
1728 855 55 75 the
1801 855 76 75 time
1894 855 70 75 that
1981 855 127 75 gravity
2124 855 106 75 would
2255 855 85 75 have

1301 903 140 75 brought
1457 903 25 75 it
1499 903 95 75 down
1611 903 85 75 from
1724 903 29 75 2?
1779 903 35 75 to
1842 903 12 75 1
1871 903 10 75 ;
1908 903 44 75 by
1976 903 88 75 thefe
2087 903 67 75 two
2182 903 104 75 forces
2310 903 27 75 it

1301 949 67 75 will
1384 949 142 75 deferibe
1549 949 56 75 the
1629 949 96 75 curve
1750 949 70 75 BC.
1868 949 112 75 When
2010 949 55 75 the
2092 949 109 75 planet
2228 949 108 75 comes

1301 996 95 75 down
1413 996 36 75 to
1466 996 45 75 K,
1537 996 27 75 it
1580 996 66 75 will
1663 996 40 75 be
1719 996 58 75 but
1800 996 75 75 half
1894 996 34 75 as
1944 996 52 75 far
2011 996 86 75 from
2113 996 55 75 the
2184 996 56 75 fun
2258 996 26 75 S
2300 996 36 75 as

1301 1042 25 75 it
1344 1042 64 75 was
1426 1042 33 75 at
1477 1042 52 75 B;
1557 1042 61 75 and
1635 1042 174 75 therefore,
1835 1042 44 75 by
1895 1042 193 75 gravitating
2104 1042 73 75 four
2191 1042 92 75 times
2301 1042 34 75 as

1301 1090 141 75 ftrongly
1458 1090 141 75 towards
1612 1090 79 75 him,
1717 1090 26 75 it
1763 1090 107 75 would
1887 1090 56 75 fall
1968 1090 84 75 from
2070 1090 38 75 2f
2119 1090 35 75 to
2172 1090 32 75 Z
2223 1090 31 75 in
2278 1090 58 75 the

1300 1138 82 75 fame
1399 1138 109 75 length
1527 1138 41 75 of
1587 1138 76 75 time
1680 1138 70 75 that
1766 1138 26 75 it
1809 1138 109 75 would
1932 1138 83 75 have
2035 1138 96 75 fallen
2149 1138 86 75 from
2253 1138 29 75 B
2301 1138 36 75 to

1304 1183 10 75 1
1334 1183 31 75 in
1383 1183 56 75 the
1461 1183 115 75 higher
1592 1183 72 75 part
1688 1183 41 75 of
1747 1183 40 75 its
1812 1183 98 75 orbit,
1935 1183 72 75 thaf
2030 1183 39 75 is,
2095 1183 143 75 through
2260 1183 75 75 four

1299 1230 94 75 times
1409 1230 34 75 as
1460 1230 96 75 much
1573 1230 112 75 fpace;
1711 1230 60 75 but
1784 1230 42 75 its
1843 1230 164 75 projeCtile
2031 1230 90 75 force
2144 1230 26 75 is
2197 1230 77 75 then
2299 1230 39 75 fo

1299 1276 95 75 much
1416 1276 159 75 increafed
1593 1276 34 75 at
1644 1276 46 75 K,
1715 1276 35 75 as
1775 1276 109 75 would
1909 1276 94 75 carry
2017 1276 26 75 it
2061 1276 84 75 from
2163 1276 39 75 K
2214 1276 34 75 to
2264 1276 18 75 k
2300 1276 33 75 in

1297 1323 56 75 the
1370 1323 82 75 fame
1469 1323 100 75 time;
1595 1323 96 75 being
1708 1323 117 75 double
1843 1323 40 75 of
1901 1323 88 75 what
2012 1323 26 75 it
2063 1323 65 75 was
2151 1323 33 75 at
2202 1323 43 75 B,
2271 1323 63 75 and

1297 1370 26 75 is
1341 1370 163 75 therefore
1526 1370 57 75 too
1600 1370 107 75 ftrong
1731 1370 52 75 for
1800 1370 55 75 the
1878 1370 193 75 gravitating
2086 1370 121 75 power,
2229 1370 105 75 either

1298 1417 34 75 to
1349 1417 90 75 draw
1455 1417 54 75 the
1527 1417 107 75 planet
1651 1417 36 75 to
1709 1417 55 75 the
1789 1417 68 75 fun,
1883 1417 38 75 or
1945 1417 92 75 caufe
2059 1417 26 75 it
2108 1417 36 75 to
2169 1417 42 75 go
2230 1417 104 75 round

1296 1464 67 75 him
1388 1464 34 75 in
1445 1464 56 75 the
1524 1464 96 75 circle
1644 1464 117 75 Klmn,
1784 1464 63 75 &c.
1873 1464 105 75 which
2004 1464 108 75 would
2138 1464 127 75 require
2291 1464 45 75 its

1297 1511 114 75 failing
1427 1511 85 75 from
1530 1511 38 75 K
1580 1511 36 75 to
1630 1511 46 75 to,
1703 1511 141 75 through
1862 1511 17 75 a
1896 1511 129 75 greater
2039 1511 92 75 fpace
2157 1511 78 75 than
2260 1511 74 75 gra-

1296 1557 70 75 vity
1383 1557 59 75 can
1466 1557 89 75 draw
1579 1557 38 75 it,
1642 1557 104 75 whilft
1771 1557 56 75 the
1851 1557 165 75 projeCHle
2039 1557 90 75 force
2153 1557 27 75 is
2204 1557 75 75 fuch
2298 1557 37 75 as

1296 1605 109 75 would
1422 1605 94 75 carry
1531 1605 25 75 it
1574 1605 84 75 from
1677 1605 80 75 A’to
1774 1605 40 75 2;
1841 1605 63 75 and
1921 1605 163 75 therefore
2098 1605 58 75 the
2173 1605 107 75 planet
2297 1605 35 75 a-

1295 1652 111 75 feends
1418 1652 32 75 in
1467 1652 41 75 its
1525 1652 85 75 orbit
1626 1652 163 75 KLMN,
1807 1652 178 75 decreafing
2001 1652 32 75 in
2043 1652 44 75 its
2104 1652 158 75 velocity,'
2276 1652 54 75 for

1295 1698 57 75 the
1364 1698 94 75 caufe
1475 1698 132 75 already
1623 1698 147 75 affigned.

1343 1745 76 75 The
1442 1745 103 75 orbits
1562 1745 41 75 of
1621 1745 43 75 all
1681 1745 56 75 the
1760 1745 124 75 planets
1907 1745 53 75 are
1981 1745 138 75 ellipfes,
2143 1745 80 75 very
2246 1745 86 75 little

1296 1792 150 75 different
1463 1792 83 75 from
1563 1792 134 75 circles;
1724 1792 58 75 but
1798 1792 56 75 the
1871 1792 101 75 orbits
1995 1792 41 75 of
2055 1792 54 75 the
2132 1792 121 75 comets
2277 1792 55 75 are

1296 1838 77 75 very
1389 1838 77 75 long
1483 1838 135 75 ellipfes,
1645 1838 63 75 and
1726 1838 55 75 the
1803 1838 102 75 lower
1921 1838 149 75 focus'of
2088 1838 89 75 them
2195 1838 42 75 all
2254 1838 26 75 is
2298 1838 34 75 in

1294 1885 56 75 the
1366 1885 69 75 fun.
1485 1885 38 75 If
1541 1885 47 75 we
1613 1885 132 75 fuppofe
1769 1885 57 75 the
1851 1885 92 75 mean
1967 1885 139 75 diftance
2131 1885 54 75 (br
2208 1885 122 75 middle

1295 1932 144 75 between
1456 1932 55 75 the
1534 1932 138 75 greateft
1696 1932 63 75 and
1782 1932 93 75 leaft)
1895 1932 41 75 of
1954 1932 98 75 every
2068 1932 108 75 planet
2195 1932 63 75 and
2275 1932 55 75 co-

1294 1978 66 75 met
1376 1978 85 75 from
1478 1978 55 75 the
1550 1978 54 75 fun
1622 1978 35 75 to
1683 1978 39 75 be
1746 1978 130 75 divided
1901 1978 69 75 into
1999 1978 89 75 1000
2109 1978 94 75 equal
2227 1978 105 75 parts,

1294 2025 55 75 the
1366 2025 237 75 excentricities
1622 2025 41 75 of
1682 2025 85 75 their
1782 2025 116 75 orbits,
1922 2025 81 75 both
2019 2025 33 75 in
2068 2025 75 75 fuch
2161 2025 88 75 parts
2267 2025 64 75 and

1295 2072 31 75 in
1353 2072 130 75 Englilh
1509 2072 106 75 miles,
1648 2072 67 75 will
1739 2072 40 75 be
1804 2072 33 75 as
1863 2072 125 75 follow.
2049 2072 184 75 Mercury’s
2260 2072 70 75 210

1294 2118 101 75 parts,
1412 2118 38 75 or
1462 2118 193 75 6,720,000
1670 2118 114 75 miles;
1804 2118 154 75 Venus’s,
1978 2118 17 75 7
2008 2118 100 75 parts,
2125 2118 39 75 or
2175 2118 157 75 413,000

1296 2166 112 75 miles;
1451 2166 56 75 the
1538 2166 135 75 earth’s,
1717 2166 40 75 17
1786 2166 101 75 parts,
1923 2166 37 75 or
1997 2166 188 75 1,377,000
2211 2166 115 75 miles;

1293 2213 135 75 Mars’s,
1455 2213 41 75 93
1524 2213 101 75 parts,
1650 2213 38 75 or
1716 2213 212 75 11,439,000
1948 2213 113 75 miles;
2088 2213 168 75 Jupiter’s,
2282 2213 48 75 48

1295 2259 101 75 parts,
1428 2259 40 75 or
1496 2259 215 75 20,352.000
1738 2259 114 75 miles;
1890 2259 161 75 Saturn’s,
2087 2259 40 75 55
2157 2259 100 75 parts,
2291 2259 40 75 or

1298 2307 216 75 42,735,000
1539 2307 105 75 miles.
1694 2307 55 75 Of
1765 2307 56 75 the
1846 2307 119 75 neareft
1990 2307 40 75 of
2047 2307 56 75 the
2127 2307 91 75 three
2228 2307 100 75 Tore-

1296 2352 184 75 mentioned
1508 2352 132 75 comets,
1678 2352 187 75 1,458,000
1889 2352 112 75 miles;
2043 2352 42 75 of
2110 2352 55 75 the
2191 2352 137 75 middle-

1299 2399 92 75 moft,
1434 2399 277 75 2,025,000,000
1742 2399 112 75 miles;
1896 2399 64 75 and
1990 2399 41 75 of
2061 2399 54 75 the
2142 2399 187 75 outermoft,

1294 2447 288 75 6,600,000,000.

1340 2494 52 75 By
1405 2494 55 75 the
1475 2494 77 75 laws
1570 2494 40 75 of
1620 2494 127 75 gravity
1763 2494 63 75 and
1842 2494 55 75 the
1914 2494 164 75 projectile
2089 2494 101 75 force,
2215 2494 113 75 bodies

1293 2540 65 75 will
1370 2540 97 75 move
1483 2540 31 75 in
1532 2540 43 75 all
1590 2540 94 75 kinds
1702 2540 40 75 of
1761 2540 145 75 ellipfes,.
1924 2540 145 75 whether
2080 2540 77 75 long
2174 2540 36 75 or
2223 2540 100 75 (fiort,

1292 2586 30 75 if
1342 2586 54 75 the
1412 2586 106 75 fpaces
1542 2586 78 75 they
1644 2586 92 75 move
1758 2586 33 75 in
1817 2586 39 75 be
1880 2586 76 75 void
1980 2586 40 75 of
2039 2586 181 75 refiftanc.e;
2247 2586 79 75 only

1293 2632 89 75 thofe
1399 2632 106 75 which
1522 2632 93 75 move
1630 2632 33 75 in
1689 2632 55 75 the
1767 2632 112 75 longer
1904 2632 135 75 ellipfes,
2064 2632 82 75 have
2168 2632 35 75 fo
2227 2632 97 75 much

1293 2680 55 75 the
1364 2680 60 75 lefs
1442 2680 164 75 prbjeCtile
1622 2680 90 75 force
1722 2680 169 75 impreffed
1903 2680 83 75 upon
1999 2680 88 75 them
2099 2680 31 75 in
2143 2680 55 75 the
2210 2680 115 75 higher

1291 2726 86 75 parts
1403 2726 40 75 of
1472 2726 86 75 their
1579 2726 123 75 orbits;
1738 2726 64 75 and
1826 2726 84 75 their
1938 2726 167 75 velocities
2135 2726 31 75 in
2195 2726 128 75 coming

1291 2772 96 75 down
1402 2772 143 75 towards
1562 2772 55 75 the
1634 2772 56 75 fun
1704 2772 52 75 are
1768 2772 34 75 fo
1814 2772 216 75 prodigioufly
2041 2772 160 75 increafed
2214 2772 42 75 by
2272 2772 51 75 his

1291 2819 180 75 attraction,
1497 2819 70 75 that
1584 2819 84 75 their
1685 2819 190 75 centrifugal
1893 2819 103 75 forces
2008 2819 32 75 in
2052 2819 55 75 the
2120 2819 99 75 lower
2235 2819 88 75 parts

1290 2866 41 75 of
1348 2866 85 75 their
1449 2866 101 75 orbits
1568 2866 53 75 are
1638 2866 34 75 fo
1688 2866 102 75 great,
1817 2866 33 75 as
1867 2866 35 75 to
1919 2866 167 75 Overcome
2105 2866 55 75 the
2178 2866 81 75 fun’s
2273 2866 48 75 at-

1289 2913 135 75 traction
1440 2913 105 75 there,
1570 2913 63 75 and
1649 2913 92 75 caufe
1755 2913 89 75 them
1868 2913 36 75 to
1929 2913 110 75 afeend
2066 2913 90 75 again
2180 2913 141 75 towards
2339 2913 7 75 -

1289 2960 54 75 the
1359 2960 117 75 higher
1490 2960 87 75 parts
1592 2960 42 75 of
1653 2960 85 75 their
1753 2960 100 75 orbits
1865 2960 10 75 ;
1901 2960 116 75 during
2033 2960 103 75 which
2152 2960 89 75 time,
2264 2960 56 75 the

1287 3007 83 75 fun’s
1389 3007 167 75 attraction
1574 3007 103 75 aCting
1693 3007 34 75 fo
1739 3007 151 75 contrary
1901 3007 34 75 to
1952 3007 56 75 the
2024 3007 138 75 motions
2179 3007 38 75 of
2230 3007 94 75 thofe

1288 3056 126 75 booies,
1444 3056 108 75 caufes
1576 3056 89 75 them
1689 3056 35 75 to
1750 3056 93 75 move
1869 3056 111 75 flower
2006 3056 64 75 and
2093 3056 121 75 flower,
2237 3056 84 75 until

2234 3102 103 75 their.
