2423 3387
696 136 494 75 ASTRO

151 212 54 75 the
222 212 134 75 horizon
381 212 36 75 to
434 212 54 75 the
517 212 136 75 Ltuude
670 212 40 75 of
728 212 80 75 your
825 212 88 75 place
931 212 40 75 on
1000 212 55 75 tl^e
1071 212 109 75 brafen

149 257 167 75 meridian,
335 257 61 75 and
414 257 55 75 the
486 257 158 75 quadrant
661 257 40 75 of
713 257 133 75 altitude
863 257 34 75 to
916 257 54 75 the
987 257 92 75 fouth
1091 257 89 75 point

148 303 42 75 of
202 303 55 75 the
274 303 153 75 horizon;
454 303 105 75 which
576 303 96 75 done,
691 303 72 75 turn
780 303 56 75 the
853 303 93 75 globe
956 303 79 75 with
1053 303 39 75 its
1110 303 68 75 fur-

148 349 104 75 niture
269 349 48 75 till
335 349 55 75 the
410 349 158 75 quadrant
591 349 39 75 of
654 349 134 75 altitude
812 349 105 75 comes
946 349 85 75 right
1060 349 117 75 again!!

147 395 56 75 the
221 395 68 75 fun,
307 395 68 75 vizr
398 395 35 75 to
450 395 50 75 his
521 395 89 75 place
626 395 31 75 in
676 395 54 75 the
747 395 149 75 ecliptic;
923 395 62 75 and
1002 395 134 75 keeping
1152 395 25 75 it

148 442 102 75 there,
275 442 46 75 fet
338 442 54 75 the
415 442 197 75 hour-index
635 442 36 75 to
687 442 54 75 the
758 442 68 75 XII
845 442 75 75 next
945 442 55 75 the
1017 442 95 75 letter
1128 442 46 75 C;

148 488 62 75 and
233 488 56 75 the
305 488 144 75 machine
473 488 66 75 will
562 488 49 75 be.
627 488 151 75 redlified,
803 488 57 75 not
882 488 76 75 only
974 488 52 75 for
1043 488 55 75 the
1114 488 62 75 fol-

146 533 308 75 lowing-problems,
480 533 58 75 but
555 533 53 75 for
623 533 121 75 feveral
760 533 109 75 others
894 533 106 75 which
1017 533 60 75 the
1090 533 87 75 artift

145 580 74 75 may
235 580 93 75 eafrly
340 580 66 75 find
422 580 70 75 out.

146 664 185 75 Problem
358 664 31 75 I.
439 664 28 75 T'
467 664 18 75 o
504 664 77 75 find
604 664 53 75 the
682 664 206 75 amplitudes,
923 664 163 75 meridian
1101 664 76 75 alti-

191 710 105 75 tudes,
321 710 71 75 and
404 710 93 75 times
511 710 42 75 of
559 710 114 75 riftng,
700 710 233 75 culminating,
957 710 69 75 and
1029 710 147 75 felting,

191 756 44 75 of
242 756 52 75 the
299 756 80 75 fun,
405 756 101 75 moon,
533 756 71 75 and
612 756 144 75 planets.

192 826 94 75 Turn
303 826 54 75 the
370 826 94 75 globe
480 826 102 75 round
598 826 164 75 eaftward,
779 826 38 75 or
828 826 170 75 according
1009 826 36 75 to
1058 826 55 75 the
1126 826 52 75 or-

146 873 58 75 der
216 873 39 75 of
266 873 79 75 figns
357 873 10 75 ;
387 873 62 75 and
466 873 33 75 as
512 873 54 75 the
578 873 119 75 eaftern
710 873 80 75 edge
801 873 40 75 of
852 873 55 75 the
919 873 136 75 horizon
1073 873 105 75 comps

144 918 88 75 right
256 918 116 75 again!!
400 918 54 75 the
482 918 67 75 fun,
575 918 109 75 moon,
710 918 38 75 or
775 918 63 75 any
862 918 120 75 planet,
1007 918 56 75 the
1079 918 96 75 hour-

145 965 99 75 index
260 965 64 75 will
342 965 83 75 Ihew
437 965 55 75 the
509 965 78 75 time
604 965 40 75 of
656 965 39 75 its
709 965 91 75 rifing
812 965 10 75 ;
840 965 63 75 and
919 965 55 75 the
991 965 90 75 inner
1096 965 80 75 edge

145 1012 39 75 of
195 1012 56 75 the
263 1012 126 75 ecliptic
405 1012 68 75 will
488 1012 55 75 cut
558 1012 41 75 its
613 1012 93 75 rifing
718 1012 174 75 amplitude
907 1012 33 75 in
957 1012 54 75 the
1023 1012 150 75 horizon.

142 1058 95 75 Turn
254 1058 54 75 on,
333 1058 62 75 and
411 1058 34 75 as
461 1058 56 75 the
533 1058 158 75 quadrant
708 1058 40 75 of
759 1058 133 75 altitude
909 1058 105 75 comes
1039 1058 86 75 right
1142 1058 32 75 a-

144 1104 98 75 gainft
259 1104 55 75 the
328 1104 71 75 fun,
424 1104 94 75 moon
536 1104 37 75 or
595 1104 137 75 planets,
758 1104 54 75 the
840 1104 127 75 ecliptic
994 1104 69 75 cuts
1091 1104 85 75 their

144 1150 153 75 meridian
323 1150 151 75 altitudes
491 1150 32 75 in
540 1150 54 75 the
612 1150 171 75 quadrant,
808 1150 63 75 and
899 1150 55 75 the
977 1150 198 75 hour-index

143 1196 99 75 Ihews
259 1196 54 75 the
329 1196 91 75 times
438 1196 40 75 of
488 1196 84 75 their
588 1196 126 75 coming
730 1196 35 75 to
788 1196 56 75 the
872 1196 164 75 meridian.
1086 1196 87 75 Con-

143 1243 87 75 tinue
248 1243 139 75 turning,
412 1243 63 75 and
498 1243 32 75 as
559 1243 55 75 the
631 1243 129 75 wellern
788 1243 80 75 edge
893 1243 40 75 of
956 1243 54 75 the
1038 1243 137 75 horizon

143 1289 105 75 comes
265 1289 85 75 right
368 1289 116 75 again!!
501 1289 54 75 the
568 1289 68 75 fun,
662 1289 108 75 moon,
796 1289 38 75 or
851 1289 135 75 planets,
1012 1289 84 75 their
1112 1289 61 75 fet-

143 1336 70 75 ting
236 1336 189 75 amplitudes
451 1336 53 75 are
527 1336 54 75 cut
604 1336 33 75 in
659 1336 56 75 the
739 1336 135 75 horizon
892 1336 43 75 by
951 1336 56 75 the
1024 1336 148 75 ecliptic;

143 1381 62 75 and
221 1381 54 75 the
292 1381 92 75 times
404 1381 39 75 of
455 1381 85 75 their
555 1381 116 75 fetting
689 1381 52 75 are
757 1381 104 75 {hewn
888 1381 41 75 by
948 1381 55 75 the
1019 1381 97 75 index
1133 1381 41 75 on

142 1428 56 75 the
213 1428 208 75 hour-circle.

142 1499 119 75 Prob.
286 1499 48 75 II.
384 1499 46 75 To
444 1499 79 75 find
544 1499 52 75 the
620 1499 143 75 altitude
787 1499 68 75 and
882 1499 147 75 azimuth
1060 1499 43 75 of
1120 1499 53 75 the

177 1546 82 75 fnn,
286 1546 100 75 moon,
412 1546 68 75 and
497 1546 145 75 planets,
667 1546 39 75 at
729 1546 60 75 any
809 1546 80 75 time
915 1546 43 75 of
971 1546 87 75 their
1080 1546 93 75 being

186 1593 98 75 above
299 1593 52 75 the
367 1593 147 75 horizon.

186 1661 95 75 Turn
298 1661 55 75 the
369 1661 95 75 globe
480 1661 49 75 till
546 1661 56 75 the
613 1661 100 75 index
730 1661 107 75 comes
858 1661 36 75 to
914 1661 55 75 the
985 1661 92 75 given
1095 1661 77 75 time

141 1708 32 75 iti
191 1708 54 75 the
261 1708 206 75 hour-circle,
493 1708 76 75 then
586 1708 79 75 keep
683 1708 54 75 the
753 1708 95 75 globe
864 1708 119 75 Iteady,
1013 1708 61 75 and
1102 1708 69 75 mo-

140 1753 76 75 ving
232 1753 54 75 the
303 1753 159 75 quadrant
478 1753 39 75 of
537 1753 133 75 altitude
686 1753 36 75 to
736 1753 7 75 '
743 1753 73 75 each
832 1753 106 75 planet
956 1753 214 75 refpedtively,

139 1800 56 75 the
223 1800 79 75 edge
330 1800 39 75 of
386 1800 56 75 the
463 1800 128 75 ecliptic
608 1800 65 75 will
691 1800 54 75 cut
763 1800 55 75 the
835 1800 133 75 planet’s
987 1800 89 75 mean
1093 1800 72 75 alti-

142 1846 76 75 tude
246 1846 41 75 on
312 1846 55 75 the
395 1846 169 75 quadrant,
590 1846 62 75 and
679 1846 56 75 the
761 1846 158 75 quadrant
947 1846 65 75 will
1038 1846 53 75 cut
1115 1846 55 75 the

139 1894 134 75 planet’s
291 1894 156 75 azimuth,
473 1894 37 75 or
526 1894 89 75 point
632 1894 41 75 of
685 1894 130 75 hearing
833 1894 42 75 on
891 1894 54 75 the
961 1894 150 75 horizon.

138 1973 121 75 Prob.
276 1973 67 75 III.
393 1973 67 75 The
469 1973 95 75 fun's
586 1973 143 75 altitude
745 1973 94 75 being
848 1973 101 75 given
966 1973 38 75 at
1019 1973 60 75 any
1092 1973 78 75 time

187 2019 102 75 either
310 2019 105 75 before
438 2019 37 75 or
498 2019 90 75 after
612 2019 91 75 noon,
737 2019 32 75 to
782 2019 78 75 find
885 2019 52 75 the
960 2019 83 75 hour
1062 2019 42 75 of
1116 2019 54 75 the

186 2065 71 75 day,
282 2065 69 75 and
363 2065 168 75 variation
548 2065 44 75 of
598 2065 53 75 the
667 2065 150 75 conipafs,
837 2065 36 75 in
897 2065 59 75 any
975 2065 115 75 known
1118 2065 55 75 la-

187 2110 118 75 titude.

187 2178 96 75 With
300 2178 61 75 one
376 2178 86 75 hand
475 2178 79 75 hold
570 2178 55 75 the
642 2178 80 75 edge
738 2178 40 75 of
788 2178 55 75 the
860 2178 156 75 quadrant
1033 2178 86 75 right
1135 2178 38 75 a.-

140 2225 97 75 gain!!
254 2225 54 75 the
324 2225 56 75 fun
392 2225 10 75 ;
429 2225 74 75 and,
522 2225 77 75 with
616 2225 55 75 the
688 2225 93 75 other
794 2225 97 75 hand,
917 2225 73 75 turn
1006 2225 55 75 the
1074 2225 94 75 globe

140 2271 175 75 weftward,
339 2271 30 75 if
386 2271 25 75 it
435 2271 39 75 be
495 2271 31 75 in
553 2271 54 75 the
632 2271 167 75 forenoon,
825 2271 36 75 or
878 2271 151 75 eaftward
1045 2271 31 75 if
1087 2271 25 75 it
1128 2271 39 75 be

139 2317 31 75 in
188 2317 54 75 the
259 2317 180 75 afternoon,
466 2317 79 75 until
569 2317 56 75 the
649 2317 83 75 fun’s
749 2317 89 75 place
854 2317 33 75 at
904 2317 54 75 the
975 2317 90 75 inner
1086 2317 81 75 edge

139 2363 38 75 of
189 2363 55 75 the
260 2363 125 75 ecliptic
402 2363 69 75 cuts
483 2363 54 75 the
553 2363 158 75 quadrant
728 2363 30 75 in
779 2363 56 75 the
850 2363 86 75 fun’s
951 2363 162 75 obferved.
1120 2363 46 75 al-

138 2410 102 75 titude
252 2410 9 75 ;
288 2410 63 75 and
369 2410 76 75 then
463 2410 54 75 the
533 2410 200 75 hour-index
748 2410 67 75 will
831 2410 90 75 point
936 2410 56 75 out
1009 2410 55 75 the
1087 2410 79 75 time

139 2455 39 75 of
190 2455 54 75 the
260 2455 75 75 day,
361 2455 60 75 and
437 2455 56 75 the
521 2455 156 75 quadrant
693 2455 66 75 will
777 2455 53 75 cut
846 2455 56 75 the
917 2455 71 75 true
1006 2455 157 75 azimuth,

139 2501 36 75 or
192 2501 129 75 bearing
337 2501 40 75 of
388 2501 57 75 the
459 2501 54 75 fun
533 2501 51 75 for
599 2501 69 75 that
684 2501 77 75 time
773 2501 8 75 :
819 2501 78 75 The
920 2501 172 75 difference
1108 2501 53 75 be-

139 2548 101 75 tween
263 2548 118 75 which,
415 2548 61 75 and
501 2548 54 75 the
582 2548 130 75 bearing
737 2548 103 75 {hewn
868 2548 44 75 by
938 2548 54 75 the
1021 2548 142 75 azimuth

139 2594 153 75 compafs,
317 2594 97 75 fhews
426 2594 55 75 the
497 2594 153 75 variation
667 2594 39 75 of
713 2594 55 75 the
784 2594 140 75 compafis
940 2594 33 75 in
990 2594 69 75 that
1077 2594 90 75 place

139 2641 39 75 of
190 2641 54 75 the
262 2641 104 75 earth.

185 2687 75 75 The
272 2687 317 75 Ttajectorium
604 2687 177 75 Lunarte,
799 2687 92 75 Plate
903 2687 132 75 XTIX.
1060 2687 54 75 fig.
1128 2687 33 75 2.

136 2733 85 75 This
246 2733 144 75 machine
405 2733 30 75 is
452 2733 51 75 for
520 2733 192 75 delineating
728 2733 55 75 the
806 2733 96 75 paths
927 2733 40 75 of
990 2733 55 75 the
1072 2733 91 75 earth

137 2780 62 75 and
216 2780 108 75 moon,
350 2780 135 75 Ihewing
501 2780 85 75 what
606 2780 64 75 fort
684 2780 39 75 of
734 2780 111 75 curves
862 2780 77 75 they
955 2780 91 75 make
1059 2780 31 75 in
1106 2780 56 75 the

137 2826 132 75 etherial
291 2826 137 75 regions.
478 2826 28 75 S
519 2826 27 75 is
564 2826 55 75 the
639 2826 68 75 fun,
732 2826 62 75 and
816 2826 30 75 E
864 2826 54 75 the
934 2826 105 75 earth,
1056 2826 106 75 whofe
1186 2826 4 75 '

137 2872 123 75 centres
289 2872 52 75 are
370 2872 40 75 81
438 2872 107 75 inches
571 2872 115 75 dil!ant
714 2872 84 75 from
823 2872 78 75 each
925 2872 116 75 other;
1068 2872 94 75 every

137 2919 72 75 inch
226 2919 175 75 anfwering
416 2919 35 75 to
468 2919 19 75 a
506 2919 123 75 million
646 2919 38 75 of
696 2919 102 75 miles.
848 2919 50 75 M
920 2919 25 75 is
974 2919 54 75 the
1053 2919 107 75 moon,

1271 129 41 75 N
1391 129 40 75 O
1510 129 50 75 M

2167 129 95 75 499'

1229 192 105 75 whofe
1358 192 108 75 centre
1482 192 26 75 is
1619 192 87 75 parts
1724 192 40 75 of
1775 192 38 75 an
1837 192 72 75 inch
1937 192 86 75 from
2051 192 55 75 the
2133 192 119 75 earth’s

1225 238 32 75 in
1287 238 63 75 this
1376 238 157 75 machine,
1564 238 64 75 this
1654 238 93 75 being
1774 238 32 75 in
1830 238 64 75 juft
1921 238 186 75 proportion
2134 238 35 75 to
2196 238 56 75 the

1223 285 125 75 moon’s
1376 285 137 75 diliance
1528 285 85 75 from
1630 285 53 75 the
1701 285 105 75 earth.
1856 285 35 75 yS'
1891 285 35 75 vV
1941 285 27 75 is
1985 285 18 75 a
2019 285 57 75 bar
2092 285 40 75 of
2143 285 108 75 wood,

1224 330 33 75 to
1273 330 40 75 be
1329 330 117 75 moved
1462 330 42 75 by
1520 330 87 75 hand
1623 330 102 75 round
1741 330 54 75 the
1819 330 72 75 axis
1908 330 26 75 g
1951 330 105 75 which
2072 330 26 75 is
2116 330 88 75 fixed
2220 330 33 75 in

1223 378 55 75 the
1295 378 103 75 wheel
1417 378 39 75 T.
1502 378 78 75 The
1593 378 246 75 circumference
1855 378 41 75 of
1907 378 64 75 this
1988 378 102 75 wheel
2102 378 27 75 is
2146 378 35 75 to
2197 378 57 75 the

1224 423 246 75 circumference
1486 423 40 75 of
1539 423 53 75 the
1605 423 88 75 Imall
1711 423 100 75 wheel
1832 423 27 75 L
1878 423 120 75 (below
2015 423 54 75 the
2081 423 93 75 other
2191 423 62 75 end

1222 470 41 75 of
1274 470 55 75 the
1344 470 79 75 bar)'
1437 470 33 75 as
1494 470 92 75 365^
1601 470 78 75 days
1696 470 27 75 is
1741 470 34 75 to
1795 470 82 75 294>
1910 470 36 75 or
1963 470 33 75 as
2013 470 19 75 a
2049 470 75 75 year
2139 470 27 75 is
2183 470 35 75 to
2235 470 20 75 a

1222 515 157 75 lunation.
1404 515 76 75 The
1490 515 119 75 wheels
1626 515 52 75 are
1691 515 141 75 grooved
1845 515 100 75 round
1964 515 83 75 their
2064 515 108 75 edges,
2191 515 63 75 and

1223 562 30 75 in
1271 562 55 75 the
1342 562 135 75 grooves
1493 562 26 75 is
1536 562 56 75 the
1608 562 126 75 cat-gut
1751 562 96 75 ftring
1863 562 63 75 GG
1954 562 131 75 crofting
2108 562 145 75 between

1224 609 54 75 the
1294 609 120 75 wheels
1430 609 33 75 at
1480 609 44 75 X.
1574 609 55 75 On
1646 609 55 75 the
1718 609 69 75 axis
1800 609 40 75 of
1851 609 56 75 the
1923 609 102 75 wheel
2043 609 26 75 L
2087 609 26 75 is
2129 609 55 75 the
2203 609 50 75 in-

1223 655 66 75 dex
1308 655 38 75 F,
1371 655 32 75 in
1419 655 104 75 which
1541 655 26 75 is
1584 655 89 75 fixed
1689 655 55 75 the
1756 655 122 75 moon’s
1896 655 69 75 axis
1983 655 48 75 M
2043 655 53 75 for
2106 655 149 75 carrying

1223 701 59 75 her
1298 701 104 75 round
1428 701 56 75 the
1511 701 91 75 earth
1627 701 30 75 E
1684 701 106 75 (fixed
1812 701 42 75 on
1869 701 55 75 the
1941 701 70 75 axis
2028 701 40 75 of
2079 701 56 75 the
2151 701 104 75 wheel

1225 748 43 75 L)
1286 748 33 75 in
1337 748 54 75 the
1407 748 78 75 time
1497 748 72 75 that
1584 748 55 75 the
1655 748 99 75 index
1770 748 77 75 goes
1865 748 103 75 round
1983 748 19 75 a
2019 748 95 75 circle
2131 748 40 75 of
2184 748 71 75 aqi

1224 794 93 75 equal
1345 794 101 75 parts,
1482 794 105 75 which
1615 794 53 75 are
1696 794 56 75 the
1779 794 79 75 days
1882 794 40 75 of
1945 794 56 75 the
2029 794 122 75 moon’s
2179 794 72 75 age.

1223 840 75 75 The
1315 840 101 75 wheel
1433 840 29 75 P
1473 840 57 75 has
1548 840 53 75 the
1624 840 128 75 months
1774 840 61 75 and
1851 840 79 75 days
1957 840 40 75 of
2019 840 55 75 the
2106 840 75 75 year
2210 840 44 75 all

1224 888 101 75 round
1341 888 42 75 its
1399 888 78 75 limb
1491 888 10 75 ;
1526 888 62 75 and
1604 888 32 75 in
1653 888 54 75 the
1727 888 58 75 bar
1802 888 70 75 A4
1886 888 26 75 is
1929 888 88 75 fixed
2032 888 56 75 the
2104 888 98 75 index

1222 932 104 75 which
1347 932 105 75 points
1469 932 56 75 out
1542 932 54 75 the
1613 932 78 75 days
1714 932 39 75 of
1777 932 54 75 the
1859 932 128 75 months
2015 932 174 75 anfwering
2216 932 36 75 to

1222 979 55 75 the
1293 979 79 75 days
1388 979 40 75 of
1439 979 56 75 the
1511 979 123 75 moon’s
1652 979 70 75 age,
1740 979 103 75 ftiewn
1860 979 42 75 by
1915 979 55 75 the
1986 979 98 75 index
2097 979 38 75 F,
2153 979 30 75 in
2197 979 55 75 the

1223 1025 95 75 circle
1335 1025 39 75 of
1399 1025 67 75 29^
1485 1025 94 75 equal
1603 1025 86 75 parts
1713 1025 33 75 at
1766 1025 55 75 the
1844 1025 94 75 other
1962 1025 61 75 end
2043 1025 41 75 of
2101 1025 55 75 the
2180 1025 70 75 bar.

1222 1072 53 75 On
1291 1072 56 75 the
1363 1072 71 75 axis
1450 1072 40 75 of
1502 1072 55 75 the
1574 1072 103 75 wheel
1700 1072 28 75 L
1756 1072 26 75 is
1811 1072 57 75 put
1895 1072 56 75 the
1967 1072 86 75 piece
2071 1072 50 75 D,
2145 1072 108 75 below

1222 1119 54 75 the
1292 1119 82 75 cock
1398 1119 37 75 C,
1460 1119 32 75 in
1518 1119 104 75 which
1638 1119 64 75 this
1719 1119 70 75 axis
1806 1119 89 75 turns
1913 1119 102 75 round
2030 1119 9 75 ;
2068 1119 62 75 and
2156 1119 31 75 in
2214 1119 37 75 D

1221 1165 53 75 are
1290 1165 57 75 put
1364 1165 55 75 the
1437 1165 117 75 pencils
1576 1165 15 75 e
1608 1165 64 75 and
1688 1165 43 75 m,
1757 1165 133 75 diredtly
1907 1165 100 75 under
2032 1165 54 75 the
2111 1165 91 75 earth
2219 1165 32 75 E

1222 1211 61 75 and
1299 1211 96 75 moon
1412 1211 65 75 M-,
1503 1211 35 75 fo
1562 1211 72 75 that
1661 1211 31 75 m
1719 1211 27 75 is
1774 1211 123 75 carried
1922 1211 102 75 round
2040 1211 28 75 e,
2094 1211 33 75 as
2152 1211 47 75 M
2223 1211 28 75 is

1222 1258 101 75 round
1343 1258 48 75 £►

1269 1305 72 75 Lay
1357 1305 55 75 the
1429 1305 144 75 machine
1590 1305 41 75 on
1658 1305 38 75 an
1721 1305 77 75 even
1816 1305 93 75 floor,
1934 1305 131 75 prefling
2082 1305 110 75 gently
2208 1305 42 75 on

1222 1351 55 75 the
1294 1351 100 75 wheel
1412 1351 37 75 T,
1475 1351 35 75 to
1526 1351 90 75 caufe
1633 1351 41 75 its
1692 1351 110 75 fpiked
1818 1351 66 75 feet
1903 1351 56 75 (of
1977 1351 104 75 which
2106 1351 66 75 two
2196 1351 54 75 ap-

1221 1398 75 75 pear
1311 1398 31 75 at
1366 1398 30 75 P
1415 1398 63 75 and
1494 1398 45 75 P,
1570 1398 57 75 the
1650 1398 89 75 third
1763 1398 94 75 being
1885 1398 153 75 fuppofed
2065 1398 35 75 to
2129 1398 38 75 be
2193 1398 59 75 hid

1221 1445 84 75 from
1322 1445 81 75 fight
1419 1445 42 75 by
1482 1445 55 75 the
1555 1445 117 75 wheel)
1698 1445 89 75 enter
1810 1445 18 75 a
1853 1445 84 75 little
1954 1445 69 75 into
2048 1445 54 75 the
2119 1445 81 75 floor
2216 1445 35 75 to

1220 1491 108 75 fecure
1345 1491 55 75 the
1417 1491 102 75 wheel
1536 1491 84 75 from
1638 1491 139 75 turning.
1825 1491 98 75 Then
1939 1491 53 75 lay
2009 1491 18 75 a
2042 1491 97 75 paper
2155 1491 98 75 about

1220 1537 72 75 four
1316 1537 65 75 feet
1403 1537 76 75 long
1494 1537 101 75 under
1611 1537 55 75 the
1683 1537 119 75 pencils
1823 1537 17 75 e
1863 1537 63 75 and
1941 1537 44 75 m,
2014 1537 174 75 crofs-wife
2216 1537 36 75 to

1220 1584 54 75 the
1286 1584 79 75 bar;
1391 1584 104 75 which
1512 1584 96 75 done,
1624 1584 92 75 move
1730 1584 53 75 the
1800 1584 56 75 bar
1868 1584 108 75 flowly
1994 1584 107 75 round
2114 1584 53 75 the
2181 1584 69 75 axis

1212 1629 26 75 g
1257 1629 39 75 of
1307 1629 55 75 the
1379 1629 101 75 wheel
1496 1629 46 75 T;
1569 1629 61 75 and
1647 1629 35 75 as
1697 1629 56 75 the
1768 1629 92 75 earth
1876 1629 30 75 E
1919 1629 76 75 goes
2009 1629 101 75 round
2128 1629 53 75 the
2194 1629 54 75 fun

1220 1676 36 75 S,
1282 1676 54 75 the
1365 1676 95 75 moon
1478 1676 47 75 M
1550 1676 65 75 will
1644 1676 41 75 go
1713 1676 104 75 round
1842 1676 54 75 the
1923 1676 90 75 earth
2042 1676 77 75 with
2137 1676 19 75 a
2171 1676 80 75 duly

1219 1723 227 75 proportioned
1460 1723 141 75 velocity
1612 1723 10 75 ;
1649 1723 62 75 and
1727 1723 56 75 the
1799 1723 245 75 fridtion-wheel
2059 1723 190 75 /f'running
2259 1723 6 75 ,

1219 1769 40 75 on
1276 1769 55 75 the
1348 1769 93 75 floor,
1466 1769 67 75 will
1548 1769 85 75 keep,
1646 1769 128 75 the-bar
1789 1769 84 75 from
1886 1769 133 75 bearing
2043 1769 56 75 too
2121 1769 128 75 heavily

1218 1815 40 75 on
1279 1815 56 75 the
1352 1815 119 75 pencils
1492 1815 17 75 e
1525 1815 62 75 and
1603 1815 44 75 m,
1672 1815 105 75 which
1802 1815 64 75 will
1892 1815 156 75 delineate
2075 1815 55 75 the
2153 1815 95 75 paths

1218 1862 38 75 of
1263 1862 54 75 the
1329 1862 90 75 earth
1433 1862 61 75 and
1507 1862 121 75 moon..
1645 1862 49 75 As
1708 1862 57 75 the
1774 1862 98 75 index
1887 1862 133 75 /points
2033 1862 56 75 out
2101 1862 55 75 the
2169 1862 79 75 days

1216 1908 41 75 of
1268 1908 55 75 the
1341 1908 212 75 months,.the
1569 1908 101 75 index
1723 1908 99 75 ftiews
1834 1908 57 75 the
1902 1908 123 75 moon’s
2039 1908 57 75 age
2106 1908 42 75 on
2161 1908 87 75 thefe

1217 1955 92 75 days,
1333 1955 33 75 in
1382 1955 55 75 the
1454 1955 95 75 circle
1567 1955 121 75 of^i
1705 1955 94 75 equal
1816 1955 114 75 parts^
1965 1955 77 75 And
2061 1955 32 75 as
2110 1955 64 75 this
2190 1955 77 75 laft-

1217 2001 108 75 index,
1336 2001 111 75 points,
1468 2001 35 75 to
1528 2001 55 75 the
1599 2001 151 75 different
1766 2001 78 75 days
1861 2001 32 75 in
1920 2001 40 75 its
1978 2001 108 75 circle,
2111 2001 56 75 the
2183 2001 76 75 like-

1217 2048 141 75 numeral
1374 2048 117 75 figures
1506 2048 73 75 may
1603 2048 39 75 be
1666 2048 46 75 fet
1735 2048 36 75 to
1794 2048 90 75 thofe
1901 2048 86 75 parts
2004 2048 39 75 of
2063 2048 55 75 the
2134 2048 127 75 curves-

1217 2094 40 75 of
1267 2094 55 75 the
1338 2094 118 75 earth’s
1474 2094 76 75 path
1568 2094 63 75 and
1653 2094 143 75 moon’s,
1812 2094 107 75 where
1939 2094 55 75 the
2016 2094 119 75 pencils
2151 2094 16 75 <?
2183 2094 64 75 and

1216 2140 32 75 m
1264 2140 52 75 are
1333 2140 34 75 at
1381 2140 89 75 thofe
1487 2140 92 75 times
1596 2140 216 75 refpedtively,
1837 2140 35 75 to
1888 2140 83 75 fhew
1998 2140 56 75 the
2081 2140 104 75 places
2210 2140 41 75 of

1216 2186 54 75 the
1288 2186 90 75 earth
1395 2186 62 75 and
1473 2186 108 75 moon.
1646 2186 37 75 If
1695 2186 57 75 the
1773 2186 101 75 pencil
1899 2186 16 75 e
1939 2186 41 75 be
2001 2186 117 75 pufhed
2134 2186 18 75 a
2168 2186 78 75 very

1214 2232 84 75 little
1315 2232 57 75 Off,
1397 2232 33 75 as
1446 2232 31 75 if
1495 2232 85 75 from
1596 2232 55 75 the
1672 2232 103 75 pencil
1799 2232 44 75 m,
1869 2232 35 75 to
1932 2232 97 75 about
2112 2232 71 75 part
2209 2232 42 75 of

1215 2278 83 75 their
1314 2278 150 75 diftance,
1488 2278 62 75 and
1566 2278 55 75 the
1643 2278 104 75 pencil
1762 2278 30 75 m
1810 2278 117 75 puftied
1941 2278 35 75 as
1992 2278 94 75 much
2103 2278 140 75 towards

1215 2325 27 75 e,
1269 2325 35 75 to
1320 2325 93 75 bring
1430 2325 87 75 them
1535 2325 35 75 to
1585 2325 55 75 the
1656 2325 83 75 fame
1755 2325 150 75 difMnces
1918 2325 103 75 again,
2047 2325 122 75 though
2187 2325 57 75 not
2254 2325 8 75 ;

1214 2371 35 75 to
1266 2371 64 75 the.
1345 2371 82 75 fame
1448 2371 105 75 points
1578 2371 40 75 of
1639 2371 115 75 fpace;
1780 2371 89 75 then,
1895 2371 32 75 as
1945 2371 32 75 m
1992 2371 76 75 goes
2094 2371 102 75 round
2212 2371 28 75 e,
2256 2371 4 75 .

1214 2419 16 75 e
1245 2419 67 75 will
1333 2419 42 75 go
1391 2419 34 75 as
1445 2419 26 75 it
1487 2419 84 75 were
1587 2419 104 75 round
1706 2419 54 75 the
1777 2419 110 75 centre
1906 2419 46 75 of
1957 2419 125 75 gravity
2098 2419 144 75 between

1215 2463 54 75 the
1290 2463 88 75 earth
1397 2463 17 75 e
1430 2463 61 75 and
1507 2463 94 75 moon
1626 2463 31 75 m
1671 2463 11 75 ;
1708 2463 58 75 but
1791 2463 74 75 this-
1879 2463 126 75 motion
2019 2463 64 75 will
2097 2463 59 75 not
2172 2463 69 75 fen-

1214 2509 78 75 fibly
1314 2509 81 75 alter
1414 2509 56 75 the
1485 2509 101 75 figure
1602 2509 40 75 of
1653 2509 54 75 the
1724 2509 122 75 earth’s
1861 2509 77 75 path
1955 2509 37 75 or
2009 2509 53 75 the
2079 2509 135 75 moon’s.

1261 2555 38 75 if
1308 2555 20 75 a
1342 2555 65 75 pin,
1433 2555 82 75 as/-,
1540 2555 39 75 be
1603 2555 57 75 put
1687 2555 138 75 through
1843 2555 56 75 the
1916 2555 102 75 pencil
2035 2555 43 75 w,
2102 2555 79 75 with
2198 2555 53 75 its"

1213 2603 83 75 head
1312 2603 139 75 towards
1470 2603 69 75 that
1556 2603 38 75 of
1606 2603 55 75 the
1677 2603 51 75 pin
1753 2603 19 75 q
1794 2603 32 75 in
1843 2603 54 75 the
1921 2603 101 75 pencil
2045 2603 29 75 e,
2099 2603 41 75 its
2157 2603 83 75 head

1214 2651 64 75 vrill
1301 2651 117 75 always
1434 2651 80 75 keep
1530 2651 126 75 thereto
1674 2651 32 75 as
1733 2651 31 75 m
1792 2651 80 75 goes,
1885 2651 101 75 round
2056 2651 37 75 or
2122 2651 32 75 as
2184 2651 55 75 the

1212 2694 82 75 fame
1310 2694 61 75 fide
1391 2694 40 75 of
1443 2694 55 75 the
1513 2694 95 75 moon
1626 2694 26 75 is
1669 2694 74 75 ftill'
1743 2694 158 75 obverted
1917 2694 34 75 to
1967 2694 55 75 the
2034 2694 103 75 earth.
2172 2694 77 75 Bur

1211 2741 55 75 the
1282 2741 53 75 pin
1350 2741 36 75 p,
1411 2741 106 75 which
1531 2741 73 75 may
1621 2741 39 75 be
1677 2741 182 75 confidered
1874 2741 33 75 as
1925 2741 38 75 an
1983 2741 175 75 equatorial
2170 2741 70 75 dia-

1210 2787 101 75 meter
1338 2787 39 75 of
1401 2787 53 75 the
1482 2787 108 75 moon,
1616 2787 66 75 will
1699 2787 73 75 turn
1790 2787 89 75 quite
1895 2787 103 75 round
2015 2787 55 75 the
2087 2787 89 75 point
2193 2787 43 75 w,

1210 2834 127 75 making
1354 2834 42 75 all
1419 2834 242 75 poflible-angles
1677 2834 78 75 with
1772 2834 56 75 the
1842 2834 65 75 line
1922 2834 41 75 of
1971 2834 41 75 its
2030 2834 154 75 progrefs,
2202 2834 20 75 o

1208 2880 63 75 line
1287 2880 39 75 of
1348 2880 54 75 the
1428 2880 122 75 moon’s
1567 2880 89 75 path.
1704 2880 91 75 This
1805 2880 27 75 is
1848 2880 39 75 an
1900 2880 109 75 ocular
2021 2880 97 75 proof
2129 2880 41 75 of
2180 2880 56 75 the

1209 2929 122 75 moon’s
1348 2929 127 75 turning
1492 2929 102 75 round
1610 2929 56 75 her
1684 2929 98 75 axis,.

2164 2986 74 75 The
