2466 3327
597 121 39 75 A
695 121 35 75 C
789 121 19 75 I

1169 121 18 75 (
1251 121 13 75 i

226 187 214 75 ACHLAR,
466 187 19 75 a
507 187 84 75 river
605 187 32 75 in
653 187 163 75 America,
841 187 107 75 called
976 187 126 75 Jrax'u
1129 187 45 75 by
1198 187 56 75 the

274 233 153 75 ancients.

227 281 193 75 ACHLIS.
470 281 62 75 See
550 281 203 75 Machlis,

227 325 204 75 ACHLYS,
456 325 32 75 in
505 325 168 75 medicine,
691 325 17 75 a
724 325 135 75 dimnefs
876 325 40 75 of
927 325 95 75 fight,
1041 325 111 75 arifing
1169 325 86 75 from

277 370 61 75 any
353 370 68 75 fear
438 370 173 75 remaining
627 370 84 75 after
727 370 47 75 an.
783 370 89 75 ulcer
893 370 33 75 in
954 370 56 75 the
1033 370 129 75 cornea.
1223 370 32 75 It

227 416 6 75 .
273 416 28 75 is
326 416 64 75 alfo
406 416 76 75 ufed
508 416 53 75 for
583 416 55 75 the
660 416 143 75 diforder
826 416 103 75 called
944 416 19 75 a
975 416 158 75 fuffufton
1151 416 42 75 of
1204 416 56 75 the

276 463 124 75 uterus.

227 509 383 75 ACHMETSCHET,
645 509 19 75 a
690 509 87 75 town
803 509 41 75 of
866 509 56 75 the
950 509 162 75 peninfula
1138 509 41 75 of
1200 509 55 75 the

276 555 141 75 Crimea,
441 555 55 75 the
513 555 156 75 refidence
682 555 40 75 of
728 555 54 75 the
798 555 103 75 fultan
917 555 121 75 Galga,
1063 555 74 75 who
1148 555 28 75 is
1187 555 68 75 eld-

276 600 41 75 ell
329 600 54 75 fon
396 600 40 75 of
442 600 55 75 the
509 600 95 75 Khan
617 600 198 75 cfTartary,
837 600 15 75 5
863 600 100 75 1.2Q.
976 600 88 75 long.
1080 600 57 75 45.
1148 600 34 75 o.
1196 600 57 75 lat.

228 647 248 75 ACHONRY,
503 647 18 75 a
533 647 89 75 fmall
639 647 86 75 town
739 647 39 75 of
789 647 130 75 Ireland
934 647 33 75 in
984 647 55 75 the
1055 647 157 75 province'
1221 647 41 75 of

277 692 205 75 Connaught,
501 692 61 75 and
579 692 120 75 county
715 692 41 75 of
768 692 104 75 Sligo,
896 692 109 75 feated
1020 692 42 75 on
1089 692 55 75 the
1173 692 83 75 river

277 739 165 75 Shannon.

228 786 181 75 ACHOR,
434 786 31 75 in
482 786 168 75 medicine,
675 786 89 75 fmall
782 786 103 75 ulcers
913 786 43 75 on
983 786 56 75 the
1061 786 74 75 face
1149 786 105 75 which

277 832 162 75 difeharge
456 832 18 75 a
493 832 99 75 vifeid
607 832 148 75 humour.
807 832 62 75 See
885 832 221 75 Medicine.

228 878 210 75 ACHRAS,
459 878 33 75 in
508 878 133 75 botany,
666 878 19 75 a
704 878 98 75 genus
819 878 44 75 of
877 878 55 75 the
950 878 177 75 hexandria
1142 878 112 75 mono-

276 924 96 75 gynia
387 924 92 75 clafs.
529 924 32 75 It
589 924 92 75 bears
710 924 18 75 a
754 924 80 75 fruit
860 924 58 75 not
945 924 108 75 unlike
1081 924 55 75 the
1165 924 89 75 pear.

274 970 112 75 There
403 970 55 75 are
480 970 77 75 only
584 970 91 75 three
698 970 117 75 fpecies
832 970 40 75 of
882 970 56 75 the
955 970 123 75 achras,
1103 970 70 75 viz.
1199 970 57 75 the

275 1016 141 75 mimofa,
444 1016 54 75 the
520 1016 122 75 fapota,
667 1016 62 75 and
748 1016 55 75 the
818 1016 179 75 falicifolia,
1022 1016 42 75 all
1087 1016 121 75 natives
1221 1016 40 75 of

277 1062 161 75 America.

227 1110 333 75 ACHRONICAL,
596 1110 285 75 Achronycal,
906 1110 40 75 or
967 1110 286 75 Acronychal.

279 1153 60 75 See
356 1153 244 75 Acronical-

229 1200 178 75 ACHYR,
434 1200 18 75 a
467 1200 106 75 flrong
589 1200 86 75 town
692 1200 63 75 and
771 1200 93 75 caftle
888 1200 40 75 of
946 1200 56 75 the
1017 1200 141 75 Ukrain,
1181 1200 72 75 fub-

271 1246 66 75 je&
353 1246 34 75 to
399 1246 55 75 the
466 1246 144 75 Ruffians
625 1246 81 75 fmee
726 1246 109 75 1667..
878 1246 32 75 It
925 1246 104 75 flands
1047 1246 41 75 on
1100 1246 56 75 the
1172 1246 84 75 river

280 1293 137 75 Uorlklo
434 1293 75 75 near
525 1293 56 75 the
597 1293 152 75 frontiers
769 1293 40 75 of
820 1293 119 75 Ruffia,
961 1293 64 75 127
1039 1293 90 75 miles
1145 1293 62 75 W.
1221 1293 40 75 of

275 1338 109 75 Kiow,
413 1338 55 75 36.
487 1338 35 75 o.
542 1338 88 75 long.
656 1338 58 75 49.
738 1338 56 75 32.
812 1338 60 75 lat.

228 1386 342 75 ACHYRANTES,
594 1386 33 75 in
643 1386 133 75 botany,
802 1386 18 75 a
835 1386 99 75 genus
947 1386 40 75 of
998 1386 54 75 the
1068 1386 188 75 pentandria

277 1431 193 75 monogynia
486 1431 90 75 clafs.
612 1431 112 75 There
737 1431 52 75 are
804 1431 93 75 feven
908 1431 117 75 fpecies
1038 1431 41 75 of
1090 1431 56 75 the
1158 1431 97 75 achy-

276 1476 117 75 rantes,
421 1476 79 75 moft
519 1476 41 75 of
571 1476 89 75 them
672 1476 121 75 natives
809 1476 40 75 of
859 1476 57 75 the
936 1476 122 75 Indies.

227 1525 355 75 ACHYRANTHA,
609 1525 32 75 in
657 1525 133 75 botany,
807 1525 56 75 the
879 1525 106 75 trivial
1002 1525 91 75 name
1110 1525 40 75 of
1157 1525 18 75 a
1187 1525 68 75 fpe-

275 1568 63 75 cies
355 1568 40 75 of
409 1568 55 75 the
481 1568 197 75 illecebrum.
729 1568 61 75 See
807 1568 267 75 Illecebrum.

225 1616 304 75 ACHYRONIA,
552 1616 32 75 in
600 1616 131 75 botany,
750 1616 38 75 an
805 1616 142 75 obfolete
962 1616 92 75 name
1070 1616 42 75 of
1125 1616 19 75 a
1155 1616 99 75 genus

275 1659 40 75 of
332 1659 56 75 the
411 1659 182 75 diadelphia
608 1659 172 75 decandria
803 1659 90 75 clafs.

227 1709 409 75 ACHYROPHORUS,
661 1709 35 75 in'
711 1709 134 75 botany,
871 1709 19 75 a
905 1709 163 75 fynonime
1085 1709 41 75 of
1136 1709 56 75 the
1207 1709 48 75 fe-

276 1751 91 75 riola.
416 1751 62 75 See
496 1751 184 75 Seriola.

228 1798 130 75 ACIA,
383 1798 18 75 a
416 1798 82 75 term
520 1798 33 75 in
570 1798 54 75 the
641 1798 127 75 Roman
788 1798 142 75 furgery,
955 1798 97 75 about
1068 1798 56 75 the
1148 1798 107 75 mean-

276 1842 53 75 ing
352 1842 42 75 of
412 1842 104 75 which
533 1842 175 75 phyficians
726 1842 62 75 and
800 1842 246 75 commentators
1062 1842 52 75 are
1131 1842 125 75 greatly

275 1890 148 75 divided;
449 1890 85 75 fome
550 1890 113 75 taking
679 1890 25 75 it
721 1890 53 75 for
789 1890 57 75 the
860 1890 126 75 needle,
1005 1890 63 75 and
1080 1890 114 75 others
1202 1890 52 75 for

277 1935 54 75 the
348 1935 126 75 thread.

230 1983 242 75 ACICULT,
495 1983 57 75 the
567 1983 90 75 fmall
669 1983 103 75 fpikes
791 1983 37 75 or
843 1983 138 75 prickles
1002 1983 41 75 of
1054 1983 55 75 the
1133 1983 120 75 hedge-

276 2027 78 75 hog,
379 2027 130 75 echinus
525 2027 151 75 marinus,
702 2027 64 75 <bc.

231 2074 161 75 ACIDS,
418 2074 175 75 fubftances
613 2074 106 75 which
748 2074 72 75 give
849 2074 19 75 a
889 2074 86 75 four,
1000 2074 103 75 fharp,
1129 2074 37 75 or
1191 2074 65 75 tart

276 2119 90 75 tafte.
413 2119 129 75 Among
560 2119 56 75 the
640 2119 156 75 chemilis,
814 2119 54 75 the
886 2119 72 75 acid
971 2119 75 75 falls
1071 2119 52 75 are
1147 2119 108 75 dilfin-

278 2166 130 75 guifned
421 2166 70 75 into
503 2166 56 75 the
577 2166 136 75 nitrous,
729 2166 152 75 vitriolic,
906 2166 159 75 muriatic,
1082 2166 63 75 and
1160 2166 95 75 vege-

277 2213 98 75 table.
425 2213 62 75 See
504 2213 249 75 Chemistry,
779 2213 85 75 title.
889 2213 49 75 Of
947 2213 105 75 acids.

232 2256 137 75 Acids,
395 2256 32 75 in
444 2256 55 75 the
524 2256 132 75 materia
683 2256 135 75 medica,
843 2256 53 75 are
923 2256 76 75 fueh
1024 2256 173 75 medicines
1222 2256 33 75 as

279 2302 110 75 poflefs
406 2302 39 75 an
464 2302 71 75 acid
551 2302 144 75 quality;
720 2302 77 75 fuch
815 2302 33 75 as
871 2302 142 75 vinegar,
1038 2302 88 75 fpirit
1151 2302 40 75 of
1208 2302 47 75 vi-

279 2346 88 75 triol,
486 2346 108 75 Thefe
622 2346 96 75 being
742 2346 158 75 powerful
922 2346 192 75 antifeptics,
1141 2346 52 75 are
1221 2346 34 75 e-

279 2394 136 75 lleemed
426 2394 85 75 good
526 2394 33 75 in
572 2394 42 75 all
626 2394 125 75 purtrid
763 2394 62 75 and
836 2394 173 75 malignant
1022 2394 149 75 difeafes,
1180 2394 76 75 and,

280 2438 43 75 by
347 2438 83 75 their
455 2438 127 75 cooling
597 2438 117 75 virtue,
740 2438 52 75 are
815 2438 41 75 no
871 2438 60 75 lefs
955 2438 178 75 efficacious
1155 2438 33 75 in
1207 2438 48 75 fe-

281 2484 99 75 verilh
403 2484 61 75 and
483 2484 234 75 inflammatory
734 2484 97 75 cafes.

233 2529 219 75 ACIDITY,
477 2529 71 75 that
564 2529 125 75 quality
706 2529 105 75 whieh
826 2529 128 75 renders
975 2529 113 75 bodies
1112 2529 88 75 acid,

232 2577 274 75 ACIDOTON,
530 2577 32 75 in
578 2577 132 75 botany,
735 2577 27 75 is
785 2577 79 75 both
888 2577 18 75 a
928 2577 161 75 fynonime
1113 2577 60 75 and
1201 2577 56 75 the

282 2621 105 75 trivial
401 2621 89 75 name
503 2621 41 75 of
551 2621 18 75 a
581 2621 115 75 fpecies
713 2621 41 75 of
767 2621 55 75 the
843 2621 113 75 adefia.
1007 2621 61 75 See
1086 2621 168 75 Adelia.

236 2668 248 75 ACIDULfE,
503 2668 19 75 a
537 2668 82 75 term
636 2668 52 75 for
704 2668 99 75 water
819 2668 37 75 or
873 2668 60 75 any
945 2668 158 75 fobftance
1119 2668 136 75 impreg-

283 2713 95 75 nated
401 2713 77 75 with
503 2713 38 75 an
558 2713 81 75 acid.

237 2759 339 75 ACIDULATED,
602 2759 18 75 a
642 2759 92 75 name
749 2759 92 75 given
858 2759 34 75 to
908 2759 171 75 medicines
1096 2759 69 75 that
1176 2759 82 75 have

286 2804 36 75 an
340 2804 70 75 acid
426 2804 33 75 in
481 2804 84 75 their
582 2804 217 75 compofition.

238 2853 230 75 ACIERNO,
494 2853 19 75 a
539 2853 88 75 town
650 2853 31 75 in
700 2853 53 75 the
771 2853 119 75 Hither
907 2853 220 75 Principality,
1152 2853 31 75 in
1201 2853 55 75 the

284 2897 152 75 kingdom
452 2897 41 75 of
504 2897 134 75 Naples;
654 2897 77 75 with
747 2897 17 75 a
776 2897 138 75 bifirops
923 2897 62 75 fee.
1021 2897 35 75 It
1069 2897 27 75 is
1113 2897 37 75 15
1165 2897 92 75 miles

286 2944 46 75 E.
354 2944 39 75 cf
409 2944 147 75 Salerno,
580 2944 57 75 37.
654 2944 35 75 0.
706 2944 45 75 E.
768 2944 88 75 long.
882 2944 58 75 40.
959 2944 58 75 52.
1031 2944 63 75 lat.

1277 122 20 75 8
1358 122 18 75 )

1723 122 40 75 a
1823 122 34 75 n
1919 122 40 75 6

1303 189 244 75 ACINAIES,
1572 189 32 75 in
1622 189 170 75 antiquity,
1819 189 18 75 a
1862 189 79 75 kind
1957 189 40 75 of
2012 189 130 75 cutlafs,
2168 189 39 75 or
2222 189 110 75 feime-

1353 236 61 75 ter,
1439 236 32 75 in
1488 236 53 75 ufe
1557 236 115 75 among
1687 236 55 75 the
1759 236 156 75 Perfians.

1305 283 253 75 ACINARIA,
1584 283 31 75 in
1632 283 132 75 botany,
1782 283 18 75 a
1816 283 161 75 fynonime
1993 283 41 75 of
2044 283 56 75 the
2120 283 93 75 focus
2229 283 108 75 acina-

1354 328 77 75 rius,
1456 328 173 75 belonging
1651 328 36 75 to
1702 328 55 75 the
1775 328 216 75 cryptogamia
2007 328 78 75 algse
2107 328 41 75 of
2166 328 167 75 Linnteus.

1355 374 60 75 See
1435 374 144 75 Frctrs.

1306 421 151 75 ACINI,
1482 421 33 75 in
1538 421 132 75 botany,
1696 421 18 75 a
1735 421 162 75 fynonime
1922 421 41 75 of
1979 421 55 75 the
2051 421 128 75 thymus
2196 421 135 75 alpinus.

1357 466 60 75 See
1433 466 187 75 Thymus.

1307 513 464 75 AC1NIFORMIS/aw/otf,
1796 513 32 75 in
1846 513 162 75 anatomy.
2058 513 62 75 See
2135 513 125 75 Uvea.

1307 559 432 75 AC1NODENDRION,
1764 559 32 75 in
1819 559 131 75 botany,
1975 559 56 75 the
2055 559 106 75 trivial
2184 559 90 75 name
2299 559 40 75 of

1354 604 17 75 a
1386 604 117 75 fpeties
1521 604 40 75 of
1572 604 55 75 the
1645 604 193 75 melaltoma.
1889 604 62 75 See
1973 604 264 75 Melastoma.

1307 650 422 75 ACINODENDRUM,
1758 650 31 75 in
1815 650 132 75 botany,
1981 650 19 75 a
2025 650 161 75 fynonime
2214 650 42 75 of
2267 650 66 75 two

1354 696 117 75 fpecies
1488 696 40 75 of
1539 696 55 75 the
1610 696 197 75 melafloma.

1306 742 281 75 ACINOIDES,
1611 742 32 75 in
1660 742 133 75 botany,
1819 742 54 75 the
1890 742 105 75 trivial
2011 742 93 75 name
2121 742 40 75 of
2179 742 19 75 a
2214 742 118 75 fpecies

1353 788 40 75 of
1404 788 56 75 the
1478 788 179 75 ziziphora.
1706 788 62 75 See
1785 788 239 75 Ziziphora.

1305 835 192 75 ACINOS,
1523 835 32 75 in
1572 835 132 75 botany,
1723 835 18 75 a
1757 835 162 75 fynonime
1936 835 40 75 of
1989 835 18 75 a
2022 835 115 75 fpecies
2155 835 40 75 of
2205 835 56 75 the
2277 835 54 75 tu-

1352 880 76 75 nila.
1478 880 247 75 SeeCuNiLA.

1304 927 195 75 ACINUS,
1523 927 32 75 in
1571 927 136 75 botany;
1721 927 132 75 fignifies
1870 927 111 75 grapes
1999 927 37 75 or
2052 927 120 75 berries
2187 927 148 75 growing

1352 972 32 75 in
1399 972 142 75 cluflers.

1304 1019 366 75 ACISONTHERA,
1687 1019 32 75 in
1735 1019 134 75 botany,
1886 1019 80 75 both
1984 1019 18 75 a
2017 1019 162 75 fynonime
2196 1019 62 75 and
2274 1019 58 75 the

1353 1065 105 75 trivial
1475 1065 91 75 narhe
1582 1065 40 75 of
1629 1065 18 75 a
1657 1065 118 75 fpecies
1793 1065 40 75 of
1843 1065 191 75 therhexia.
2085 1065 245 75 SeeRnExiA.

1304 1111 183 75 ACITLI,
1512 1111 32 75 in
1570 1111 230 75 ornythology,
1825 1111 55 75 the
1896 1111 173 75 American
2093 1111 91 75 name
2211 1111 41 75 of
2274 1111 60 75 the

1352 1157 163 75 colymbus
1528 1157 154 75 criflatus,
1701 1157 18 75 a
1730 1157 73 75 bird
1814 1157 40 75 of
1864 1157 55 75 the
1937 1157 98 75 order
2049 1157 39 75 of
2099 1157 135 75 anferes.
2268 1157 63 75 See

1350 1202 77 75 Col
1435 1202 144 75 ymbus.

1303 1249 514 75 ACKNOWLEDGMENT,
1842 1249 33 75 in
1892 1249 17 75 a
1925 1249 127 75 general
2068 1249 95 75 fenfe,
2181 1249 26 75 is
2225 1249 16 75 a
2258 1249 70 75 per-

1351 1295 83 75 forms
1451 1295 126 75 owning
1593 1295 37 75 or
1647 1295 170 75 confeffing
1841 1295 18 75 a
1881 1295 114 75 thing;
2021 1295 71 75 but,
2117 1295 89 75 more
2232 1295 98 75 parti-

1353 1341 132 75 cularly,
1510 1341 26 75 is
1560 1341 56 75 the
1639 1341 173 75 expreffion
1829 1341 40 75 of
1880 1341 161 75 gratitude
2053 1341 52 75 for
2120 1341 19 75 a
2153 1341 128 75 favour.

1305 1388 526 75 Acknowledgment-zw#?)',
1855 1388 19 75 a
1897 1388 119 75 certain
2038 1388 68 75 fum
2130 1388 74 75 paid
2220 1388 45 75 by
2280 1388 48 75 te-

1353 1434 91 75 nants
1460 1434 33 75 in
1518 1434 118 75 feveral
1661 1434 87 75 parts
1769 1434 40 75 of
1827 1434 162 75 England,
2021 1434 42 75 on
2090 1434 56 75 the
2170 1434 96 75 death
2294 1434 42 75 of

1351 1480 85 75 their
1450 1480 178 75 landlords,
1654 1480 33 75 as
1712 1480 39 75 an
1772 1480 296 75 acknowledgment
2092 1480 40 75 of
2153 1480 84 75 their
2258 1480 73 75 new

1350 1527 100 75 lords.

1304 1573 225 75 ACLIDES,
1553 1573 32 75 in
1601 1573 127 75 Roman
1744 1573 174 75 antiquity,
1936 1573 19 75 a
1965 1573 79 75 kind
2059 1573 40 75 of
2113 1573 115 75 miffive
2244 1573 83 75 wea-

1352 1619 75 75 pon,
1452 1619 79 75 with
1549 1619 18 75 a
1584 1619 101 75 thong
1712 1619 118 75 affiked
1858 1619 34 75 to
1908 1619 37 75 it,
1971 1619 152 75 whereby
2138 1619 35 75 to
2189 1619 89 75 draw
2299 1619 30 75 it

1350 1665 96 75 back.
1494 1665 89 75 Molt
1599 1665 130 75 authors
1746 1665 141 75 deferibe
1912 1665 26 75 it
1955 1665 34 75 as
2007 1665 18 75 a
2047 1665 65 75 fort
2135 1665 41 75 of
2193 1665 71 75 dart
2288 1665 39 75 or

1348 1711 119 75 javelin
1483 1711 9 75 ;
1519 1711 58 75 but
1603 1711 142 75 Scaliger
1766 1711 107 75 makes
1890 1711 25 75 it
1932 1711 146 75 roundifti
2104 1711 37 75 or
2169 1711 156 75 globular,

1351 1757 79 75 with
1446 1757 18 75 a
1484 1757 120 75 flender
1626 1757 137 75 wooden
1781 1757 74 75 (tern
1872 1757 36 75 to
1926 1757 86 75 poife
2034 1757 27 75 it
2083 1757 55 75 by.

1303 1803 229 75 ACLOWA,
1550 1803 30 75 in
1592 1803 137 75 botany,
1748 1803 18 75 a
1781 1803 174 75 barbarous
1972 1803 91 75 name
2080 1803 39 75 of
2128 1803 19 75 a
2162 1803 117 75 fpecies
2291 1803 49 75 of"

1352 1846 137 75 colutea.
1538 1846 33 75 It
1586 1846 28 75 is
1631 1846 75 75 ufed
1718 1846 43 75 by
1784 1846 54 75 the
1860 1846 122 75 natives
1999 1846 40 75 of
2050 1846 129 75 Guinea
2199 1846 36 75 to
2251 1846 80 75 cure

1351 1892 54 75 the
1421 1892 82 75 itch.
1552 1892 63 75 See
1629 1892 210 75 Colutea,

1303 1938 151 75 ACME,
1481 1938 37 75 or
1533 1938 156 75 Aexme,
1714 1938 55 75 the
1784 1938 57 75 top
1858 1938 37 75 or
1905 1938 113 75 height
2035 1938 39 75 of
2085 1938 62 75 any
2158 1938 104 75 thing.
2295 1938 33 75 It

1350 1984 26 75 is
1394 1984 121 75 ufually
1532 1984 124 75 applied
1673 1984 35 75 to
1724 1984 55 75 the
1796 1984 152 75 maturity
1965 1984 40 75 of
2016 1984 37 75 an
2067 1984 113 75 animal
2194 1984 63 75 juft
2274 1984 55 75 be-

1350 2031 71 75 fore
1437 2031 27 75 it
1487 2031 114 75 begins
1615 2031 36 75 to
1673 2031 145 75 decline;
1845 2031 63 75 and
1923 2031 175 75 phyficians
2113 2031 82 75 have
2212 2031 75 75 ufed
2302 2031 27 75 it

1350 2076 36 75 to
1402 2076 129 75 exprefs
1547 2076 56 75 the
1618 2076 116 75 utmoft
1750 2076 143 75 violence
1909 2076 37 75 or
1962 2076 85 75 crifis
2063 2076 40 75 of
2115 2076 18 75 a
2148 2076 128 75 difeafe.

1304 2123 253 75 ACMELLA,
1581 2123 33 75 in
1629 2123 133 75 botany,
1779 2123 55 75 the
1850 2123 106 75 trivial
1973 2123 91 75 name
2080 2123 40 75 of
2127 2123 18 75 a
2160 2123 116 75 fpecies
2293 2123 44 75 of

1352 2169 54 75 the
1422 2169 173 75 verbefina.
1644 2169 62 75 See
1721 2169 237 75 Verbesina.

1304 2217 204 75 ACNIDA,
1533 2217 33 75 in
1581 2217 133 75 botany,
1740 2217 17 75 a
1773 2217 98 75 genus
1888 2217 40 75 of
1940 2217 55 75 the
2011 2217 113 75 dicecia
2138 2217 191 75 pentandria
2364 2217 10 75 *

1354 2262 90 75 elafs.
1492 2262 111 75 There
1619 2262 27 75 is
1663 2262 76 75 only
1754 2262 61 75 one
1837 2262 118 75 fpecies
1980 2262 39 75 of
2036 2262 38 75 it,
2099 2262 69 75 viz.
2194 2262 55 75 the
2275 2262 52 75 ae-

1353 2307 72 75 nida
1443 2307 163 75 canabina.
1653 2307 33 75 It
1702 2307 27 75 is
1747 2307 18 75 a
1780 2307 104 75 native
1901 2307 41 75 of
1955 2307 159 75 Virginia.

1305 2353 185 75 ACNDA,
1515 2353 32 75 in
1570 2353 128 75 Roman
1723 2353 171 75 antiquity,
1919 2353 138 75 fignified
2073 2353 19 75 a
2108 2353 118 75 certain
2243 2353 84 75 mea-

1351 2400 69 75 fure
1440 2400 39 75 of
1489 2400 94 75 land,'
1601 2400 76 75 near
1694 2400 96 75 about
1808 2400 56 75 the
1883 2400 131 75 Englifli
2032 2400 93 75 rood,
2150 2400 38 75 or
2216 2400 110 75 fourth

1354 2446 70 75 part
1441 2446 39 75 of
1492 2446 37 75 an
1547 2446 85 75 acre.
1682 2446 61 75 See
1765 2446 125 75 Rood.

1306 2493 177 75 ACOBA,
1509 2493 18 75 a
1543 2493 90 75 fmall
1646 2493 88 75 town
1757 2493 40 75 cf
1814 2493 154 75 Portugal
1983 2493 34 75 in
2032 2493 56 75 the
2115 2493 149 75 province
2292 2493 41 75 of

1353 2538 234 75 Eftremadura.

1307 2584 298 75 ACOEMETAE,
1630 2584 37 75 or
1692 2584 227 75 Acoemeti,
1945 2584 32 75 in
1994 2584 118 75 church
2129 2584 132 75 hiftory,
2290 2584 39 75 or

1354 2630 70 75 men
1448 2630 74 75 who
1545 2630 87 75 lived
1658 2630 138 75 without
1818 2630 102 75 fleep;
1947 2630 19 75 a
1990 2630 47 75 fet
2058 2630 40 75 of
2116 2630 112 75 monks
2254 2630 75 75 who

1355 2676 158 75 chaunted
1528 2676 55 75 the
1599 2676 103 75 divine
1714 2676 115 75 fervice
1845 2676 91 75 night
1952 2676 62 75 and
2029 2676 63 75 day
2108 2676 32 75 in
2160 2676 83 75 their
2259 2676 69 75 pla-

1355 2721 50 75 ces
1422 2721 39 75 of
1480 2721 148 75 worfliip.
1674 2721 100 75 They
1796 2721 129 75 divided
1943 2721 188 75 tbemfelves
2151 2721 68 75 into
2238 2721 91 75 three

1353 2767 124 75 bodies,
1494 2767 75 75 who
1585 2767 187 75 alternately
1782 2767 173 75 fucceeded
1970 2767 59 75 one
2047 2767 150 75 another,,
2209 2767 32 75 fo
2258 2767 71 75 that

1354 2812 83 75 their
1453 2812 154 75 churches
1630 2812 83 75 were
1729 2812 95 75 never
1843 2812 104 75 filent.
1999 2812 84 75 This
2100 2812 134 75 practice
2251 2812 81 75 they

1353 2860 140 75 founded
1504 2860 85 75 upon
1602 2860 55 75 the
1669 2860 139 75 precept,
1823 2860 88 75 Pray
1922 2860 138 75 without
2072 2860 134 75 ceajim.
2229 2860 103 75 They

1323 2905 3 75 ,
1352 2905 212 75 flourifhedin
1576 2905 56 75 the
1648 2905 61 75 eaft
1725 2905 96 75 about
1837 2905 55 75 the
1907 2905 120 75 middle
2044 2905 39 75 cf
2094 2905 55 75 the
2165 2905 73 75 fifth
2255 2905 76 75 cen-

1355 2951 86 75 tury.
1490 2951 112 75 There
1620 2951 52 75 are
1695 2951 18 75 a
1730 2951 79 75 kind
1824 2951 39 75 cf
1874 2951 147 75 accemeti
2034 2951 63 75 ftill
2113 2951 158 75 fubfilling
2295 2951 37 75 in
