2423 3387
689 118 489 75 ASTRO

119 188 55 75 the
190 188 99 75 moon
307 188 159 75 defcribes
482 188 56 75 the
555 188 64 75 line
643 188 46 75 ef,
713 188 53 75 fhe
779 188 64 75 juft
859 188 132 75 touches
1006 188 60 75 the
1090 188 67 75 ftia-

118 234 87 75 dow,
231 234 59 75 but
307 234 78 75 does
408 234 57 75 not
482 234 90 75 enter
588 234 71 75 into
674 234 49 75 it;
749 234 93 75 when
864 234 52 75 fhe
927 234 158 75 defcribes
1102 234 55 75 the

118 281 65 75 line
211 281 50 75 cd,
287 281 52 75 fhe
366 281 27 75 is
417 281 132 75 totally,
574 281 123 75 though
721 281 58 75 not
795 281 171 75 centrally^
990 281 168 75 immerfed

119 327 32 75 in
168 327 56 75 the
241 327 126 75 fhadow
381 327 11 75 ;
419 327 64 75 and
506 327 93 75 when
622 327 53 75 fhe
691 327 158 75 defcribes
866 327 57 75 the
947 327 64 75 line
1026 327 53 75 ab,
1104 327 52 75 fhe

118 373 98 75 paffes
233 373 44 75 by
292 373 56 75 the
364 373 84 75 node
464 373 33 75 at
517 373 44 75 M
577 373 30 75 in
625 373 54 75 the
697 373 108 75 centre
821 373 40 75 of
873 373 55 75 the
940 373 139 75 fhadow,
1094 373 62 75 and

118 421 90 75 takes
225 421 56 75 the
297 421 122 75 longeft
435 421 64 75 line
519 421 138 75 poffible,
683 421 105 75 which
805 421 27 75 is
850 421 18 75 a
884 421 165 75 diameter,
1069 421 86 75 thro’

116 467 48 75 it:
192 467 78 75 And
296 467 77 75 fuch
402 467 40 75 an
466 467 115 75 eclipfe
598 467 96 75 being
710 467 79 75 both
807 467 80 75 total
912 467 62 75 and
991 467 120 75 central
1128 467 26 75 is

118 513 40 75 of
177 513 56 75 the
256 513 121 75 longeft
404 513 163 75 duration,
592 513 138 75 namely,
758 513 17 75 3
801 513 97 75 hours
918 513 42 75 57
979 513 137 75 minutes
1134 513 22 75 6

118 560 131 75 feconds
269 560 85 75 from
366 560 55 75 the
434 560 172 75 beginning
622 560 34 75 to
673 560 55 75 the
744 560 74 75 end,
842 560 31 75 if
885 560 56 75 the
957 560 97 75 moon
1065 560 39 75 be
1122 560 34 75 at

117 606 60 75 her
204 606 301 75 greateft-diftance
532 606 85 75 from
645 606 55 75 the
725 606 112 75 earth;
864 606 63 75 and
957 606 16 75 3
993 606 98 75 hours
1112 606 42 75 37

117 653 137 75 minutes
275 653 42 75 26
335 653 145 75 feconds,
507 653 30 75 if
544 653 51 75 fhe
612 653 40 75 be
665 653 33 75 at
713 653 58 75 her
789 653 74 75 leaft
879 653 150 75 diftance.
1077 653 78 75 The

117 700 110 75 reafon
244 700 41 75 of
302 700 65 75 this
384 700 174 75 difference
574 700 41 75 is,
641 700 72 75 that
735 700 93 75 when
853 700 55 75 the
932 700 97 75 moon
1045 700 27 75 is
1089 700 64 75 far-

119 747 81 75 theft
217 747 85 75 from
314 747 56 75 the
386 747 105 75 earth,
516 747 52 75 fhe
580 747 109 75 moves
705 747 141 75 floweft;
873 747 63 75 and
952 747 93 75 when
1062 747 91 75 near-

120 794 43 75 eft
180 794 35 75 to
231 794 37 75 it,
296 794 154 75 quickeft.

164 840 77 75 The
257 840 124 75 moon’s
398 840 167 75 diameter,
591 840 33 75 as
645 840 73 75 well
736 840 33 75 as
787 840 55 75 the
865 840 98 75 fun’s,
987 840 28 75 is
1040 840 114 75 fuppo-

117 886 54 75 fed
188 886 34 75 to
239 886 39 75 be
294 886 131 75 divided
441 886 68 75 into
526 886 115 75 twelve
657 886 96 75 equal
778 886 100 75 parts,
904 886 103 75 called
1029 886 123 75 digits;

116 933 62 75 and
194 933 34 75 fo
245 933 95 75 many
351 933 40 75 of
404 933 87 75 thefe
504 933 87 75 parts
610 933 34 75 as
657 933 53 75 are
723 933 163 75 darkened
899 933 48 75 by
959 933 56 75 the
1031 933 122 75 earth’s

116 980 137 75 fhadow,
279 980 35 75 fp
330 980 95 75 many
448 980 98 75 digits
570 980 27 75 is
622 980 56 75 the
695 980 97 75 moon
808 980 150 75 eclipfed.
1008 980 55 75 All
1082 980 72 75 that

115 1026 56 75 th*e
188 1026 97 75 moon
301 1026 27 75 is
345 1026 137 75 eclipfed
506 1026 100 75 above
628 1026 38 75 12
686 1026 110 75 digits,
822 1026 82 75 (hew
927 1026 75 75 how
1026 1026 50 75 far
1098 1026 56 75 the

115 1073 128 75 fhadow
266 1073 40 75 of
317 1073 55 75 the
389 1073 92 75 earth
497 1073 27 75 is
542 1073 76 75 over
641 1073 56 75 the
726 1073 86 75 body
836 1073 40 75 of
895 1073 56 75 the
976 1073 109 75 moon,
1111 1073 43 75 on

115 1119 72 75 that
203 1119 82 75 edge
307 1119 37 75 to
361 1119 105 75 which
483 1119 51 75 fhe
556 1119 28 75 is
602 1119 120 75 neareft
738 1119 33 75 at
787 1119 56 75 the
859 1119 120 75 middle
995 1119 41 75 of
1047 1119 55 75 the
1118 1119 33 75 e-

117 1167 108 75 clipfe.

163 1213 32 75 It
211 1213 27 75 is
255 1213 136 75 difficult
406 1213 36 75 to
453 1213 136 75 obferve
614 1213 128 75 exadtly
768 1213 103 75 either
898 1213 56 75 the
981 1213 172 75 beginning

115 1260 37 75 or
168 1260 117 75 ending
302 1260 40 75 of
353 1260 18 75 a
387 1260 91 75 lunar
495 1260 126 75 eclipfe,
647 1260 79 75 even
743 1260 78 75 with
839 1260 18 75 a
873 1260 85 75 good
971 1260 156 75 telefcope
1140 1260 10 75 ;

114 1308 130 75 becaufe
261 1308 55 75 the
340 1308 119 75 earth’s
476 1308 129 75 fhadow
625 1308 26 75 is
675 1308 34 75 fo
729 1308 82 75 faint
835 1308 62 75 and
913 1308 36 75 ill
965 1308 127 75 defined
1119 1308 33 75 a-

114 1354 80 75 bout
210 1354 56 75 the
282 1354 109 75 edges,
416 1354 73 75 that
505 1354 94 75 when
615 1354 56 75 the
686 1354 97 75 moon
800 1354 27 75 is
844 1354 103 75 either
955 1354 65 75 juft
1037 1354 114 75 touch-

115 1399 55 75 ing
186 1399 38 75 or
251 1399 125 75 leaving
392 1399 38 75 it,
456 1399 281 75 the-obfcuration
753 1399 40 75 of
804 1399 58 75 her
889 1399 78 75 limb
997 1399 25 75 is
1046 1399 107 75 fcarce

114 1446 131 75 fenfible
257 1446 9 75 ;
294 1446 62 75 and
370 1446 162 75 therefore
544 1446 56 75 the
618 1446 95 75 niceft
728 1446 163 75 obfervers
908 1446 58 75 can
981 1446 117 75 hardly
1114 1446 39 75 be

117 1492 119 75 certain
254 1492 36 75 to
313 1492 73 75 four
402 1492 38 75 or
457 1492 59 75 five
540 1492 130 75 feconds
695 1492 41 75 of
758 1492 89 75 time.
897 1492 68 75 But
991 1492 81 75 both
1097 1492 55 75 the

116 1540 172 75 beginning
310 1540 63 75 and
388 1540 118 75 ending
527 1540 41 75 of
587 1540 82 75 folar
685 1540 131 75 eclipfes
834 1540 54 75 are
904 1540 112 75 vifibly
1038 1540 113 75 inftan-

116 1587 131 75 taneous
262 1587 11 75 ;
299 1587 52 75 for
370 1587 55 75 the
442 1587 141 75 moment
600 1587 71 75 that
695 1587 57 75 the
774 1587 80 75 edge
882 1587 41 75 of
945 1587 56 75 the
1028 1587 124 75 moon’s

115 1633 68 75 difk
199 1633 206 75 touches,the
421 1633 98 75 fun’s,
543 1633 50 75 his
611 1633 172 75 roundnefs
801 1633 98 75 feems
917 1633 18 75 a
954 1633 86 75 little
1052 1633 101 75 broke

115 1680 42 75 on
174 1680 70 75 that
261 1680 94 75 part;
382 1680 62 75 and
460 1680 55 75 the
531 1680 143 75 moment
689 1680 52 75 fhe
755 1680 107 75 leaves
884 1680 38 75 it,
951 1680 42 75 he
1020 1680 131 75 appears

116 1726 155 75 perfeftly
287 1726 104 75 round
407 1726 105 75 again.

164 1772 38 75 In
215 1772 191 75 aftronomy,
432 1772 130 75 eclipfes
575 1772 41 75 of
626 1772 55 75 the
698 1772 95 75 moon
811 1772 53 75 are
877 1772 40 75 of
928 1772 90 75 great
1030 1772 58 75 ufe.
1099 1772 54 75 for

116 1820 208 75 afcertaining
340 1820 56 75 the
419 1820 125 75 periods
562 1820 40 75 of
618 1820 60 75 her
703 1820 137 75 motions
852 1820 11 75 ;
890 1820 169 75 efpecially
1073 1820 78 75 fuch

115 1866 132 75 eclipfes
264 1866 33 75 as
315 1866 52 75 are
384 1866 154 75 obferved
555 1866 34 75 to
605 1866 40 75 be
661 1866 83 75 alike
760 1866 32 75 in
809 1866 43 75 all
871 1866 59 75 her
946 1866 203 75 circumftan-

113 1913 65 75 ces,
205 1913 63 75 and
284 1913 79 75 have
381 1913 76 75 long
473 1913 149 75 intervals
638 1913 41 75 of
699 1913 76 75 time
787 1913 146 75 between
951 1913 101 75 them.
1110 1913 39 75 In

114 1960 195 75 geography,
336 1960 55 75 the
413 1960 182 75 longitudes
621 1960 41 75 of
681 1960 104 75 places
803 1960 53 75 are
873 1960 102 75 found
992 1960 42 75 by
1051 1960 97 75 eclip-

114 2006 47 75 fes
176 2006 8 75 :
212 2006 65 75 But
295 2006 49 75 for
362 2006 63 75 this
442 2006 134 75 purpofe
599 2006 129 75 eclipfes
745 2006 40 75 of
804 2006 56 75 the
878 2006 96 75 moon
990 2006 54 75 are
1061 2006 89 75 more

115 2052 100 75 ufeful
236 2052 77 75 than
331 2052 91 75 thofe
444 2052 40 75 of
503 2052 55 75 the
580 2052 69 75 fun,
674 2052 132 75 becaufe
821 2052 78 75 they
917 2052 52 75 are
982 2052 89 75 more
1083 2052 65 75 fre-

115 2099 133 75 quently
270 2099 120 75 vifible,
416 2099 62 75 and
495 2099 56 75 the
575 2099 83 75 fame
686 2099 92 75 lunar
806 2099 114 75 eclipfe
937 2099 26 75 is
991 2099 41 75 of
1054 2099 95 75 equal

113 2146 158 75 largenefs
288 2146 63 75 and
366 2146 148 75 duration
530 2146 32 75 at
580 2146 41 75 all
640 2146 103 75 places
761 2146 106 75 where
884 2146 24 75 it
925 2146 26 75 is
968 2146 84 75 feen.
1109 2146 40 75 In

115 2193 212 75 chronology,
353 2193 80 75 both
449 2193 82 75 folar
547 2193 62 75 and
624 2193 91 75 lunar
731 2193 129 75 eclipfes
877 2193 87 75 ferve
982 2193 34 75 to
1042 2193 108 75 deter-

114 2239 85 75 mine
217 2239 127 75 exactly
359 2239 56 75 the
438 2239 76 75 time
526 2239 41 75 of
577 2239 62 75 any
656 2239 66 75 paft
737 2239 114 75 event:
879 2239 51 75 for
941 2239 92 75 there
1049 2239 54 75 are
1114 2239 35 75 fo

113 2285 97 75 many
225 2285 189 75 particulars
430 2285 182 75 obfervable
628 2285 33 75 in
677 2285 98 75 every
790 2285 126 75 eclipfe,
934 2285 78 75 with
1031 2285 118 75 refpedt

114 2331 36 75 to
176 2331 41 75 its
235 2331 159 75 quantity,
420 2331 55 75 the
492 2331 105 75 places
613 2331 107 75 where
747 2331 26 75 it
800 2331 27 75 is
853 2331 106 75 vifible
984 2331 47 75 (if
1042 2331 40 75 of
1092 2331 56 75 the

112 2378 72 75 fun)
210 2378 61 75 and
288 2378 55 75 the
367 2378 76 75 time
459 2378 40 75 of
509 2378 56 75 the
582 2378 64 75 day
661 2378 37 75 or
715 2378 104 75 night,
853 2378 71 75 that
947 2378 25 75 it
989 2378 26 75 is
1032 2378 114 75 impof-

114 2424 77 75 fible
207 2424 92 75 there
316 2424 57 75 can
391 2424 38 75 be
446 2424 66 75 two
528 2424 84 75 folar
628 2424 129 75 eclipfes
774 2424 32 75 in
823 2424 56 75 the
896 2424 109 75 courfe
1028 2424 40 75 of
1080 2424 66 75 ma-

112 2471 44 75 ny
173 2471 73 75 ages
264 2471 105 75 which
392 2471 53 75 are
462 2471 83 75 alike
561 2471 32 75 in
610 2471 42 75 all
669 2471 253 75 circumftances.

157 2519 102 75 .From
276 2519 55 75 the
348 2519 100 75 above
464 2519 205 75 explanation
686 2519 41 75 of
745 2519 55 75 the
823 2519 144 75 dodtrine
984 2519 40 75 of
1046 2519 99 75 eclip-

112 2564 47 75 fes
176 2564 25 75 it
217 2564 26 75 is
262 2564 139 75 evident,
427 2564 69 75 that
514 2596 11 49 t
525 2564 24 75 h
549 2596 20 49 e
585 2564 150 75 darknefs
760 2564 32 75 at
809 2564 58 75 our
884 2564 164 75 Saviour’s
1072 2564 72 75 cru-

113 2611 129 75 cifixion
260 2611 64 75 was
341 2611 229 75 fupeniatural.
635 2611 65 75 For
724 2611 41 75 he
783 2611 139 75 fuffered
943 2611 41 75 on
1010 2611 55 75 the
1081 2611 65 75 day

112 2657 42 75 on
172 2657 103 75 which
295 2657 56 75 the
366 2657 141 75 palfover
523 2657 64 75 was
604 2657 92 75 eaten
712 2657 44 75 by
779 2657 55 75 the
854 2657 101 75 Jews,
980 2657 42 75 on
1039 2657 106 75 which

112 2703 63 75 day
197 2703 25 75 it
239 2703 64 75 v/as
319 2703 171 75 impoffible
507 2703 71 75 that
600 2703 55 75 the
673 2703 122 75 moon’s
813 2703 127 75 fhadow
964 2703 95 75 could
1088 2703 55 75 fall

111 2751 43 75 on
170 2751 55 75 the
241 2751 113 75 earth;
382 2751 51 75 for
449 2751 56 75 the
522 2751 86 75 Jews
626 2751 77 75 kept
719 2751 56 75 the
791 2751 141 75 paffover
949 2751 32 75 at
997 2751 55 75 the
1068 2751 77 75 time

111 2797 40 75 of
162 2797 64 75 full
243 2797 96 75 moon
354 2797 9 75 :
391 2797 73 75 Nor
480 2797 77 75 does
576 2797 56 75 the
648 2797 150 75 darknefs
815 2797 33 75 in
864 2797 82 75 total
963 2797 129 75 eclipfes
1110 2797 40 75 of

111 2844 57 75 the
197 2844 55 75 fun
281 2844 57 75 laft
366 2844 101 75 above
492 2844 74 75 four
582 2844 134 75 minutes
733 2844 34 75 in
791 2844 61 75 any
868 2844 109 75 place;
1003 2844 142 75 whereas

109 2891 56 75 the
176 2891 149 75 darknefs
342 2891 32 75 at
391 2891 55 75 the
462 2891 189 75 crucifixion
667 2891 99 75 lafted
781 2891 91 75 three
888 2891 110 75 hours,
1017 2891 125 75 Matth.

110 2936 116 75 xxviii.
253 2936 54 75 15.
332 2936 63 75 and
418 2936 188 75 overfpread
630 2936 32 75 at
685 2936 76 75 leaft
789 2936 42 75 all
855 2936 55 75 the
925 2936 78 75 land
1023 2936 41 75 of
1085 2936 59 75 Ju-

110 2984 72 75 dea.

156 3032 97 75 Vol,
272 3032 31 75 I.
344 3032 125 75 Numb,
491 3032 58 75 21.

1031 3032 16 75 3

1259 114 43 75 N
1381 114 41 75 O
1502 114 49 75 M
1632 114 51 75 Y.

2159 114 81 75 485

1255 176 98 75 With
1370 176 114 75 regard
1501 176 35 75 to
1561 176 56 75 the
1638 176 134 75 method
1799 176 42 75 of
1860 176 195 75 calculating
2083 176 62 75 and
2173 176 75 75 pro”

1204 223 120 75 jedting
1342 223 142 75 eclipfes,
1509 223 49 75 we
1575 223 81 75 muft
1680 223 85 75 refer
1781 223 56 75 the
1855 223 113 75 reader
1984 223 35 75 to
2036 223 55 75 the
2107 223 142 75 aftrono-

1208 270 94 75 mical
1321 270 101 75 tables
1448 270 41 75 of
1510 270 58 75 Mr
1585 270 163 75 Fergufon
1773 270 60 75 and
1864 270 124 75 others.
2052 270 112 75 When
2192 270 57 75 the

1206 317 169 75 principles
1393 317 53 75 are
1461 317 183 75 explained,
1671 317 55 75 the
1743 317 190 75 application
1961 317 62 75 and
2052 317 53 75 life
2133 317 40 75 of
2193 317 56 75 the

1206 363 102 75 tables
1332 363 26 75 is
1376 363 19 75 a
1410 363 118 75 matter
1544 363 40 75 of
1595 363 92 75 fmall
1708 363 170 75 difficulty,
1904 363 62 75 and
1982 363 96 75 eafily
2094 363 155 75 acquired

1206 410 42 75 by
1266 410 18 75 a
1300 410 85 75 little
1401 410 149 75 pradtice.

1323 557 165 75 Chap.
1520 557 132 75 XVII.
1712 557 66 75 Of
1788 557 66 75 the
1859 557 121 75 fixed
1998 557 130 75 Stars.

1253 652 85 75 The
1369 652 77 75 ftars
1475 652 53 75 are
1552 652 67 75 faid
1643 652 35 75 to
1707 652 40 75 be
1774 652 102 75 fixed,
1901 652 134 75 becaufe
2062 652 79 75 they
2165 652 82 75 have

1204 698 78 75 been
1300 698 164 75 generally
1481 698 153 75 obferved
1663 698 35 75 to
1723 698 81 75 keep
1830 698 34 75 at
1890 698 57 75 the
1975 698 85 75 fame
2091 698 160 75 diftances

1204 745 84 75 from
1308 745 78 75 each
1405 745 94 75 other
1514 745 9 75 :
1550 745 86 75 their
1652 745 150 75 apparent
1819 745 126 75 diurnal
1971 745 198 75 revolutions
2190 745 58 75 be-

1204 792 55 75 ing
1276 792 114 75 caufed
1399 792 100 75 folely
1508 792 44 75 by
1562 792 54 75 the
1633 792 120 75 earth’s
1771 792 130 75 turning
1918 792 42 75 on
1978 792 42 75 its
2038 792 84 75 axis.
2147 792 101 75 They

1205 839 115 75 appear
1336 839 41 75 of
1388 839 19 75 a
1426 839 128 75 fenfible
1571 839 184 75 magnitude
1771 839 36 75 to
1834 839 55 75 the
1915 839 76 75 bare
2016 839 71 75 eye,
2112 839 135 75 becaufe

1205 886 55 75 the
1278 886 102 75 retina
1396 886 27 75 is
1440 886 135 75 affedted
1592 886 56 75 not
1666 886 75 75 only
1759 886 44 75 by
1819 886 55 75 the
1892 886 72 75 rays
1981 886 40 75 of
2033 886 83 75 light
2138 886 109 75 which

1205 933 53 75 are
1274 933 134 75 emitted
1425 933 135 75 diredtly
1577 933 85 75 from
1678 933 101 75 them,
1806 933 58 75 but
1892 933 43 75 by
1960 933 95 75 many
2071 933 175 75 thoufands

1204 980 102 75 more,
1332 980 118 75 which,
1476 980 113 75 falling
1616 980 86 75 upon
1726 980 60 75 our
1810 980 150 75 eye-lids,
1986 980 62 75 and
2075 980 86 75 upon
2189 980 62 75 the.

1205 1027 97 75 aerial
1320 1027 147 75 particles
1485 1027 98 75 about
1600 1027 49 75 us,
1677 1027 52 75 are
1758 1027 146 75 refledted
1926 1027 69 75 into
2026 1027 60 75 our
2114 1027 74 75 eyes
2211 1027 35 75 fo

1204 1073 141 75 ftrongly
1361 1073 34 75 as
1412 1073 35 75 to
1463 1073 108 75 excite
1590 1073 176 75 vibrations
1783 1073 57 75 not
1856 1073 78 75 only
1961 1073 32 75 in
2023 1073 91 75 thofe
2137 1073 109 75 points

1204 1120 39 75 of
1255 1120 56 75 the
1327 1120 103 75 retina
1446 1120 106 75 where
1570 1120 55 75 the
1643 1120 66 75 real
1725 1120 120 75 images
1858 1120 40 75 of
1910 1120 55 75 the
1982 1120 76 75 ftars
2072 1120 54 75 are
2144 1120 100 75 form-

1204 1168 52 75 ed,
1284 1168 58 75 but
1370 1168 65 75 alfo
1458 1168 31 75 in
1512 1168 95 75 other
1630 1168 106 75 points
1761 1168 33 75 at
1815 1168 86 75 fome
1925 1168 140 75 diftance
2090 1168 103 75 round
2210 1168 35 75 a-

1203 1214 97 75 bout.
1344 1214 86 75 This
1448 1214 107 75 makes
1574 1214 35 75 us
1627 1214 136 75 imagine
1781 1214 56 75 the
1859 1214 76 75 ftars
1953 1214 34 75 to
2005 1214 39 75 be
2061 1214 95 75 much
2173 1214 70 75 big-

1203 1260 56 75 ger
1277 1260 75 75 than
1365 1260 79 75 they
1460 1260 108 75 would
1585 1260 128 75 appear,
1737 1260 32 75 if
1780 1260 48 75 we
1848 1260 63 75 faw
1930 1260 88 75 them
2037 1260 76 75 only
2129 1260 44 75 by
2189 1260 57 75 the

1206 1308 63 75 few
1288 1308 72 75 rays
1379 1308 105 75 which
1502 1308 90 75 come
1610 1308 135 75 diredlly
1762 1308 85 75 from
1874 1308 101 75 them,
2001 1308 33 75 fo
2052 1308 33 75 as
2103 1308 34 75 to
2154 1308 91 75 enter

1202 1354 59 75 our
1280 1354 74 75 eyes
1375 1354 138 75 without
1541 1354 97 75 being
1667 1354 195 75 intermixed
1887 1354 78 75 with
1994 1354 122 75 others.
2167 1354 79 75 Any

1204 1401 59 75 one
1281 1401 74 75 may
1370 1401 40 75 be
1431 1401 130 75 fenfible
1585 1401 41 75 of
1637 1401 77 75 this,
1738 1401 44 75 by
1798 1401 134 75 looking
1948 1401 34 75 at
2005 1401 19 75 a
2040 1401 62 75 ftar
2125 1401 41 75 of
2188 1401 59 75 the

1203 1447 64 75 firft
1296 1447 184 75 magnitude
1508 1447 143 75 through
1676 1447 20 75 a
1719 1447 77 75 long
1828 1447 126 75 narrow
1982 1447 97 75 tube;
2123 1447 120 75 which,

1204 1494 122 75 though
1351 1494 26 75 it
1402 1494 89 75 takes
1520 1494 32 75 in
1578 1494 33 75 as
1643 1494 96 75 much
1769 1494 41 75 of
1831 1494 56 75 the
1912 1494 57 75 fky
1988 1494 32 75 as
2039 1494 109 75 would
2164 1494 81 75 hold

1203 1542 17 75 a
1236 1542 157 75 thoufand
1409 1542 77 75 fuch
1512 1542 90 75 ftars,
1628 1542 56 75 yet
1708 1542 107 75 fcarce
1842 1542 131 75 renders
2006 1542 73 75 that
2107 1542 62 75 one
2196 1542 47 75 vi-

1204 1588 88 75 fible.

1249 1635 77 75 The
1343 1635 88 75 more
1448 1635 19 75 a
1482 1635 157 75 telefcope
1667 1635 177 75 magnifies,
1870 1635 56 75 the
1951 1635 60 75 lefs
2027 1635 26 75 is
2071 1635 56 75 the
2152 1635 90 75 aper-

1204 1683 70 75 ture
1292 1683 142 75 through
1451 1683 106 75 which
1581 1683 56 75 the
1666 1683 60 75 ftar
1750 1683 26 75 is
1805 1683 92 75 feen;
1925 1683 63 75 and
2015 1683 230 75 confequently

1204 1729 55 75 the
1278 1729 99 75 fewer
1405 1729 71 75 rays
1504 1729 27 75 it
1556 1729 115 75 admits
1688 1729 69 75 into
1781 1729 56 75 the
1860 1729 71 75 eye.
1981 1729 89 75 Now
2086 1729 83 75 fince
2185 1729 58 75 the

1202 1776 76 75 ftars
1316 1776 115 75 appear
1459 1776 60 75 lefs
1546 1776 33 75 in
1607 1776 19 75 a
1653 1776 157 75 telefcope
1843 1776 105 75 which
1977 1776 164 75 magnifies
2170 1776 71 75 200

1201 1823 106 75 times,
1332 1823 79 75 than
1427 1823 77 75 they
1521 1823 44 75 do
1581 1823 36 75 to
1632 1823 55 75 the
1704 1823 75 75 bare
1796 1823 71 75 eye,
1893 1823 163 75 infomuch
2074 1823 71 75 that
2163 1823 79 75 they

1201 1870 82 75 feem
1301 1870 35 75 to
1354 1870 38 75 be
1408 1870 78 75 only
1501 1870 176 75 indivifible
1701 1870 120 75 points,
1846 1870 26 75 it
1889 1870 114 75 proves
2021 1870 32 75 at
2069 1870 81 75 once
2166 1870 73 75 that

1201 1917 55 75 the
1274 1917 76 75 ftars
1367 1917 53 75 are
1432 1917 33 75 at
1480 1917 150 75 immenfe
1645 1917 154 75 diftances
1816 1917 84 75 from
1918 1917 49 75 us,
1993 1917 64 75 and
2073 1917 71 75 that
2158 1917 84 75 they

1200 1964 85 75 ftiine
1301 1964 43 75 by
1360 1964 85 75 their
1460 1964 72 75 own
1549 1964 117 75 proper
1680 1964 95 75 light.
1826 1964 37 75 If
1886 1964 79 75 they
1992 1964 95 75 Atone
2104 1964 43 75 by
2164 1964 74 75 bor-

1201 2011 109 75 rowed
1331 2011 96 75 light,
1452 2011 79 75 they
1560 2011 107 75 would
1694 2011 40 75 be
1762 2011 34 75 as
1823 2011 142 75 invifible
1989 2011 137 75 without
2158 2011 82 75 tele-

1200 2058 107 75 fcopes
1324 2058 33 75 as
1375 2058 55 75 the
1449 2058 151 75 fatellites
1617 2058 40 75 of
1668 2058 128 75 Jupiter
1812 2058 72 75 are;
1911 2058 53 75 for
1979 2058 90 75 thefe
2085 2058 153 75 fatellites

1201 2103 116 75 appear
1333 2103 112 75 bigger
1460 2103 93 75 when
1570 2103 124 75 viewed
1710 2103 77 75 with
1812 2103 19 75 a
1858 2103 88 75 good
1973 2103 159 75 telefcope
2160 2103 88 75 titan,

1201 2150 55 75 the
1280 2150 115 75 large!!
1412 2150 87 75 fixed
1514 2150 77 75 ftars
1614 2150 56 75 do.

1247 2197 76 75 The
1335 2197 135 75 number
1481 2197 41 75 of
1528 2197 77 75 ftars
1618 2197 229 75 difcoverable,
1865 2197 31 75 in
1909 2197 104 75 either
2025 2197 212 75 hemifphere,

1200 2243 44 75 by
1260 2243 55 75 the
1337 2243 106 75 naked
1468 2243 71 75 eye,
1565 2243 27 75 is
1620 2243 57 75 not
1702 2243 100 75 above
1828 2243 19 75 a
1874 2243 169 75 thoufand.
2092 2243 87 75 This
2204 2243 35 75 at

1199 2289 64 75 firft
1278 2289 75 75 may
1369 2289 115 75 appear
1500 2289 186 75 incredible;
1700 2289 132 75 becaufe
1848 2289 78 75 they
1937 2289 84 75 feem
2032 2289 36 75 to
2085 2289 39 75 be
2142 2289 95 75 with-

1199 2337 57 75 out
1272 2337 155 75 number:
1454 2337 67 75 But
1538 2337 55 75 the
1610 2337 169 75 deception
1794 2337 94 75 arifes
1905 2337 85 75 from
2018 2337 60 75 our
2103 2337 135 75 looking

1198 2384 186 75 confufedly
1399 2384 86 75 upon
1501 2384 101 75 them,
1620 2384 138 75 without
1776 2384 153 75 reducing
1946 2384 88 75 them
2046 2384 69 75 into
2126 2384 109 75 order.

1197 2429 77 75 For,
1300 2429 78 75 look
1395 2429 57 75 but
1467 2429 162 75 ftedfaftly
1645 2429 85 75 upon
1758 2429 19 75 a
1803 2429 108 75 pretty
1939 2429 87 75 large
2055 2429 127 75 portion
2198 2429 42 75 of

1197 2476 55 75 the
1268 2476 67 75 Iky,
1361 2476 63 75 and
1441 2476 97 75 count
1555 2476 54 75 the
1634 2476 134 75 number
1795 2476 40 75 of
1857 2476 77 75 ftars
1958 2476 31 75 in
2014 2476 39 75 it,
2079 2476 62 75 and
2168 2476 66 75 you

1197 2522 65 75 will
1280 2522 38 75 be
1335 2522 157 75 furprifed
1508 2522 35 75 to
1559 2522 64 75 find
1641 2522 87 75 them
1745 2522 33 75 fo
1795 2522 76 75 few.
1932 2522 62 75 Or,
2020 2522 31 75 if
2068 2522 60 75 one
2156 2522 79 75 con-

1195 2570 95 75 fiders
1306 2570 76 75 how
1397 2570 122 75 feldom
1536 2570 54 75 the
1607 2570 96 75 moon
1719 2570 99 75 meets
1836 2570 78 75 with
1931 2570 62 75 any
2020 2570 77 75 ftars
2124 2570 32 75 in
2172 2570 62 75 her

1196 2616 82 75 way,
1305 2616 153 75 although
1477 2616 91 75 there
1585 2616 52 75 are
1666 2616 33 75 as
1729 2616 94 75 many
1839 2616 98 75 about
1953 2616 58 75 her
2032 2616 77 75 path
2137 2616 34 75 as
2198 2616 34 75 in

1195 2663 95 75 other
1311 2663 86 75 parts
1414 2663 41 75 of
1476 2663 54 75 the
1547 2663 149 75 heavens,
1722 2663 41 75 he
1791 2663 66 75 will
1884 2663 76 75 foon
1988 2663 40 75 be
2055 2663 177 75 convinced

1195 2710 71 75 that
1290 2710 55 75 the
1368 2710 77 75 ftars
1462 2710 53 75 are
1531 2710 94 75 much
1643 2710 128 75 thinner
1788 2710 85 75 fown
1894 2710 76 75 than
1986 2710 41 75 he
2050 2710 64 75 was
2127 2710 104 75 aware

1196 2756 47 75 of.
1292 2756 76 75 The
1385 2756 118 75 Britifii
1532 2756 178 75 catalogue,
1736 2756 117 75 which,
1879 2756 119 75 befides
2016 2756 56 75 the
2088 2756 77 75 ftars
2182 2756 47 75 vi-

1191 2803 80 75 .fible
1299 2803 34 75 to
1359 2803 55 75 the
1438 2803 75 75 bare
1539 2803 71 75 eye,
1634 2803 144 75 includes
1806 2803 20 75 a
1849 2803 92 75 great
1968 2803 134 75 number
2122 2803 107 75 which

1196 2850 115 75 cannot
1328 2850 39 75 be
1384 2850 71 75 feen
1473 2850 136 75 without
1627 2850 56 75 the
1700 2850 155 75 affiftance
1871 2850 40 75 of
1922 2850 18 75 a
1956 2850 170 75 telefcope,
2152 2850 76 75 con-

1195 2896 82 75 tains
1295 2896 40 75 no
1352 2896 88 75 more
1460 2896 76 75 than
1553 2896 91 75 three
1662 2896 169 75 thoufaud,
1857 2896 31 75 in
1906 2896 79 75 both
2002 2896 225 75 hcmifpheres.

1243 2945 47 75 As
1307 2945 48 75 we
1371 2945 80 75 have
1470 2945 238 75 incomparably
1725 2945 88 75 more
1828 2945 84 75 light
1937 2945 85 75 from
2048 2945 56 75 the
2131 2945 98 75 moon

1193 2992 78 75 than
1287 2992 83 75 from
1388 2992 43 75 all
1448 2992 63 75 the
1528 2992 77 75 ftars
1622 2992 161 75 together,
1809 2992 25 75 it
1850 2992 86 75 were
1952 2992 55 75 the
2023 2992 133 75 greateft
2174 2992 55 75 ab-

1649 3040 21 75 6
1694 3040 37 75 G

2107 3040 124 75 furdity
