2397 3387
568 168 231 75 BAH

207 239 283 75 BARRATRY,
515 239 32 75 in
574 239 75 75 law,
674 239 134 75 fignifies
833 239 56 75 the
907 239 180 75 fomenting
1104 239 144 75 quarrels

261 287 60 75 and
338 287 169 75 law-fuits.

211 333 233 75 Barratry,
471 333 32 75 in
524 333 19 75 a
559 333 212 75 fhip-mafter,
797 333 26 75 is
841 333 49 75 his
916 333 151 75 cheating
1086 333 56 75 the
1162 333 88 75 own-

258 380 62 75 ers.
349 380 36 75 If
396 380 102 75 goods
520 380 165 75 delivered
702 380 42 75 on
760 380 197 75 Ihip-board,
976 380 53 75 are
1047 380 202 75 embezzled,

259 427 43 75 all
327 427 55 75 the
397 427 152 75 mariners
567 427 103 75 ought
687 427 37 75 to
738 427 182 75 contribute
937 427 36 75 to
985 427 55 75 the
1058 427 194 75 fatisfaftion

257 473 40 75 of
306 473 56 75 the
380 473 92 75 party
489 473 71 75 that
576 473 59 75 loll
651 473 49 75 his
719 473 114 75 goods,
850 473 45 75 by
912 473 56 75 the
989 473 159 75 maritime
1163 473 85 75 law;

258 521 60 75 and
334 521 53 75 the
400 521 91 75 caufe
503 521 26 75 is
538 521 35 75 to
590 521 39 75 be
646 521 86 75 tried
750 521 30 75 in
796 521 55 75 the
865 521 184 75 admiralty.
1082 521 39 75 In
1134 521 19 75 a
1166 521 81 75 cafe,

256 568 107 75 where
381 568 18 75 a
415 568 66 75 Ihip
499 568 64 75 was
580 568 126 75 infitred
724 568 119 75 againft
871 568 56 75 the
956 568 147 75 barratry
1130 568 40 75 of
1194 568 57 75 the

255 614 125 75 mailer,
407 614 65 75 <bc.
498 614 63 75 and
577 614 57 75 the
647 614 78 75 jury
741 614 102 75 found
858 614 72 75 that
946 614 56 75 the
1018 614 67 75 Ihip
1103 614 63 75 was
1190 614 60 75 loll

256 663 43 75 by
317 663 55 75 the
389 663 95 75 fraud
500 663 60 75 and
579 663 184 75 negligence
788 663 41 75 of
849 663 57 75 the
930 663 127 75 mailer,
1082 663 56 75 the
1156 663 93 75 court

256 708 128 75 agreed,
402 708 72 75 that
486 708 57 75 the
554 708 95 75 fraud
661 708 65 75 was
742 708 160 75 barratry,
920 708 125 75 though
1062 708 57 75 not
1136 708 115 75 named

257 756 30 75 in
305 756 55 75 the
381 756 177 75 covenant;
584 756 58 75 but
659 756 72 75 that
747 756 183 75 negligence
950 756 66 75 was
1035 756 70 75 not.

207 802 381 75 BARREAUXAor/,
616 802 18 75 a
651 802 132 75 fortrefs
801 802 39 75 of
854 802 120 75 Savoy,
1000 802 117 75 having
1134 802 116 75 Mont-

256 849 114 75 melian
388 849 41 75 on
442 849 55 75 the
514 849 109 75 north,
650 849 63 75 and
726 849 169 75 Grenoble
913 849 40 75 on
971 849 56 75 the
1043 849 107 75 fouth,
1176 849 74 75 fitu-

257 896 73 75 ated
347 896 33 75 in
401 896 36 75 j°
459 896 51 75 30'
527 896 44 75 E.
592 896 91 75 long,
708 896 64 75 and
794 896 41 75 45
835 878 21 49 0
877 896 48 75 N.
943 896 59 75 lat.

209 944 213 75 BARREL,
458 944 34 75 in
521 944 192 75 commerce,
755 944 19 75 a
801 944 106 75 round
933 944 107 75 veffel,
1076 944 178 75 extending

257 990 88 75 more
361 990 33 75 in
422 990 112 75 length
562 990 77 75 than
667 990 33 75 in
731 990 149 75 breadth,
904 990 93 75 made
1025 990 41 75 of
1084 990 108 75 wood,
1218 990 33 75 in

258 1035 85 75 form
359 1035 40 75 of
411 1035 18 75 a
444 1035 86 75 little
547 1035 70 75 tun.
668 1035 62 75 See
745 1035 104 75 Tun.

304 1083 31 75 It
351 1083 105 75 ferves
473 1083 52 75 for
549 1083 135 75 holding
703 1083 120 75 feveral
846 1083 82 75 forts
952 1083 41 75 of
1011 1083 239 75 merchandize.

304 1130 114 75 Barrel
434 1130 27 75 is
478 1130 65 75 alfo
569 1130 19 75 a
615 1130 143 75 meafure
784 1130 39 75 of
840 1130 134 75 liquids.
1025 1130 77 75 The
1118 1130 134 75 Englilh

255 1177 122 75 barrel,
402 1177 254 75 wine-meafure,
681 1177 144 75 contains
854 1177 56 75 the
935 1177 111 75 eighth
1075 1177 72 75 part
1170 1177 42 75 of
1234 1177 19 75 a

256 1224 70 75 tun,
345 1224 54 75 tbe
411 1224 112 75 fourth
540 1224 73 75 part
629 1224 41 75 of
685 1224 19 75 a
720 1224 84 75 pipe,
822 1224 64 75 and
902 1224 61 75 one
979 1224 76 75 half
1065 1224 43 75 of
1119 1224 20 75 a
1154 1224 95 75 hogf-

255 1271 83 75 head
352 1271 10 75 ;
390 1271 71 75 that
487 1271 26 75 is
540 1271 35 75 to
593 1271 67 75 fay,
687 1271 26 75 it
742 1271 145 75 contains
914 1271 183 75 thirty-one
1126 1271 125 75 gallons

255 1318 63 75 and
343 1318 17 75 a
376 1318 88 75 half:
494 1318 33 75 A
551 1318 118 75 barrel,
697 1318 248 75 beer-meafure,
971 1318 143 75 contains
1133 1318 118 75 thirty-

256 1364 47 75 lix
336 1364 124 75 gallons
484 1364 11 75 ;
538 1364 76 75 and,
646 1364 220 75 ale-meafure,
900 1364 187 75 thirty-two
1112 1364 138 75 gallons.

255 1412 77 75 The
357 1412 103 75 barrel
488 1412 40 75 of
546 1412 88 75 beer,
658 1412 143 75 vinegar,
827 1412 38 75 or
884 1412 109 75 liquor
1011 1412 168 75 preparing
1196 1412 53 75 for

255 1458 141 75 vinegar,
422 1458 102 75 ought
540 1458 36 75 to
593 1458 128 75 contain
738 1458 194 75 thirty-four
956 1458 137 75 gallons,
1119 1458 132 75 accord-

256 1505 54 75 ing
327 1505 35 75 to
379 1505 56 75 the
452 1505 148 75 llandard
616 1505 41 75 of
668 1505 56 75 the
741 1505 49 75 ale
808 1505 109 75 quart.

208 1552 159 75 Barrel
386 1552 65 75 alfo
468 1552 133 75 denotes
630 1552 19 75 a
676 1552 122 75 certain
826 1552 119 75 weight
969 1552 41 75 of
1028 1552 120 75 feveral
1166 1552 83 75 mer-

256 1598 186 75 chandizes,
467 1598 106 75 which
585 1598 112 75 differs
715 1598 171 75 according
902 1598 35 75 to
953 1598 57 75 the
1025 1598 119 75 feveral
1162 1598 88 75 com-

255 1646 148 75 modities
414 1646 9 75 :
452 1646 32 75 A
508 1646 105 75 barrel
630 1646 40 75 of
681 1646 100 75 Effex
796 1646 110 75 butter
931 1646 120 75 weighs
1079 1646 61 75 one
1167 1646 83 75 hun-

256 1692 81 75 dred
353 1692 64 75 and
427 1692 47 75 fix
491 1692 122 75 pounds
629 1692 10 75 ;
666 1692 63 75 and
745 1692 41 75 of
798 1692 129 75 Suffolk
938 1692 121 75 butter,
1086 1692 65 75 two
1167 1692 83 75 hun-

257 1739 148 75 hundred
422 1739 64 75 and
502 1739 138 75 fifty-fix
656 1739 138 75 pounds.
838 1739 77 75 The
933 1739 104 75 barrel
1054 1739 39 75 of
1105 1739 146 75 herrings

255 1786 103 75 ought
384 1786 36 75 to
451 1786 127 75 contain
609 1786 105 75 thirty
730 1786 66 75 two
824 1786 125 75 gallons
981 1786 82 75 wine
1092 1786 155 75 meafure,

256 1832 106 75 which
380 1832 131 75 amount
527 1832 34 75 to
578 1832 99 75 about
693 1832 227 75 twenty-eight
932 1832 124 75 gallons
1072 1832 57 75 old
1145 1832 104 75 fland-

256 1879 70 75 ard,
352 1879 182 75 containing
550 1879 98 75 about
665 1879 20 75 a
700 1879 157 75 thoufand
874 1879 159 75 herrings.
1081 1879 77 75 The
1175 1879 74 75 bar-

258 1925 45 75 rel
321 1925 36 75 of
371 1925 120 75 falmon
523 1925 80 75 mud
631 1925 126 75 contain
787 1925 172 75 forty-two
986 1925 137 75 gallons.
1171 1925 78 75 The

256 1972 107 75 barrel
391 1972 40 75 of
453 1972 66 75 eels
547 1972 56 75 the
630 1972 97 75 fame.
775 1972 77 75 The
879 1972 106 75 barrel
1006 1972 41 75 of
1067 1972 75 75 foap
1169 1972 82 75 mufl

258 2018 105 75 weigh
379 2018 67 75 two
458 2018 147 75 hundred
621 2018 63 75 and
700 2018 136 75 fifty-fix
852 2018 137 75 pounds.

211 2066 173 75 Barrel,
409 2066 33 75 in
464 2066 192 75 mechanics,
682 2066 20 75 a
726 2066 82 75 term
829 2066 92 75 given
938 2066 44 75 by
998 2066 249 75 watch-makers

254 2112 38 75 to
318 2112 54 75 the
388 2112 143 75 cylinder
548 2112 97 75 about
669 2112 105 75 which
798 2112 56 75 the
881 2112 106 75 fpring
1014 2112 27 75 is
1069 2112 152 75 wrapped
1235 2112 9 75 :

258 2159 78 75 And
358 2159 44 75 by
429 2159 194 75 gun-fmiths
640 2159 35 75 to
691 2159 56 75 the
765 2159 185 75 cylindrical
967 2159 75 75 tube
1066 2159 40 75 of
1125 2159 19 75 a
1171 2159 76 75 gun,

260 2206 104 75 piflol,
391 2206 64 75 <bc.
482 2206 142 75 through
640 2206 106 75 which
760 2206 54 75 the
826 2206 65 75 ball
908 2206 27 75 is
952 2206 201 75 difcharged.

212 2252 173 75 Barrel,
410 2252 33 75 in
461 2252 162 75 anatomy,
648 2252 19 75 a
694 2252 110 75 pretty
831 2252 88 75 large
936 2252 105 75 cavity
1058 2252 119 75 behind
1193 2252 56 75 the

259 2298 186 75 tympanum
460 2298 39 75 of
511 2298 56 75 the
583 2298 67 75 ear,
676 2298 99 75 about
802 2298 75 75 four
900 2298 38 75 or
961 2298 62 75 five
1045 2298 79 75 lines
1152 2298 96 75 deep,

261 2345 61 75 and
339 2345 60 75 five
416 2345 38 75 or
471 2345 46 75 fix
533 2345 97 75 wide.

213 2391 210 75 Thundering
451 2391 198 75 Barrels,'
678 2391 32 75 in
737 2391 56 75 the
821 2391 142 75 military
991 2391 62 75 art,
1079 2391 54 75 are
1160 2391 90 75 filled

263 2439 78 75 with
371 2439 127 75 bombs,
524 2439 168 75 grenades,
717 2439 63 75 and
807 2439 94 75 other
928 2439 193 75 fire-works,
1147 2439 37 75 to
1209 2439 41 75 be

263 2485 103 75 rolled
381 2485 94 75 down
494 2485 17 75 a
527 2485 130 75 breach,

214 2531 335 75 BARRENNESS,
575 2531 54 75 the
652 2531 84 75 fame
760 2531 78 75 with
864 2531 146 75 flerility.
1076 2531 62 75 See
1156 2531 93 75 Ste-

268 2579 159 75 rility.-

215 2625 247 75 BARRERA,
487 2625 33 75 in
536 2625 134 75 botany,
696 2625 19 75 a
730 2625 98 75 genus
846 2625 41 75 of
898 2625 55 75 the
970 2625 187 75 pentandria
1173 2625 77 75 pen-

265 2672 130 75 tagynia
412 2672 89 75 clafs.
550 2672 76 75 The
643 2672 85 75 calix
745 2672 56 75 has
830 2672 61 75 five
918 2672 160 75 divifions,
1104 2672 63 75 and
1194 2672 56 75 the

262 2719 102 75 petals
381 2719 72 75 five,
480 2719 79 75 with
587 2719 77 75 long
691 2719 130 75 filiform
848 2719 109 75 claws.
1005 2719 113 75 There
1142 2719 27 75 is
1190 2719 59 75 but

261 2765 60 75 one
339 2765 129 75 fpecies,
493 2765 70 75 viz.
586 2765 55 75 the
658 2765 150 75 capenfis,
834 2765 19 75 a
868 2765 107 75 native
990 2765 40 75 of
1042 2765 180 75 ^Ethiopia.

216 2816 165 75 BARRI,
407 2816 19 75 ^
448 2816 66 75 city
531 2816 39 75 of
583 2816 54 75 the
654 2816 154 75 kingdom
828 2816 40 75 of
890 2816 135 75 Naples,
1055 2816 62 75 and
1134 2816 114 75 capital

264 2862 40 75 of
325 2862 19 75 a
360 2862 148 75 province
526 2862 40 75 of
583 2862 55 75 the
663 2862 83 75 fame
763 2862 103 75 name,
890 2862 136 75 fituated
1050 2862 40 75 on
1108 2862 55 75 the
1179 2862 76 75 gulf

264 2905 39 75 of
314 2905 135 75 Venice,
475 2905 31 75 in
528 2905 62 75 17°
611 2905 56 75 40'
683 2905 44 75 E.
744 2905 89 75 long,
859 2905 63 75 and
939 2905 62 75 40°
1020 2905 56 75 40'
1100 2905 48 75 N.
1166 2905 58 75 lat.

213 2951 299 75 BARRICADE,
529 2951 28 75 "a
577 2951 131 75 warlike
724 2951 144 75 defence,
893 2951 165 75 confiding
1080 2951 40 75 of
1139 2951 110 75 empty

258 2999 119 75 barrels
395 2999 62 75 and
474 2999 75 75 fuch
564 2999 65 75 like
646 2999 122 75 veffels,
793 2999 86 75 filled
899 2999 78 75 with
1000 2999 105 75 earth,
1129 2999 117 75 dones,

257 3047 99 75 carts,
381 3047 83 75 trees
487 3047 53 75 cut
558 3047 108 75 down,
693 3047 117 75 againd
827 3047 39 75 an
883 3047 140 75 enemy’s
1041 3047 82 75 fhot,
1147 3047 38 75 or
1201 3047 46 75 af-

1739 169 36 75 R
1835 169 42 75 A
1935 169 38 75 R

1347 237 106 75 fault;
1479 237 59 75 but
1562 237 166 75 generally
1743 237 85 75 trees
1845 237 54 75 cut
1924 237 81 75 with
2030 237 47 75 fix
2101 237 100 75 faces,
2231 237 104 75 which

1349 285 53 75 are
1419 285 122 75 eroded
1554 285 77 75 with
1651 285 148 75 battoons
1817 285 33 75 as
1862 285 78 75 long
1955 285 34 75 as
2007 285 17 75 a
2041 285 171 75 half-pike,
2230 285 108 75 bound

1348 330 97 75 about
1461 330 80 75 with
1554 330 70 75 iron
1641 330 33 75 at
1691 330 55 75 the
1762 330 78 75 feet.

1300 379 230 75 BARRIER,
1555 379 33 75 in
1604 379 223 75 fortification,
1853 379 18 75 a
1887 379 80 75 kind
1983 379 41 75 of
2045 379 92 75 fence
2154 379 93 75 made
2271 379 32 75 at
2320 379 19 75 a

1347 425 136 75 pafiage,
1508 425 250 75 retrenchment,
1785 425 66 75 <fac.
1878 425 35 75 to
1926 425 67 75 dop
2006 425 41 75 up
2059 425 55 75 the
2126 425 94 75 entry
2231 425 107 75 there-

1349 472 46 75 of,
1422 472 63 75 and
1500 472 27 75 is
1541 472 170 75 compofed
1727 472 41 75 of
1779 472 90 75 great
1885 472 113 75 dakes,
2025 472 97 75 about
2139 472 73 75 four
2225 472 37 75 or
2278 472 60 75 five

1347 518 64 75 feet
1428 518 91 75 high,
1544 518 114 75 placed
1682 518 32 75 at
1739 518 56 75 the
1819 518 137 75 didance
1978 518 40 75 of
2038 518 88 75 eight
2143 518 38 75 or
2200 518 54 75 ten
2272 518 66 75 feet

1347 565 84 75 from
1464 565 60 75 one
1556 565 148 75 another,
1743 565 79 75 with
1851 565 168 75 tranfums,
2057 565 37 75 or
2122 565 214 75 over-thwart

1347 613 129 75 rafters,
1502 613 36 75 to
1554 613 67 75 dop
1638 613 104 75 either
1757 613 93 75 horfe
1866 613 37 75 or
1922 613 85 75 foot,
2030 613 73 75 that
2126 613 108 75 would
2247 613 90 75 enter

1346 659 37 75 or
1401 659 70 75 rufii
1484 659 32 75 in
1533 659 79 75 with
1629 659 145 75 violence
1789 659 8 75 :
1826 659 38 75 In
1881 659 55 75 the
1954 659 120 75 middle
2091 659 27 75 is
2136 659 19 75 a
2171 659 166 75 moveable

1347 706 57 75 bar
1416 706 40 75 of
1469 706 106 75 wood,
1601 706 70 75 that
1683 706 98 75 opens
1794 706 63 75 and
1870 706 86 75 fhuts
1969 706 33 75 at
2014 706 157 75 pleafure.
2221 706 33 75 A
2266 706 71 75 bar-

1347 752 62 75 rier
1426 752 25 75 is
1469 752 184 75 commonly
1669 752 47 75 fet
1736 752 42 75 up
1803 752 32 75 in
1852 752 19 75 a
1886 752 77 75 void
1990 752 104 75 fpace,
2120 752 144 75 between
2281 752 57 75 the

1348 800 114 75 citadel
1480 800 61 75 and
1558 800 55 75 the
1629 800 101 75 town,
1756 800 30 75 in
1804 800 74 75 half
1889 800 126 75 moons,
2042 800 65 75 <bc.

1300 847 179 75 Barrier
1497 847 57 75 has
1572 847 81 75 been
1668 847 66 75 alfo
1750 847 77 75 ufed
1843 847 35 75 to
1894 847 115 75 fignify
2022 847 18 75 a
2051 847 127 75 martial
2194 847 145 75 exercife

1348 893 40 75 of
1399 893 109 75 armed
1526 893 84 75 men,
1635 893 136 75 fighting
1795 893 149 75 together
1960 893 81 75 with
2065 893 135 75 fwords,
2225 893 113 75 within

1348 941 75 75 rails
1441 941 37 75 or
1494 941 87 75 bars,
1607 941 106 75 which
1729 941 141 75 inclofed
1886 941 102 75 them.

1302 988 223 75 BARRING
1543 988 20 75 a
1580 988 87 75 vein,
1693 988 33 75 in
1741 988 149 75 farriery,
1915 988 39 75 an
1972 988 165 75 operation
2154 988 186 75 performed

1351 1034 84 75 upon
1448 1034 55 75 the
1519 1034 88 75 veins
1620 1034 40 75 of
1671 1034 19 75 a
1704 1034 122 75 horfe’s
1842 1034 81 75 legs,
1948 1034 63 75 and
2022 1034 96 75 other
2132 1034 87 75 parts
2236 1034 40 75 of
2287 1034 52 75 his

1349 1081 100 75 body,
1474 1081 81 75 with
1576 1081 103 75 intent
1706 1081 36 75 to
1758 1081 68 75 dop
1851 1081 56 75 the
1930 1081 123 75 courfe,
2079 1081 61 75 and
2165 1081 94 75 lefien
2283 1081 55 75 the

1350 1128 148 75 quantity
1514 1128 40 75 of
1565 1128 56 75 the
1640 1128 176 75 malignant
1834 1128 155 75 humours
2007 1128 70 75 that
2093 1128 120 75 prevail
2231 1128 106 75 there.

1301 1175 292 75 BARRISTER,
1618 1175 33 75 in
1668 1175 147 75 common
1832 1175 73 75 law,
1931 1175 19 75 a
1966 1175 112 75 perfon
2092 1175 164 75 qualified,
2275 1175 64 75 and

1348 1222 195 75 impowered
1559 1222 35 75 to
1610 1222 93 75 plead
1721 1222 62 75 and
1799 1222 119 75 defend
1934 1222 57 75 the
2003 1222 91 75 caufe
2110 1222 41 75 of
2162 1222 130 75 clients,
2306 1222 32 75 in

1348 1267 55 75 the
1421 1267 108 75 courts
1541 1267 40 75 of
1589 1267 126 75 judice.
1763 1267 100 75 They
1875 1267 54 75 are
1941 1267 41 75 of
1993 1267 66 75 two
2070 1267 95 75 forts,
2190 1267 56 75 the
2263 1267 73 75 out-

1348 1314 102 75 ward,
1476 1314 37 75 or
1530 1314 285 75 outer-barriders,
1841 1314 87 75 who,
1952 1314 42 75 by
2006 1314 83 75 their
2100 1314 78 75 long
2190 1314 91 75 dudy
2301 1314 33 75 in

1350 1361 62 75 and
1441 1361 190 75 knowledge
1648 1361 40 75 of
1699 1361 55 75 the
1770 1361 76 75 law,
1874 1361 107 75 which
1997 1361 80 75 mud
2095 1361 40 75 be
2151 1361 51 75 for
2219 1361 19 75 a
2254 1361 82 75 term

1349 1408 40 75 of
1408 1408 91 75 feven
1522 1408 92 75 years
1635 1408 31 75 at
1684 1408 88 75 lead,
1798 1408 54 75 are
1872 1408 105 75 called
1995 1408 35 75 to
2055 1408 107 75 public
2187 1408 147 75 praftice,

1350 1455 61 75 and
1429 1455 119 75 always
1565 1455 95 75 plead
1676 1455 138 75 without
1831 1455 55 75 the
1904 1455 69 75 bar.

1395 1502 77 75 The
1496 1502 272 75 inner-barriders
1793 1502 54 75 are
1871 1502 102 75 thofe,
1999 1502 87 75 who,
2111 1502 132 75 becaufe
2258 1502 80 75 they

1349 1549 53 75 are
1423 1549 104 75 either
1547 1549 161 75 attorney,
1733 1549 166 75 follicitor,
1923 1549 150 75 ferjeant,
2103 1549 37 75 or
2160 1549 123 75 council
2301 1549 36 75 to

1349 1595 55 75 the
1420 1595 89 75 king,
1536 1595 53 75 are
1609 1595 150 75 allowed,
1777 1595 57 75 out
1851 1595 40 75 of
1902 1595 132 75 refpeifl,
2059 1595 57 75 the
2132 1595 153 75 privilege
2302 1595 41 75 of

1349 1642 149 75 pleading
1514 1642 112 75 within
1643 1642 56 75 the
1715 1642 70 75 bar.
1834 1642 67 75 But
1919 1642 33 75 at
1975 1642 56 75 the
2054 1642 92 75 rolls,
2171 1642 63 75 and
2251 1642 86 75 fome

1350 1689 92 75 other
1458 1689 133 75 inferior
1607 1689 123 75 courts,
1756 1689 43 75 all
1815 1689 165 75 barriders
1996 1689 55 75 are
2067 1689 156 75 admitted
2240 1689 95 75 with-

1349 1736 31 75 in
1398 1736 55 75 the
1470 1736 70 75 bar.

1396 1783 185 75 Barriders,
1605 1783 34 75 in
1651 1783 56 75 the
1724 1783 132 75 Englidi
1873 1783 91 75 laws,
1988 1783 130 75 amount
2134 1783 35 75 to
2181 1783 56 75 the
2253 1783 84 75 fame

1347 1829 78 75 with
1442 1829 178 75 licentiates
1638 1829 64 75 and
1726 1829 170 75 advocates
1919 1829 32 75 in
1971 1829 96 75 other
2081 1829 174 75 countries,
2273 1829 64 75 and

1349 1876 121 75 courts,
1496 1876 107 75 where
1615 1876 55 75 the
1688 1876 86 75 civil,
1794 1876 65 75 foe.
1884 1876 79 75 laws
1975 1876 122 75 obtain.

1299 1922 228 75 BARROW,
1553 1922 32 75 in
1610 1922 56 75 the
1690 1922 196 75 falt-works,
1911 1922 235 75 wicker-cafes,
2175 1922 111 75 almod
2303 1922 31 75 in

1346 1968 56 75 the
1425 1968 94 75 fliape
1542 1968 40 75 of
1602 1968 18 75 a
1646 1968 189 75 fugar-loaf,
1860 1968 142 75 wherein
2026 1968 56 75 the
2106 1968 59 75 fait
2181 1968 28 75 is
2225 1968 57 75 put
2300 1968 35 75 to

1347 2014 102 75 drain.

1300 2062 281 75 BARRULET,
1605 2062 32 75 in
1654 2062 165 75 heraldry,
1844 2062 56 75 the
1917 2062 111 75 fourth
2045 2062 72 75 part
2133 2062 40 75 of
2192 2062 55 75 the
2264 2062 69 75 bar,

1348 2108 37 75 or
1407 2108 56 75 the
1480 2108 60 75 one
1567 2108 75 75 half
1663 2108 40 75 of
1725 2108 56 75 the
1808 2108 109 75 cloflet
1933 2108 9 75 :
1976 2108 56 75 An
2048 2108 87 75 ulual
2152 2108 130 75 bearing
2301 2108 34 75 in

1349 2156 230 75 coat-armour.

1301 2203 246 75 BARRULY,
1573 2203 30 75 in
1623 2203 165 75 heraldry,
1813 2203 26 75 is
1865 2203 93 75 when
1982 2203 56 75 the
2062 2203 77 75 field
2161 2203 26 75 is
2203 2203 131 75 divided

1347 2249 174 75 bar-ways,
1545 2249 72 75 that
1632 2249 27 75 is
1676 2249 104 75 acrofs
1796 2249 85 75 from
1898 2249 62 75 fide
1977 2249 35 75 to
2027 2249 77 75 fide,
2128 2249 69 75 into
2214 2249 120 75 feveral

1349 2296 99 75 parts.
1499 2296 62 75 See
1578 2296 93 75 Plate
1688 2296 62 75 LI.
1768 2296 56 75 fig.
1845 2296 32 75 7.

1301 2343 176 75 BARRY,
1502 2343 31 75 in
1547 2343 164 75 heraldry,
1736 2343 27 75 is
1780 2343 93 75 when
1890 2343 38 75 an
1946 2343 188 75 efcutcheon
2159 2343 27 75 is
2201 2343 132 75 divided

1349 2389 172 75 bar-ways,
1539 2389 75 75 that
1625 2389 40 75 is,
1679 2389 104 75 acrofs
1799 2389 85 75 from
1896 2389 62 75 fide
1976 2389 35 75 to
2022 2389 75 75 fide,
2115 2389 70 75 into
2200 2389 39 75 an
2252 2389 80 75 even

1349 2436 132 75 number
1497 2436 40 75 of
1555 2436 181 75 partitions,
1761 2436 164 75 confiding
1937 2436 45 75 of
1999 2436 67 75 two
2082 2436 38 75 or
2143 2436 88 75 more
2252 2436 81 75 tinc-

1348 2483 99 75 tures,
1472 2483 281 75 interchangeably
1769 2483 144 75 difpofed
1927 2483 9 75 :
1963 2483 31 75 It
2010 2483 26 75 is
2054 2483 35 75 to
2112 2483 39 75 be
2167 2483 167 75 exprelfed

1348 2529 31 75 in
1396 2529 56 75 the
1468 2529 116 75 blazon
1610 2529 42 75 by
1669 2529 55 75 the
1749 2529 92 75 word
1858 2529 108 75 harry,
1991 2529 62 75 and
2070 2529 55 75 the
2149 2529 132 75 number
2298 2529 41 75 of

1349 2575 102 75 pieces
1468 2575 80 75 mud
1570 2575 42 75 be
1635 2575 147 75 fpecified
1796 2575 10 75 ;
1814 2575 6 75 ’
1832 2575 58 75 but
1907 2575 30 75 if
1955 2575 55 75 the
2026 2575 146 75 divifions
2189 2575 40 75 be
2252 2575 79 75 odd,

1348 2622 56 75 the
1419 2622 75 75 field
1510 2622 79 75 mud
1612 2622 39 75 be
1667 2622 65 75 fird
1748 2622 126 75 named,
1900 2622 63 75 and
1979 2622 55 75 the
2050 2622 135 75 number
2200 2622 41 75 of
2259 2622 73 75 bars

1347 2669 178 75 exprefled.

1301 2716 283 75 Barry-bendy
1602 2716 28 75 is
1646 2716 92 75 when
1756 2716 38 75 an
1808 2716 188 75 efcutcheon
2014 2716 26 75 is
2057 2716 131 75 divided
2204 2716 125 75 evenly,

1349 2762 58 75 bar
1422 2762 62 75 and
1500 2762 200 75 bend-ways,
1725 2762 43 75 by
1778 2762 81 75 lines
1871 2762 110 75 drawn
1997 2762 171 75 tranfverfe
2185 2762 63 75 and
2264 2762 67 75 dia-

1347 2810 108 75 gonal,
1479 2810 281 75 interchangeably
1775 2810 134 75 varying
1925 2810 55 75 the
1996 2810 151 75 timflures
2163 2810 40 75 of
2226 2810 104 75 which

1348 2856 25 75 it
1390 2856 139 75 confids.
1580 2856 62 75 See
1658 2856 93 75 Plate
1770 2856 62 75 LI.
1852 2856 55 75 fig.
1925 2856 35 75 8.

1301 2903 246 75 Barry-pily
1566 2903 26 75 is
1610 2903 92 75 when
1727 2903 19 75 a
1762 2903 72 75 coat
1861 2903 27 75 is
1904 2903 129 75 divided
2057 2903 43 75 by
2117 2903 118 75 feveral
2251 2903 80 75 lines

1350 2949 110 75 drawn
1484 2949 167 75 obliquely
1665 2949 85 75 from
1777 2949 63 75 fide
1863 2949 36 75 to
1920 2949 75 75 fide,
2020 2949 108 75 where
2153 2949 78 75 they
2246 2949 85 75 form

1349 2995 91 75 acute
1457 2995 120 75 angles.

1300 3043 212 75 BARTER,
1538 3043 36 75 or
1589 3043 158 75 Truck,
1771 3043 27 75 is
1819 3043 55 75 the
1890 3043 200 75 exchanging
2107 3043 40 75 of
2165 3043 60 75 one
2242 3043 86 75 com-

2205 3087 125 75 modity

1146 185 19 75 (
1224 185 87 75 5M
1370 185 17 75 )
