<?xml version="1.0" encoding="UTF-8"?>
<alto xmlns="http://www.loc.gov/standards/alto/v3/alto.xsd"><Description><MeasurementUnit>pixel</MeasurementUnit><sourceImageInformation><fileName>./data/pdfs/c_188936619/i_144133901/188082693.23.pdf</fileName></sourceImageInformation><OCRProcessing ID="IdOcr"><ocrProcessingStep><processingDateTime>Fri Jul 12 10:37:43 2019
</processingDateTime><processingSoftware><softwareCreator>CONTRIBUTORS</softwareCreator><softwareName>pdfalto</softwareName><softwareVersion>0.1</softwareVersion></processingSoftware></ocrProcessingStep></OCRProcessing></Description><Styles><TextStyle ID="font0" FONTFAMILY="times" FONTSIZE="10.000" FONTTYPE="serif" FONTWIDTH="proportional" FONTCOLOR="#WWWWWW" FONTSTYLE=""/></Styles><Layout><Page ID="Page421" PHYSICAL_IMG_NR="421" WIDTH="2488" HEIGHT="3377"><PrintSpace><TextLine WIDTH="1094" HEIGHT="75" ID="p421_t1" HPOS="600" VPOS="86"><String ID="p421_w1" CONTENT="ARCHITECTURE." HPOS="600" VPOS="86" WIDTH="1094" HEIGHT="75" STYLEREFS="font0"/></TextLine><TextLine WIDTH="1036" HEIGHT="75" ID="p421_t2" HPOS="136" VPOS="166"><String ID="p421_w2" CONTENT="caufe," HPOS="136" VPOS="166" WIDTH="105" HEIGHT="75" STYLEREFS="font0"/><SP WIDTH="24" VPOS="166" HPOS="241"/><String ID="p421_w3" CONTENT="when" HPOS="265" VPOS="166" WIDTH="93" HEIGHT="75" STYLEREFS="font0"/><SP WIDTH="16" VPOS="166" HPOS="358"/><String ID="p421_w4" CONTENT="they" HPOS="374" VPOS="166" WIDTH="79" HEIGHT="75" STYLEREFS="font0"/><SP WIDTH="15" VPOS="166" HPOS="453"/><String ID="p421_w5" CONTENT="are" HPOS="468" VPOS="166" WIDTH="55" HEIGHT="75" STYLEREFS="font0"/><SP WIDTH="20" VPOS="166" HPOS="523"/><String ID="p421_w6" CONTENT="nearer" HPOS="543" VPOS="166" WIDTH="112" HEIGHT="75" STYLEREFS="font0"/><SP WIDTH="23" VPOS="166" HPOS="655"/><String ID="p421_w7" CONTENT="each" HPOS="678" VPOS="166" WIDTH="80" HEIGHT="75" STYLEREFS="font0"/><SP WIDTH="17" VPOS="166" HPOS="758"/><String ID="p421_w8" CONTENT="other" HPOS="775" VPOS="166" WIDTH="94" HEIGHT="75" STYLEREFS="font0"/><SP WIDTH="18" VPOS="166" HPOS="869"/><String ID="p421_w9" CONTENT="than" HPOS="887" VPOS="166" WIDTH="77" HEIGHT="75" STYLEREFS="font0"/><SP WIDTH="17" VPOS="166" HPOS="964"/><String ID="p421_w10" CONTENT="three" HPOS="981" VPOS="166" WIDTH="91" HEIGHT="75" STYLEREFS="font0"/><SP WIDTH="22" VPOS="166" HPOS="1072"/><String ID="p421_w11" CONTENT="feet," HPOS="1094" VPOS="166" WIDTH="78" HEIGHT="75" STYLEREFS="font0"/></TextLine><TextLine WIDTH="1039" HEIGHT="75" ID="p421_t3" HPOS="136" VPOS="214"><String ID="p421_w12" CONTENT="there" HPOS="136" VPOS="214" WIDTH="92" HEIGHT="75" STYLEREFS="font0"/><SP WIDTH="15" VPOS="214" HPOS="228"/><String ID="p421_w13" CONTENT="is" HPOS="243" VPOS="214" WIDTH="27" HEIGHT="75" STYLEREFS="font0"/><SP WIDTH="17" VPOS="214" HPOS="270"/><String ID="p421_w14" CONTENT="hardly" HPOS="287" VPOS="214" WIDTH="116" HEIGHT="75" STYLEREFS="font0"/><SP WIDTH="15" VPOS="214" HPOS="403"/><String ID="p421_w15" CONTENT="room" HPOS="418" VPOS="214" WIDTH="93" HEIGHT="75" STYLEREFS="font0"/><SP WIDTH="16" VPOS="214" HPOS="511"/><String ID="p421_w16" CONTENT="for" HPOS="527" VPOS="214" WIDTH="52" HEIGHT="75" STYLEREFS="font0"/><SP WIDTH="16" VPOS="214" HPOS="579"/><String ID="p421_w17" CONTENT="a" HPOS="595" VPOS="214" WIDTH="20" HEIGHT="75" STYLEREFS="font0"/><SP WIDTH="14" VPOS="214" HPOS="615"/><String ID="p421_w18" CONTENT="bulky" HPOS="629" VPOS="214" WIDTH="101" HEIGHT="75" STYLEREFS="font0"/><SP WIDTH="17" VPOS="214" HPOS="730"/><String ID="p421_w19" CONTENT="perfon" HPOS="747" VPOS="214" WIDTH="112" HEIGHT="75" STYLEREFS="font0"/><SP WIDTH="18" VPOS="214" HPOS="859"/><String ID="p421_w20" CONTENT="to" HPOS="877" VPOS="214" WIDTH="38" HEIGHT="75" STYLEREFS="font0"/><SP WIDTH="15" VPOS="214" HPOS="915"/><String ID="p421_w21" CONTENT="pafs" HPOS="930" VPOS="214" WIDTH="73" HEIGHT="75" STYLEREFS="font0"/><SP WIDTH="26" VPOS="214" HPOS="1003"/><String ID="p421_w22" CONTENT="between" HPOS="1029" VPOS="214" WIDTH="146" HEIGHT="75" STYLEREFS="font0"/></TextLine><TextLine WIDTH="104" HEIGHT="75" ID="p421_t4" HPOS="137" VPOS="261"><String ID="p421_w23" CONTENT="them." HPOS="137" VPOS="261" WIDTH="104" HEIGHT="75" STYLEREFS="font0"/></TextLine><TextLine WIDTH="415" HEIGHT="75" ID="p421_t5" HPOS="443" VPOS="335"><String ID="p421_w24" CONTENT="OF" HPOS="443" VPOS="335" WIDTH="78" HEIGHT="75" STYLEREFS="font0"/><SP WIDTH="48" VPOS="335" HPOS="521"/><String ID="p421_w25" CONTENT="ARCHES." HPOS="569" VPOS="335" WIDTH="289" HEIGHT="75" STYLEREFS="font0"/></TextLine><TextLine WIDTH="988" HEIGHT="75" ID="p421_t6" HPOS="186" VPOS="396"><String ID="p421_w26" CONTENT="Arches" HPOS="186" VPOS="396" WIDTH="161" HEIGHT="75" STYLEREFS="font0"/><SP WIDTH="25" VPOS="396" HPOS="347"/><String ID="p421_w27" CONTENT="are" HPOS="372" VPOS="396" WIDTH="54" HEIGHT="75" STYLEREFS="font0"/><SP WIDTH="26" VPOS="396" HPOS="426"/><String ID="p421_w28" CONTENT="not" HPOS="452" VPOS="396" WIDTH="57" HEIGHT="75" STYLEREFS="font0"/><SP WIDTH="22" VPOS="396" HPOS="509"/><String ID="p421_w29" CONTENT="lb" HPOS="531" VPOS="396" WIDTH="36" HEIGHT="75" STYLEREFS="font0"/><SP WIDTH="28" VPOS="396" HPOS="567"/><String ID="p421_w30" CONTENT="magnificent" HPOS="595" VPOS="396" WIDTH="202" HEIGHT="75" STYLEREFS="font0"/><SP WIDTH="22" VPOS="396" HPOS="797"/><String ID="p421_w31" CONTENT="as" HPOS="819" VPOS="396" WIDTH="34" HEIGHT="75" STYLEREFS="font0"/><SP WIDTH="25" VPOS="396" HPOS="853"/><String ID="p421_w32" CONTENT="colonnades;" HPOS="878" VPOS="396" WIDTH="211" HEIGHT="75" STYLEREFS="font0"/><SP WIDTH="25" VPOS="396" HPOS="1089"/><String ID="p421_w33" CONTENT="but" HPOS="1114" VPOS="396" WIDTH="60" HEIGHT="75" STYLEREFS="font0"/></TextLine><TextLine WIDTH="1033" HEIGHT="75" ID="p421_t7" HPOS="140" VPOS="444"><String ID="p421_w34" CONTENT="they" HPOS="140" VPOS="444" WIDTH="77" HEIGHT="75" STYLEREFS="font0"/><SP WIDTH="16" VPOS="444" HPOS="217"/><String ID="p421_w35" CONTENT="are" HPOS="233" VPOS="444" WIDTH="55" HEIGHT="75" STYLEREFS="font0"/><SP WIDTH="16" VPOS="444" HPOS="288"/><String ID="p421_w36" CONTENT="more" HPOS="304" VPOS="444" WIDTH="89" HEIGHT="75" STYLEREFS="font0"/><SP WIDTH="16" VPOS="444" HPOS="393"/><String ID="p421_w37" CONTENT="folid," HPOS="409" VPOS="444" WIDTH="93" HEIGHT="75" STYLEREFS="font0"/><SP WIDTH="26" VPOS="444" HPOS="502"/><String ID="p421_w38" CONTENT="and" HPOS="528" VPOS="444" WIDTH="63" HEIGHT="75" STYLEREFS="font0"/><SP WIDTH="17" VPOS="444" HPOS="591"/><String ID="p421_w39" CONTENT="Ids" HPOS="608" VPOS="444" WIDTH="60" HEIGHT="75" STYLEREFS="font0"/><SP WIDTH="18" VPOS="444" HPOS="668"/><String ID="p421_w40" CONTENT="expenfive." HPOS="686" VPOS="444" WIDTH="179" HEIGHT="75" STYLEREFS="font0"/><SP WIDTH="48" VPOS="444" HPOS="865"/><String ID="p421_w41" CONTENT="They" HPOS="913" VPOS="444" WIDTH="100" HEIGHT="75" STYLEREFS="font0"/><SP WIDTH="16" VPOS="444" HPOS="1013"/><String ID="p421_w42" CONTENT="are" HPOS="1029" VPOS="444" WIDTH="53" HEIGHT="75" STYLEREFS="font0"/><SP WIDTH="17" VPOS="444" HPOS="1082"/><String ID="p421_w43" CONTENT="pro-" HPOS="1099" VPOS="444" WIDTH="74" HEIGHT="75" STYLEREFS="font0"/></TextLine><TextLine WIDTH="1041" HEIGHT="75" ID="p421_t8" HPOS="139" VPOS="489"><String ID="p421_w44" CONTENT="per" HPOS="139" VPOS="489" WIDTH="57" HEIGHT="75" STYLEREFS="font0"/><SP WIDTH="13" VPOS="489" HPOS="196"/><String ID="p421_w45" CONTENT="for" HPOS="209" VPOS="489" WIDTH="51" HEIGHT="75" STYLEREFS="font0"/><SP WIDTH="16" VPOS="489" HPOS="260"/><String ID="p421_w46" CONTENT="triumphal" HPOS="276" VPOS="489" WIDTH="173" HEIGHT="75" STYLEREFS="font0"/><SP WIDTH="13" VPOS="489" HPOS="449"/><String ID="p421_w47" CONTENT="entrances," HPOS="462" VPOS="489" WIDTH="178" HEIGHT="75" STYLEREFS="font0"/><SP WIDTH="19" VPOS="489" HPOS="640"/><String ID="p421_w48" CONTENT="gates" HPOS="659" VPOS="489" WIDTH="89" HEIGHT="75" STYLEREFS="font0"/><SP WIDTH="13" VPOS="489" HPOS="748"/><String ID="p421_w49" CONTENT="of" HPOS="761" VPOS="489" WIDTH="41" HEIGHT="75" STYLEREFS="font0"/><SP WIDTH="10" VPOS="489" HPOS="802"/><String ID="p421_w50" CONTENT="cities," HPOS="812" VPOS="489" WIDTH="103" HEIGHT="75" STYLEREFS="font0"/><SP WIDTH="18" VPOS="489" HPOS="915"/><String ID="p421_w51" CONTENT="of" HPOS="933" VPOS="489" WIDTH="40" HEIGHT="75" STYLEREFS="font0"/><SP WIDTH="11" VPOS="489" HPOS="973"/><String ID="p421_w52" CONTENT="palaces," HPOS="984" VPOS="489" WIDTH="137" HEIGHT="75" STYLEREFS="font0"/><SP WIDTH="18" VPOS="489" HPOS="1121"/><String ID="p421_w53" CONTENT="of" HPOS="1139" VPOS="489" WIDTH="41" HEIGHT="75" STYLEREFS="font0"/></TextLine><TextLine WIDTH="1034" HEIGHT="75" ID="p421_t9" HPOS="139" VPOS="535"><String ID="p421_w54" CONTENT="gardens," HPOS="139" VPOS="535" WIDTH="147" HEIGHT="75" STYLEREFS="font0"/><SP WIDTH="26" VPOS="535" HPOS="286"/><String ID="p421_w55" CONTENT="and" HPOS="312" VPOS="535" WIDTH="63" HEIGHT="75" STYLEREFS="font0"/><SP WIDTH="16" VPOS="535" HPOS="375"/><String ID="p421_w56" CONTENT="of" HPOS="391" VPOS="535" WIDTH="40" HEIGHT="75" STYLEREFS="font0"/><SP WIDTH="11" VPOS="535" HPOS="431"/><String ID="p421_w57" CONTENT="parks;" HPOS="442" VPOS="535" WIDTH="114" HEIGHT="75" STYLEREFS="font0"/><SP WIDTH="27" VPOS="535" HPOS="556"/><String ID="p421_w58" CONTENT="and," HPOS="583" VPOS="535" WIDTH="74" HEIGHT="75" STYLEREFS="font0"/><SP WIDTH="25" VPOS="535" HPOS="657"/><String ID="p421_w59" CONTENT="in" HPOS="682" VPOS="535" WIDTH="33" HEIGHT="75" STYLEREFS="font0"/><SP WIDTH="17" VPOS="535" HPOS="715"/><String ID="p421_w60" CONTENT="general," HPOS="732" VPOS="535" WIDTH="138" HEIGHT="75" STYLEREFS="font0"/><SP WIDTH="26" VPOS="535" HPOS="870"/><String ID="p421_w61" CONTENT="for" HPOS="896" VPOS="535" WIDTH="51" HEIGHT="75" STYLEREFS="font0"/><SP WIDTH="18" VPOS="535" HPOS="947"/><String ID="p421_w62" CONTENT="all" HPOS="965" VPOS="535" WIDTH="42" HEIGHT="75" STYLEREFS="font0"/><SP WIDTH="12" VPOS="535" HPOS="1007"/><String ID="p421_w63" CONTENT="openings" HPOS="1019" VPOS="535" WIDTH="154" HEIGHT="75" STYLEREFS="font0"/></TextLine><TextLine WIDTH="700" HEIGHT="75" ID="p421_t10" HPOS="139" VPOS="581"><String ID="p421_w64" CONTENT="that" HPOS="139" VPOS="581" WIDTH="71" HEIGHT="75" STYLEREFS="font0"/><SP WIDTH="17" VPOS="581" HPOS="210"/><String ID="p421_w65" CONTENT="require" HPOS="227" VPOS="581" WIDTH="127" HEIGHT="75" STYLEREFS="font0"/><SP WIDTH="17" VPOS="581" HPOS="354"/><String ID="p421_w66" CONTENT="an" HPOS="371" VPOS="581" WIDTH="39" HEIGHT="75" STYLEREFS="font0"/><SP WIDTH="20" VPOS="581" HPOS="410"/><String ID="p421_w67" CONTENT="extraordinary" HPOS="430" VPOS="581" WIDTH="246" HEIGHT="75" STYLEREFS="font0"/><SP WIDTH="16" VPOS="581" HPOS="676"/><String ID="p421_w68" CONTENT="breadth." HPOS="692" VPOS="581" WIDTH="147" HEIGHT="75" STYLEREFS="font0"/></TextLine><TextLine WIDTH="986" HEIGHT="75" ID="p421_t11" HPOS="185" VPOS="627"><String ID="p421_w69" CONTENT="There" HPOS="185" VPOS="627" WIDTH="111" HEIGHT="75" STYLEREFS="font0"/><SP WIDTH="13" VPOS="627" HPOS="296"/><String ID="p421_w70" CONTENT="are" HPOS="309" VPOS="627" WIDTH="53" HEIGHT="75" STYLEREFS="font0"/><SP WIDTH="16" VPOS="627" HPOS="362"/><String ID="p421_w71" CONTENT="various" HPOS="378" VPOS="627" WIDTH="127" HEIGHT="75" STYLEREFS="font0"/><SP WIDTH="16" VPOS="627" HPOS="505"/><String ID="p421_w72" CONTENT="manners" HPOS="521" VPOS="627" WIDTH="146" HEIGHT="75" STYLEREFS="font0"/><SP WIDTH="17" VPOS="627" HPOS="667"/><String ID="p421_w73" CONTENT="of" HPOS="684" VPOS="627" WIDTH="41" HEIGHT="75" STYLEREFS="font0"/><SP WIDTH="6" VPOS="627" HPOS="725"/><String ID="p421_w74" CONTENT="adorning" HPOS="731" VPOS="627" WIDTH="155" HEIGHT="75" STYLEREFS="font0"/><SP WIDTH="13" VPOS="627" HPOS="886"/><String ID="p421_w75" CONTENT="arches." HPOS="899" VPOS="627" WIDTH="124" HEIGHT="75" STYLEREFS="font0"/><SP WIDTH="35" VPOS="627" HPOS="1023"/><String ID="p421_w76" CONTENT="Some-" HPOS="1058" VPOS="627" WIDTH="113" HEIGHT="75" STYLEREFS="font0"/></TextLine><TextLine WIDTH="1033" HEIGHT="75" ID="p421_t12" HPOS="138" VPOS="673"><String ID="p421_w77" CONTENT="times" HPOS="138" VPOS="673" WIDTH="94" HEIGHT="75" STYLEREFS="font0"/><SP WIDTH="17" VPOS="673" HPOS="232"/><String ID="p421_w78" CONTENT="their" HPOS="249" VPOS="673" WIDTH="84" HEIGHT="75" STYLEREFS="font0"/><SP WIDTH="12" VPOS="673" HPOS="333"/><String ID="p421_w79" CONTENT="piers" HPOS="345" VPOS="673" WIDTH="83" HEIGHT="75" STYLEREFS="font0"/><SP WIDTH="13" VPOS="673" HPOS="428"/><String ID="p421_w80" CONTENT="are" HPOS="441" VPOS="673" WIDTH="54" HEIGHT="75" STYLEREFS="font0"/><SP WIDTH="12" VPOS="673" HPOS="495"/><String ID="p421_w81" CONTENT="rufticated;" HPOS="507" VPOS="673" WIDTH="189" HEIGHT="75" STYLEREFS="font0"/><SP WIDTH="18" VPOS="673" HPOS="696"/><String ID="p421_w82" CONTENT="fometimes" HPOS="714" VPOS="673" WIDTH="181" HEIGHT="75" STYLEREFS="font0"/><SP WIDTH="13" VPOS="673" HPOS="895"/><String ID="p421_w83" CONTENT="they" HPOS="908" VPOS="673" WIDTH="77" HEIGHT="75" STYLEREFS="font0"/><SP WIDTH="9" VPOS="673" HPOS="985"/><String ID="p421_w84" CONTENT="are" HPOS="994" VPOS="673" WIDTH="53" HEIGHT="75" STYLEREFS="font0"/><SP WIDTH="9" VPOS="673" HPOS="1047"/><String ID="p421_w85" CONTENT="adorn-" HPOS="1056" VPOS="673" WIDTH="115" HEIGHT="75" STYLEREFS="font0"/></TextLine><TextLine WIDTH="1034" HEIGHT="75" ID="p421_t13" HPOS="139" VPOS="717"><String ID="p421_w86" CONTENT="ed" HPOS="139" VPOS="717" WIDTH="41" HEIGHT="75" STYLEREFS="font0"/><SP WIDTH="13" VPOS="717" HPOS="180"/><String ID="p421_w87" CONTENT="with" HPOS="193" VPOS="717" WIDTH="78" HEIGHT="75" STYLEREFS="font0"/><SP WIDTH="17" VPOS="717" HPOS="271"/><String ID="p421_w88" CONTENT="pilafters," HPOS="288" VPOS="717" WIDTH="155" HEIGHT="75" STYLEREFS="font0"/><SP WIDTH="25" VPOS="717" HPOS="443"/><String ID="p421_w89" CONTENT="termini," HPOS="468" VPOS="717" WIDTH="138" HEIGHT="75" STYLEREFS="font0"/><SP WIDTH="26" VPOS="717" HPOS="606"/><String ID="p421_w90" CONTENT="or" HPOS="632" VPOS="717" WIDTH="38" HEIGHT="75" STYLEREFS="font0"/><SP WIDTH="17" VPOS="717" HPOS="670"/><String ID="p421_w91" CONTENT="caryatides;" HPOS="687" VPOS="717" WIDTH="199" HEIGHT="75" STYLEREFS="font0"/><SP WIDTH="27" VPOS="717" HPOS="886"/><String ID="p421_w92" CONTENT="and" HPOS="913" VPOS="717" WIDTH="62" HEIGHT="75" STYLEREFS="font0"/><SP WIDTH="16" VPOS="717" HPOS="975"/><String ID="p421_w93" CONTENT="fometimes" HPOS="991" VPOS="717" WIDTH="182" HEIGHT="75" STYLEREFS="font0"/></TextLine><TextLine WIDTH="1031" HEIGHT="75" ID="p421_t14" HPOS="139" VPOS="764"><String ID="p421_w94" CONTENT="they" HPOS="139" VPOS="764" WIDTH="81" HEIGHT="75" STYLEREFS="font0"/><SP WIDTH="10" VPOS="764" HPOS="220"/><String ID="p421_w95" CONTENT="are" HPOS="230" VPOS="764" WIDTH="54" HEIGHT="75" STYLEREFS="font0"/><SP WIDTH="17" VPOS="764" HPOS="284"/><String ID="p421_w96" CONTENT="made" HPOS="301" VPOS="764" WIDTH="92" HEIGHT="75" STYLEREFS="font0"/><SP WIDTH="16" VPOS="764" HPOS="393"/><String ID="p421_w97" CONTENT="fufficiently" HPOS="409" VPOS="764" WIDTH="191" HEIGHT="75" STYLEREFS="font0"/><SP WIDTH="15" VPOS="764" HPOS="600"/><String ID="p421_w98" CONTENT="broad" HPOS="615" VPOS="764" WIDTH="101" HEIGHT="75" STYLEREFS="font0"/><SP WIDTH="16" VPOS="764" HPOS="716"/><String ID="p421_w99" CONTENT="to" HPOS="732" VPOS="764" WIDTH="35" HEIGHT="75" STYLEREFS="font0"/><SP WIDTH="12" VPOS="764" HPOS="767"/><String ID="p421_w100" CONTENT="admit" HPOS="779" VPOS="764" WIDTH="101" HEIGHT="75" STYLEREFS="font0"/><SP WIDTH="16" VPOS="764" HPOS="880"/><String ID="p421_w101" CONTENT="niches," HPOS="896" VPOS="764" WIDTH="121" HEIGHT="75" STYLEREFS="font0"/><SP WIDTH="26" VPOS="764" HPOS="1017"/><String ID="p421_w102" CONTENT="or" HPOS="1043" VPOS="764" WIDTH="37" HEIGHT="75" STYLEREFS="font0"/><SP WIDTH="12" VPOS="764" HPOS="1080"/><String ID="p421_w103" CONTENT="win-" HPOS="1092" VPOS="764" WIDTH="78" HEIGHT="75" STYLEREFS="font0"/></TextLine><TextLine WIDTH="1031" HEIGHT="75" ID="p421_t15" HPOS="139" VPOS="811"><String ID="p421_w104" CONTENT="dows." HPOS="139" VPOS="811" WIDTH="105" HEIGHT="75" STYLEREFS="font0"/><SP WIDTH="46" VPOS="811" HPOS="244"/><String ID="p421_w105" CONTENT="The" HPOS="290" VPOS="811" WIDTH="77" HEIGHT="75" STYLEREFS="font0"/><SP WIDTH="16" VPOS="811" HPOS="367"/><String ID="p421_w106" CONTENT="circular" HPOS="383" VPOS="811" WIDTH="135" HEIGHT="75" STYLEREFS="font0"/><SP WIDTH="16" VPOS="811" HPOS="518"/><String ID="p421_w107" CONTENT="part" HPOS="534" VPOS="811" WIDTH="73" HEIGHT="75" STYLEREFS="font0"/><SP WIDTH="16" VPOS="811" HPOS="607"/><String ID="p421_w108" CONTENT="of" HPOS="623" VPOS="811" WIDTH="41" HEIGHT="75" STYLEREFS="font0"/><SP WIDTH="11" VPOS="811" HPOS="664"/><String ID="p421_w109" CONTENT="the" HPOS="675" VPOS="811" WIDTH="56" HEIGHT="75" STYLEREFS="font0"/><SP WIDTH="17" VPOS="811" HPOS="731"/><String ID="p421_w110" CONTENT="arch" HPOS="748" VPOS="811" WIDTH="75" HEIGHT="75" STYLEREFS="font0"/><SP WIDTH="17" VPOS="811" HPOS="823"/><String ID="p421_w111" CONTENT="is" HPOS="840" VPOS="811" WIDTH="28" HEIGHT="75" STYLEREFS="font0"/><SP WIDTH="16" VPOS="811" HPOS="868"/><String ID="p421_w112" CONTENT="either" HPOS="884" VPOS="811" WIDTH="104" HEIGHT="75" STYLEREFS="font0"/><SP WIDTH="11" VPOS="811" HPOS="988"/><String ID="p421_w113" CONTENT="furround-" HPOS="999" VPOS="811" WIDTH="171" HEIGHT="75" STYLEREFS="font0"/></TextLine><TextLine WIDTH="1031" HEIGHT="75" ID="p421_t16" HPOS="141" VPOS="857"><String ID="p421_w114" CONTENT="cd" HPOS="141" VPOS="857" WIDTH="41" HEIGHT="75" STYLEREFS="font0"/><SP WIDTH="16" VPOS="857" HPOS="182"/><String ID="p421_w115" CONTENT="with" HPOS="198" VPOS="857" WIDTH="78" HEIGHT="75" STYLEREFS="font0"/><SP WIDTH="16" VPOS="857" HPOS="276"/><String ID="p421_w116" CONTENT="ruftic" HPOS="292" VPOS="857" WIDTH="94" HEIGHT="75" STYLEREFS="font0"/><SP WIDTH="15" VPOS="857" HPOS="386"/><String ID="p421_w117" CONTENT="key-ftones," HPOS="401" VPOS="857" WIDTH="194" HEIGHT="75" STYLEREFS="font0"/><SP WIDTH="25" VPOS="857" HPOS="595"/><String ID="p421_w118" CONTENT="or" HPOS="620" VPOS="857" WIDTH="39" HEIGHT="75" STYLEREFS="font0"/><SP WIDTH="15" VPOS="857" HPOS="659"/><String ID="p421_w119" CONTENT="with" HPOS="674" VPOS="857" WIDTH="79" HEIGHT="75" STYLEREFS="font0"/><SP WIDTH="29" VPOS="857" HPOS="753"/><String ID="p421_w120" CONTENT="an" HPOS="782" VPOS="857" WIDTH="39" HEIGHT="75" STYLEREFS="font0"/><SP WIDTH="25" VPOS="857" HPOS="821"/><String ID="p421_w121" CONTENT="archivolt" HPOS="846" VPOS="857" WIDTH="159" HEIGHT="75" STYLEREFS="font0"/><SP WIDTH="16" VPOS="857" HPOS="1005"/><String ID="p421_w122" CONTENT="enriched" HPOS="1021" VPOS="857" WIDTH="151" HEIGHT="75" STYLEREFS="font0"/></TextLine><TextLine WIDTH="1031" HEIGHT="75" ID="p421_t17" HPOS="140" VPOS="902"><String ID="p421_w123" CONTENT="with" HPOS="140" VPOS="902" WIDTH="79" HEIGHT="75" STYLEREFS="font0"/><SP WIDTH="17" VPOS="902" HPOS="219"/><String ID="p421_w124" CONTENT="mouldings;" HPOS="236" VPOS="902" WIDTH="200" HEIGHT="75" STYLEREFS="font0"/><SP WIDTH="26" VPOS="902" HPOS="436"/><String ID="p421_w125" CONTENT="which," HPOS="462" VPOS="902" WIDTH="120" HEIGHT="75" STYLEREFS="font0"/><SP WIDTH="24" VPOS="902" HPOS="582"/><String ID="p421_w126" CONTENT="in" HPOS="606" VPOS="902" WIDTH="33" HEIGHT="75" STYLEREFS="font0"/><SP WIDTH="17" VPOS="902" HPOS="639"/><String ID="p421_w127" CONTENT="the" HPOS="656" VPOS="902" WIDTH="55" HEIGHT="75" STYLEREFS="font0"/><SP WIDTH="16" VPOS="902" HPOS="711"/><String ID="p421_w128" CONTENT="middle," HPOS="727" VPOS="902" WIDTH="133" HEIGHT="75" STYLEREFS="font0"/><SP WIDTH="25" VPOS="902" HPOS="860"/><String ID="p421_w129" CONTENT="is" HPOS="885" VPOS="902" WIDTH="27" HEIGHT="75" STYLEREFS="font0"/><SP WIDTH="17" VPOS="902" HPOS="912"/><String ID="p421_w130" CONTENT="fometimes" HPOS="929" VPOS="902" WIDTH="180" HEIGHT="75" STYLEREFS="font0"/><SP WIDTH="13" VPOS="902" HPOS="1109"/><String ID="p421_w131" CONTENT="in-" HPOS="1122" VPOS="902" WIDTH="49" HEIGHT="75" STYLEREFS="font0"/></TextLine><TextLine WIDTH="1035" HEIGHT="75" ID="p421_t18" HPOS="137" VPOS="949"><String ID="p421_w132" CONTENT="terrupted" HPOS="137" VPOS="949" WIDTH="166" HEIGHT="75" STYLEREFS="font0"/><SP WIDTH="17" VPOS="949" HPOS="303"/><String ID="p421_w133" CONTENT="by" HPOS="320" VPOS="949" WIDTH="44" HEIGHT="75" STYLEREFS="font0"/><SP WIDTH="12" VPOS="949" HPOS="364"/><String ID="p421_w134" CONTENT="a" HPOS="376" VPOS="949" WIDTH="18" HEIGHT="75" STYLEREFS="font0"/><SP WIDTH="12" VPOS="949" HPOS="394"/><String ID="p421_w135" CONTENT="confole," HPOS="406" VPOS="949" WIDTH="139" HEIGHT="75" STYLEREFS="font0"/><SP WIDTH="25" VPOS="949" HPOS="545"/><String ID="p421_w136" CONTENT="a" HPOS="570" VPOS="949" WIDTH="18" HEIGHT="75" STYLEREFS="font0"/><SP WIDTH="15" VPOS="949" HPOS="588"/><String ID="p421_w137" CONTENT="malk," HPOS="603" VPOS="949" WIDTH="98" HEIGHT="75" STYLEREFS="font0"/><SP WIDTH="24" VPOS="949" HPOS="701"/><String ID="p421_w138" CONTENT="ferving" HPOS="725" VPOS="949" WIDTH="125" HEIGHT="75" STYLEREFS="font0"/><SP WIDTH="16" VPOS="949" HPOS="850"/><String ID="p421_w139" CONTENT="at" HPOS="866" VPOS="949" WIDTH="33" HEIGHT="75" STYLEREFS="font0"/><SP WIDTH="16" VPOS="949" HPOS="899"/><String ID="p421_w140" CONTENT="the" HPOS="915" VPOS="949" WIDTH="56" HEIGHT="75" STYLEREFS="font0"/><SP WIDTH="16" VPOS="949" HPOS="971"/><String ID="p421_w141" CONTENT="fame" HPOS="987" VPOS="949" WIDTH="83" HEIGHT="75" STYLEREFS="font0"/><SP WIDTH="25" VPOS="949" HPOS="1070"/><String ID="p421_w142" CONTENT="time" HPOS="1095" VPOS="949" WIDTH="77" HEIGHT="75" STYLEREFS="font0"/></TextLine><TextLine WIDTH="1034" HEIGHT="75" ID="p421_t19" HPOS="138" VPOS="994"><String ID="p421_w143" CONTENT="as" HPOS="138" VPOS="994" WIDTH="33" HEIGHT="75" STYLEREFS="font0"/><SP WIDTH="18" VPOS="994" HPOS="171"/><String ID="p421_w144" CONTENT="a" HPOS="189" VPOS="994" WIDTH="19" HEIGHT="75" STYLEREFS="font0"/><SP WIDTH="15" VPOS="994" HPOS="208"/><String ID="p421_w145" CONTENT="key" HPOS="223" VPOS="994" WIDTH="63" HEIGHT="75" STYLEREFS="font0"/><SP WIDTH="22" VPOS="994" HPOS="286"/><String ID="p421_w146" CONTENT="to" HPOS="308" VPOS="994" WIDTH="36" HEIGHT="75" STYLEREFS="font0"/><SP WIDTH="17" VPOS="994" HPOS="344"/><String ID="p421_w147" CONTENT="the" HPOS="361" VPOS="994" WIDTH="56" HEIGHT="75" STYLEREFS="font0"/><SP WIDTH="24" VPOS="994" HPOS="417"/><String ID="p421_w148" CONTENT="arch," HPOS="441" VPOS="994" WIDTH="90" HEIGHT="75" STYLEREFS="font0"/><SP WIDTH="25" VPOS="994" HPOS="531"/><String ID="p421_w149" CONTENT="and" HPOS="556" VPOS="994" WIDTH="63" HEIGHT="75" STYLEREFS="font0"/><SP WIDTH="17" VPOS="994" HPOS="619"/><String ID="p421_w150" CONTENT="as" HPOS="636" VPOS="994" WIDTH="34" HEIGHT="75" STYLEREFS="font0"/><SP WIDTH="18" VPOS="994" HPOS="670"/><String ID="p421_w151" CONTENT="a" HPOS="688" VPOS="994" WIDTH="17" HEIGHT="75" STYLEREFS="font0"/><SP WIDTH="16" VPOS="994" HPOS="705"/><String ID="p421_w152" CONTENT="fupport" HPOS="721" VPOS="994" WIDTH="130" HEIGHT="75" STYLEREFS="font0"/><SP WIDTH="18" VPOS="994" HPOS="851"/><String ID="p421_w153" CONTENT="to" HPOS="869" VPOS="994" WIDTH="35" HEIGHT="75" STYLEREFS="font0"/><SP WIDTH="16" VPOS="994" HPOS="904"/><String ID="p421_w154" CONTENT="the" HPOS="920" VPOS="994" WIDTH="56" HEIGHT="75" STYLEREFS="font0"/><SP WIDTH="16" VPOS="994" HPOS="976"/><String ID="p421_w155" CONTENT="architrave" HPOS="992" VPOS="994" WIDTH="180" HEIGHT="75" STYLEREFS="font0"/></TextLine><TextLine WIDTH="1035" HEIGHT="75" ID="p421_t20" HPOS="138" VPOS="1041"><String ID="p421_w156" CONTENT="of" HPOS="138" VPOS="1041" WIDTH="41" HEIGHT="75" STYLEREFS="font0"/><SP WIDTH="10" VPOS="1041" HPOS="179"/><String ID="p421_w157" CONTENT="the" HPOS="189" VPOS="1041" WIDTH="55" HEIGHT="75" STYLEREFS="font0"/><SP WIDTH="16" VPOS="1041" HPOS="244"/><String ID="p421_w158" CONTENT="order." HPOS="260" VPOS="1041" WIDTH="108" HEIGHT="75" STYLEREFS="font0"/><SP WIDTH="48" VPOS="1041" HPOS="368"/><String ID="p421_w159" CONTENT="The" HPOS="416" VPOS="1041" WIDTH="77" HEIGHT="75" STYLEREFS="font0"/><SP WIDTH="16" VPOS="1041" HPOS="493"/><String ID="p421_w160" CONTENT="archivolt" HPOS="509" VPOS="1041" WIDTH="157" HEIGHT="75" STYLEREFS="font0"/><SP WIDTH="15" VPOS="1041" HPOS="666"/><String ID="p421_w161" CONTENT="is" HPOS="681" VPOS="1041" WIDTH="27" HEIGHT="75" STYLEREFS="font0"/><SP WIDTH="17" VPOS="1041" HPOS="708"/><String ID="p421_w162" CONTENT="fometimes" HPOS="725" VPOS="1041" WIDTH="181" HEIGHT="75" STYLEREFS="font0"/><SP WIDTH="26" VPOS="1041" HPOS="906"/><String ID="p421_w163" CONTENT="fupported" HPOS="932" VPOS="1041" WIDTH="172" HEIGHT="75" STYLEREFS="font0"/><SP WIDTH="25" VPOS="1041" HPOS="1104"/><String ID="p421_w164" CONTENT="by" HPOS="1129" VPOS="1041" WIDTH="44" HEIGHT="75" STYLEREFS="font0"/></TextLine><TextLine WIDTH="1034" HEIGHT="75" ID="p421_t21" HPOS="139" VPOS="1086"><String ID="p421_w165" CONTENT="an" HPOS="139" VPOS="1086" WIDTH="39" HEIGHT="75" STYLEREFS="font0"/><SP WIDTH="16" VPOS="1086" HPOS="178"/><String ID="p421_w166" CONTENT="import," HPOS="194" VPOS="1086" WIDTH="126" HEIGHT="75" STYLEREFS="font0"/><SP WIDTH="26" VPOS="1086" HPOS="320"/><String ID="p421_w167" CONTENT="at" HPOS="346" VPOS="1086" WIDTH="31" HEIGHT="75" STYLEREFS="font0"/><SP WIDTH="18" VPOS="1086" HPOS="377"/><String ID="p421_w168" CONTENT="the" HPOS="395" VPOS="1086" WIDTH="54" HEIGHT="75" STYLEREFS="font0"/><SP WIDTH="16" VPOS="1086" HPOS="449"/><String ID="p421_w169" CONTENT="head" HPOS="465" VPOS="1086" WIDTH="83" HEIGHT="75" STYLEREFS="font0"/><SP WIDTH="25" VPOS="1086" HPOS="548"/><String ID="p421_w170" CONTENT="of" HPOS="573" VPOS="1086" WIDTH="41" HEIGHT="75" STYLEREFS="font0"/><SP WIDTH="19" VPOS="1086" HPOS="614"/><String ID="p421_w171" CONTENT="the" HPOS="633" VPOS="1086" WIDTH="55" HEIGHT="75" STYLEREFS="font0"/><SP WIDTH="16" VPOS="1086" HPOS="688"/><String ID="p421_w172" CONTENT="pier;" HPOS="704" VPOS="1086" WIDTH="88" HEIGHT="75" STYLEREFS="font0"/><SP WIDTH="27" VPOS="1086" HPOS="792"/><String ID="p421_w173" CONTENT="and," HPOS="819" VPOS="1086" WIDTH="76" HEIGHT="75" STYLEREFS="font0"/><SP WIDTH="25" VPOS="1086" HPOS="895"/><String ID="p421_w174" CONTENT="at" HPOS="920" VPOS="1086" WIDTH="33" HEIGHT="75" STYLEREFS="font0"/><SP WIDTH="27" VPOS="1086" HPOS="953"/><String ID="p421_w175" CONTENT="others," HPOS="980" VPOS="1086" WIDTH="124" HEIGHT="75" STYLEREFS="font0"/><SP WIDTH="25" VPOS="1086" HPOS="1104"/><String ID="p421_w176" CONTENT="by" HPOS="1129" VPOS="1086" WIDTH="44" HEIGHT="75" STYLEREFS="font0"/></TextLine><TextLine WIDTH="1033" HEIGHT="75" ID="p421_t22" HPOS="139" VPOS="1132"><String ID="p421_w177" CONTENT="columns" HPOS="139" VPOS="1132" WIDTH="145" HEIGHT="75" STYLEREFS="font0"/><SP WIDTH="17" VPOS="1132" HPOS="284"/><String ID="p421_w178" CONTENT="placed" HPOS="301" VPOS="1132" WIDTH="113" HEIGHT="75" STYLEREFS="font0"/><SP WIDTH="14" VPOS="1132" HPOS="414"/><String ID="p421_w179" CONTENT="on" HPOS="428" VPOS="1132" WIDTH="45" HEIGHT="75" STYLEREFS="font0"/><SP WIDTH="14" VPOS="1132" HPOS="473"/><String ID="p421_w180" CONTENT="each" HPOS="487" VPOS="1132" WIDTH="77" HEIGHT="75" STYLEREFS="font0"/><SP WIDTH="17" VPOS="1132" HPOS="564"/><String ID="p421_w181" CONTENT="fide" HPOS="581" VPOS="1132" WIDTH="63" HEIGHT="75" STYLEREFS="font0"/><SP WIDTH="28" VPOS="1132" HPOS="644"/><String ID="p421_w182" CONTENT="of" HPOS="672" VPOS="1132" WIDTH="40" HEIGHT="75" STYLEREFS="font0"/><SP WIDTH="21" VPOS="1132" HPOS="712"/><String ID="p421_w183" CONTENT="it," HPOS="733" VPOS="1132" WIDTH="38" HEIGHT="75" STYLEREFS="font0"/><SP WIDTH="27" VPOS="1132" HPOS="771"/><String ID="p421_w184" CONTENT="with" HPOS="798" VPOS="1132" WIDTH="79" HEIGHT="75" STYLEREFS="font0"/><SP WIDTH="18" VPOS="1132" HPOS="877"/><String ID="p421_w185" CONTENT="a" HPOS="895" VPOS="1132" WIDTH="19" HEIGHT="75" STYLEREFS="font0"/><SP WIDTH="15" VPOS="1132" HPOS="914"/><String ID="p421_w186" CONTENT="regular" HPOS="929" VPOS="1132" WIDTH="127" HEIGHT="75" STYLEREFS="font0"/><SP WIDTH="27" VPOS="1132" HPOS="1056"/><String ID="p421_w187" CONTENT="enta-" HPOS="1083" VPOS="1132" WIDTH="89" HEIGHT="75" STYLEREFS="font0"/></TextLine><TextLine WIDTH="1035" HEIGHT="75" ID="p421_t23" HPOS="137" VPOS="1178"><String ID="p421_w188" CONTENT="blature," HPOS="137" VPOS="1178" WIDTH="137" HEIGHT="75" STYLEREFS="font0"/><SP WIDTH="18" VPOS="1178" HPOS="274"/><String ID="p421_w189" CONTENT="dr" HPOS="292" VPOS="1178" WIDTH="44" HEIGHT="75" STYLEREFS="font0"/><SP WIDTH="24" VPOS="1178" HPOS="336"/><String ID="p421_w190" CONTENT="architrave" HPOS="360" VPOS="1178" WIDTH="177" HEIGHT="75" STYLEREFS="font0"/><SP WIDTH="16" VPOS="1178" HPOS="537"/><String ID="p421_w191" CONTENT="cornice." HPOS="553" VPOS="1178" WIDTH="140" HEIGHT="75" STYLEREFS="font0"/><SP WIDTH="49" VPOS="1178" HPOS="693"/><String ID="p421_w192" CONTENT="There" HPOS="742" VPOS="1178" WIDTH="112" HEIGHT="75" STYLEREFS="font0"/><SP WIDTH="27" VPOS="1178" HPOS="854"/><String ID="p421_w193" CONTENT="are" HPOS="881" VPOS="1178" WIDTH="54" HEIGHT="75" STYLEREFS="font0"/><SP WIDTH="21" VPOS="1178" HPOS="935"/><String ID="p421_w194" CONTENT="likewife" HPOS="956" VPOS="1178" WIDTH="141" HEIGHT="75" STYLEREFS="font0"/><SP WIDTH="27" VPOS="1178" HPOS="1097"/><String ID="p421_w195" CONTENT="in-" HPOS="1124" VPOS="1178" WIDTH="48" HEIGHT="75" STYLEREFS="font0"/></TextLine><TextLine WIDTH="1035" HEIGHT="75" ID="p421_t24" HPOS="139" VPOS="1224"><String ID="p421_w196" CONTENT="rtances" HPOS="139" VPOS="1224" WIDTH="118" HEIGHT="75" STYLEREFS="font0"/><SP WIDTH="12" VPOS="1224" HPOS="257"/><String ID="p421_w197" CONTENT="of" HPOS="269" VPOS="1224" WIDTH="41" HEIGHT="75" STYLEREFS="font0"/><SP WIDTH="10" VPOS="1224" HPOS="310"/><String ID="p421_w198" CONTENT="arcades" HPOS="320" VPOS="1224" WIDTH="131" HEIGHT="75" STYLEREFS="font0"/><SP WIDTH="21" VPOS="1224" HPOS="451"/><String ID="p421_w199" CONTENT="without" HPOS="472" VPOS="1224" WIDTH="138" HEIGHT="75" STYLEREFS="font0"/><SP WIDTH="19" VPOS="1224" HPOS="610"/><String ID="p421_w200" CONTENT="piers," HPOS="629" VPOS="1224" WIDTH="97" HEIGHT="75" STYLEREFS="font0"/><SP WIDTH="24" VPOS="1224" HPOS="726"/><String ID="p421_w201" CONTENT="the" HPOS="750" VPOS="1224" WIDTH="56" HEIGHT="75" STYLEREFS="font0"/><SP WIDTH="16" VPOS="1224" HPOS="806"/><String ID="p421_w202" CONTENT="arches" HPOS="822" VPOS="1224" WIDTH="111" HEIGHT="75" STYLEREFS="font0"/><SP WIDTH="16" VPOS="1224" HPOS="933"/><String ID="p421_w203" CONTENT="being" HPOS="949" VPOS="1224" WIDTH="95" HEIGHT="75" STYLEREFS="font0"/><SP WIDTH="13" VPOS="1224" HPOS="1044"/><String ID="p421_w204" CONTENT="turned" HPOS="1057" VPOS="1224" WIDTH="117" HEIGHT="75" STYLEREFS="font0"/></TextLine><TextLine WIDTH="1033" HEIGHT="75" ID="p421_t25" HPOS="140" VPOS="1271"><String ID="p421_w205" CONTENT="on" HPOS="140" VPOS="1271" WIDTH="41" HEIGHT="75" STYLEREFS="font0"/><SP WIDTH="22" VPOS="1271" HPOS="181"/><String ID="p421_w206" CONTENT="fingle" HPOS="203" VPOS="1271" WIDTH="96" HEIGHT="75" STYLEREFS="font0"/><SP WIDTH="17" VPOS="1271" HPOS="299"/><String ID="p421_w207" CONTENT="columns," HPOS="316" VPOS="1271" WIDTH="155" HEIGHT="75" STYLEREFS="font0"/><SP WIDTH="26" VPOS="1271" HPOS="471"/><String ID="p421_w208" CONTENT="as" HPOS="497" VPOS="1271" WIDTH="34" HEIGHT="75" STYLEREFS="font0"/><SP WIDTH="17" VPOS="1271" HPOS="531"/><String ID="p421_w209" CONTENT="in" HPOS="548" VPOS="1271" WIDTH="32" HEIGHT="75" STYLEREFS="font0"/><SP WIDTH="17" VPOS="1271" HPOS="580"/><String ID="p421_w210" CONTENT="the" HPOS="597" VPOS="1271" WIDTH="55" HEIGHT="75" STYLEREFS="font0"/><SP WIDTH="17" VPOS="1271" HPOS="652"/><String ID="p421_w211" CONTENT="temple" HPOS="669" VPOS="1271" WIDTH="117" HEIGHT="75" STYLEREFS="font0"/><SP WIDTH="16" VPOS="1271" HPOS="786"/><String ID="p421_w212" CONTENT="of" HPOS="802" VPOS="1271" WIDTH="41" HEIGHT="75" STYLEREFS="font0"/><SP WIDTH="16" VPOS="1271" HPOS="843"/><String ID="p421_w213" CONTENT="Faunus" HPOS="859" VPOS="1271" WIDTH="129" HEIGHT="75" STYLEREFS="font0"/><SP WIDTH="17" VPOS="1271" HPOS="988"/><String ID="p421_w214" CONTENT="at" HPOS="1005" VPOS="1271" WIDTH="31" HEIGHT="75" STYLEREFS="font0"/><SP WIDTH="18" VPOS="1271" HPOS="1036"/><String ID="p421_w215" CONTENT="Rome," HPOS="1054" VPOS="1271" WIDTH="119" HEIGHT="75" STYLEREFS="font0"/></TextLine><TextLine WIDTH="1031" HEIGHT="75" ID="p421_t26" HPOS="141" VPOS="1318"><String ID="p421_w216" CONTENT="eirc." HPOS="141" VPOS="1318" WIDTH="63" HEIGHT="75" STYLEREFS="font0"/><SP WIDTH="49" VPOS="1318" HPOS="204"/><String ID="p421_w217" CONTENT="This" HPOS="253" VPOS="1318" WIDTH="86" HEIGHT="75" STYLEREFS="font0"/><SP WIDTH="17" VPOS="1318" HPOS="339"/><String ID="p421_w218" CONTENT="pra&amp;ice," HPOS="356" VPOS="1318" WIDTH="148" HEIGHT="75" STYLEREFS="font0"/><SP WIDTH="25" VPOS="1318" HPOS="504"/><String ID="p421_w219" CONTENT="however," HPOS="529" VPOS="1318" WIDTH="162" HEIGHT="75" STYLEREFS="font0"/><SP WIDTH="25" VPOS="1318" HPOS="691"/><String ID="p421_w220" CONTENT="ought" HPOS="716" VPOS="1318" WIDTH="102" HEIGHT="75" STYLEREFS="font0"/><SP WIDTH="16" VPOS="1318" HPOS="818"/><String ID="p421_w221" CONTENT="to" HPOS="834" VPOS="1318" WIDTH="36" HEIGHT="75" STYLEREFS="font0"/><SP WIDTH="27" VPOS="1318" HPOS="870"/><String ID="p421_w222" CONTENT="be" HPOS="897" VPOS="1318" WIDTH="40" HEIGHT="75" STYLEREFS="font0"/><SP WIDTH="27" VPOS="1318" HPOS="937"/><String ID="p421_w223" CONTENT="feldom" HPOS="964" VPOS="1318" WIDTH="122" HEIGHT="75" STYLEREFS="font0"/><SP WIDTH="15" VPOS="1318" HPOS="1086"/><String ID="p421_w224" CONTENT="imi-" HPOS="1101" VPOS="1318" WIDTH="71" HEIGHT="75" STYLEREFS="font0"/></TextLine><TextLine WIDTH="774" HEIGHT="75" ID="p421_t27" HPOS="138" VPOS="1362"><String ID="p421_w225" CONTENT="tated," HPOS="138" VPOS="1362" WIDTH="104" HEIGHT="75" STYLEREFS="font0"/><SP WIDTH="26" VPOS="1362" HPOS="242"/><String ID="p421_w226" CONTENT="as" HPOS="268" VPOS="1362" WIDTH="33" HEIGHT="75" STYLEREFS="font0"/><SP WIDTH="17" VPOS="1362" HPOS="301"/><String ID="p421_w227" CONTENT="it" HPOS="318" VPOS="1362" WIDTH="25" HEIGHT="75" STYLEREFS="font0"/><SP WIDTH="21" VPOS="1362" HPOS="343"/><String ID="p421_w228" CONTENT="is" HPOS="364" VPOS="1362" WIDTH="27" HEIGHT="75" STYLEREFS="font0"/><SP WIDTH="17" VPOS="1362" HPOS="391"/><String ID="p421_w229" CONTENT="neither" HPOS="408" VPOS="1362" WIDTH="126" HEIGHT="75" STYLEREFS="font0"/><SP WIDTH="15" VPOS="1362" HPOS="534"/><String ID="p421_w230" CONTENT="folid" HPOS="549" VPOS="1362" WIDTH="82" HEIGHT="75" STYLEREFS="font0"/><SP WIDTH="16" VPOS="1362" HPOS="631"/><String ID="p421_w231" CONTENT="nor" HPOS="647" VPOS="1362" WIDTH="59" HEIGHT="75" STYLEREFS="font0"/><SP WIDTH="22" VPOS="1362" HPOS="706"/><String ID="p421_w232" CONTENT="handfome." HPOS="728" VPOS="1362" WIDTH="184" HEIGHT="75" STYLEREFS="font0"/></TextLine><TextLine WIDTH="985" HEIGHT="75" ID="p421_t28" HPOS="187" VPOS="1408"><String ID="p421_w233" CONTENT="When" HPOS="187" VPOS="1408" WIDTH="111" HEIGHT="75" STYLEREFS="font0"/><SP WIDTH="17" VPOS="1408" HPOS="298"/><String ID="p421_w234" CONTENT="arches" HPOS="315" VPOS="1408" WIDTH="111" HEIGHT="75" STYLEREFS="font0"/><SP WIDTH="17" VPOS="1408" HPOS="426"/><String ID="p421_w235" CONTENT="are" HPOS="443" VPOS="1408" WIDTH="53" HEIGHT="75" STYLEREFS="font0"/><SP WIDTH="16" VPOS="1408" HPOS="496"/><String ID="p421_w236" CONTENT="large," HPOS="512" VPOS="1408" WIDTH="101" HEIGHT="75" STYLEREFS="font0"/><SP WIDTH="25" VPOS="1408" HPOS="613"/><String ID="p421_w237" CONTENT="the" HPOS="638" VPOS="1408" WIDTH="56" HEIGHT="75" STYLEREFS="font0"/><SP WIDTH="19" VPOS="1408" HPOS="694"/><String ID="p421_w238" CONTENT="key-ftone" HPOS="713" VPOS="1408" WIDTH="166" HEIGHT="75" STYLEREFS="font0"/><SP WIDTH="16" VPOS="1408" HPOS="879"/><String ID="p421_w239" CONTENT="ftiould" HPOS="895" VPOS="1408" WIDTH="110" HEIGHT="75" STYLEREFS="font0"/><SP WIDTH="18" VPOS="1408" HPOS="1005"/><String ID="p421_w240" CONTENT="never" HPOS="1023" VPOS="1408" WIDTH="96" HEIGHT="75" STYLEREFS="font0"/><SP WIDTH="11" VPOS="1408" HPOS="1119"/><String ID="p421_w241" CONTENT="be" HPOS="1130" VPOS="1408" WIDTH="42" HEIGHT="75" STYLEREFS="font0"/></TextLine><TextLine WIDTH="1032" HEIGHT="75" ID="p421_t29" HPOS="141" VPOS="1454"><String ID="p421_w242" CONTENT="omitted," HPOS="141" VPOS="1454" WIDTH="147" HEIGHT="75" STYLEREFS="font0"/><SP WIDTH="25" VPOS="1454" HPOS="288"/><String ID="p421_w243" CONTENT="but" HPOS="313" VPOS="1454" WIDTH="58" HEIGHT="75" STYLEREFS="font0"/><SP WIDTH="16" VPOS="1454" HPOS="371"/><String ID="p421_w244" CONTENT="cut" HPOS="387" VPOS="1454" WIDTH="55" HEIGHT="75" STYLEREFS="font0"/><SP WIDTH="15" VPOS="1454" HPOS="442"/><String ID="p421_w245" CONTENT="in" HPOS="457" VPOS="1454" WIDTH="32" HEIGHT="75" STYLEREFS="font0"/><SP WIDTH="25" VPOS="1454" HPOS="489"/><String ID="p421_w246" CONTENT="the" HPOS="514" VPOS="1454" WIDTH="55" HEIGHT="75" STYLEREFS="font0"/><SP WIDTH="28" VPOS="1454" HPOS="569"/><String ID="p421_w247" CONTENT="form" HPOS="597" VPOS="1454" WIDTH="86" HEIGHT="75" STYLEREFS="font0"/><SP WIDTH="17" VPOS="1454" HPOS="683"/><String ID="p421_w248" CONTENT="of" HPOS="700" VPOS="1454" WIDTH="40" HEIGHT="75" STYLEREFS="font0"/><SP WIDTH="26" VPOS="1454" HPOS="740"/><String ID="p421_w249" CONTENT="a" HPOS="766" VPOS="1454" WIDTH="20" HEIGHT="75" STYLEREFS="font0"/><SP WIDTH="19" VPOS="1454" HPOS="786"/><String ID="p421_w250" CONTENT="confole," HPOS="805" VPOS="1454" WIDTH="139" HEIGHT="75" STYLEREFS="font0"/><SP WIDTH="26" VPOS="1454" HPOS="944"/><String ID="p421_w251" CONTENT="and" HPOS="970" VPOS="1454" WIDTH="61" HEIGHT="75" STYLEREFS="font0"/><SP WIDTH="17" VPOS="1454" HPOS="1031"/><String ID="p421_w252" CONTENT="carried" HPOS="1048" VPOS="1454" WIDTH="125" HEIGHT="75" STYLEREFS="font0"/></TextLine><TextLine WIDTH="1032" HEIGHT="75" ID="p421_t30" HPOS="141" VPOS="1501"><String ID="p421_w253" CONTENT="clofe" HPOS="141" VPOS="1501" WIDTH="83" HEIGHT="75" STYLEREFS="font0"/><SP WIDTH="16" VPOS="1501" HPOS="224"/><String ID="p421_w254" CONTENT="under" HPOS="240" VPOS="1501" WIDTH="101" HEIGHT="75" STYLEREFS="font0"/><SP WIDTH="12" VPOS="1501" HPOS="341"/><String ID="p421_w255" CONTENT="the" HPOS="353" VPOS="1501" WIDTH="56" HEIGHT="75" STYLEREFS="font0"/><SP WIDTH="11" VPOS="1501" HPOS="409"/><String ID="p421_w256" CONTENT="foffit" HPOS="420" VPOS="1501" WIDTH="84" HEIGHT="75" STYLEREFS="font0"/><SP WIDTH="12" VPOS="1501" HPOS="504"/><String ID="p421_w257" CONTENT="of" HPOS="516" VPOS="1501" WIDTH="40" HEIGHT="75" STYLEREFS="font0"/><SP WIDTH="11" VPOS="1501" HPOS="556"/><String ID="p421_w258" CONTENT="the" HPOS="567" VPOS="1501" WIDTH="55" HEIGHT="75" STYLEREFS="font0"/><SP WIDTH="17" VPOS="1501" HPOS="622"/><String ID="p421_w259" CONTENT="architrave," HPOS="639" VPOS="1501" WIDTH="191" HEIGHT="75" STYLEREFS="font0"/><SP WIDTH="16" VPOS="1501" HPOS="830"/><String ID="p421_w260" CONTENT="which," HPOS="846" VPOS="1501" WIDTH="119" HEIGHT="75" STYLEREFS="font0"/><SP WIDTH="17" VPOS="1501" HPOS="965"/><String ID="p421_w261" CONTENT="on" HPOS="982" VPOS="1501" WIDTH="43" HEIGHT="75" STYLEREFS="font0"/><SP WIDTH="12" VPOS="1501" HPOS="1025"/><String ID="p421_w262" CONTENT="account" HPOS="1037" VPOS="1501" WIDTH="136" HEIGHT="75" STYLEREFS="font0"/></TextLine><TextLine WIDTH="1032" HEIGHT="75" ID="p421_t31" HPOS="140" VPOS="1546"><String ID="p421_w263" CONTENT="ef" HPOS="140" VPOS="1546" WIDTH="40" HEIGHT="75" STYLEREFS="font0"/><SP WIDTH="11" VPOS="1546" HPOS="180"/><String ID="p421_w264" CONTENT="its" HPOS="191" VPOS="1546" WIDTH="40" HEIGHT="75" STYLEREFS="font0"/><SP WIDTH="17" VPOS="1546" HPOS="231"/><String ID="p421_w265" CONTENT="extraordinary" HPOS="248" VPOS="1546" WIDTH="246" HEIGHT="75" STYLEREFS="font0"/><SP WIDTH="26" VPOS="1546" HPOS="494"/><String ID="p421_w266" CONTENT="length," HPOS="520" VPOS="1546" WIDTH="125" HEIGHT="75" STYLEREFS="font0"/><SP WIDTH="34" VPOS="1546" HPOS="645"/><String ID="p421_w267" CONTENT="requires" HPOS="679" VPOS="1546" WIDTH="144" HEIGHT="75" STYLEREFS="font0"/><SP WIDTH="29" VPOS="1546" HPOS="823"/><String ID="p421_w268" CONTENT="a" HPOS="852" VPOS="1546" WIDTH="19" HEIGHT="75" STYLEREFS="font0"/><SP WIDTH="27" VPOS="1546" HPOS="871"/><String ID="p421_w269" CONTENT="fupport" HPOS="898" VPOS="1546" WIDTH="130" HEIGHT="75" STYLEREFS="font0"/><SP WIDTH="27" VPOS="1546" HPOS="1028"/><String ID="p421_w270" CONTENT="in" HPOS="1055" VPOS="1546" WIDTH="33" HEIGHT="75" STYLEREFS="font0"/><SP WIDTH="28" VPOS="1546" HPOS="1088"/><String ID="p421_w271" CONTENT="the" HPOS="1116" VPOS="1546" WIDTH="56" HEIGHT="75" STYLEREFS="font0"/></TextLine><TextLine WIDTH="1028" HEIGHT="75" ID="p421_t32" HPOS="142" VPOS="1593"><String ID="p421_w272" CONTENT="middle." HPOS="142" VPOS="1593" WIDTH="132" HEIGHT="75" STYLEREFS="font0"/><SP WIDTH="32" VPOS="1593" HPOS="274"/><String ID="p421_w273" CONTENT="The" HPOS="306" VPOS="1593" WIDTH="78" HEIGHT="75" STYLEREFS="font0"/><SP WIDTH="17" VPOS="1593" HPOS="384"/><String ID="p421_w274" CONTENT="imports" HPOS="401" VPOS="1593" WIDTH="128" HEIGHT="75" STYLEREFS="font0"/><SP WIDTH="17" VPOS="1593" HPOS="529"/><String ID="p421_w275" CONTENT="of" HPOS="546" VPOS="1593" WIDTH="40" HEIGHT="75" STYLEREFS="font0"/><SP WIDTH="11" VPOS="1593" HPOS="586"/><String ID="p421_w276" CONTENT="arches" HPOS="597" VPOS="1593" WIDTH="111" HEIGHT="75" STYLEREFS="font0"/><SP WIDTH="16" VPOS="1593" HPOS="708"/><String ID="p421_w277" CONTENT="fhould" HPOS="724" VPOS="1593" WIDTH="112" HEIGHT="75" STYLEREFS="font0"/><SP WIDTH="16" VPOS="1593" HPOS="836"/><String ID="p421_w278" CONTENT="never" HPOS="852" VPOS="1593" WIDTH="96" HEIGHT="75" STYLEREFS="font0"/><SP WIDTH="12" VPOS="1593" HPOS="948"/><String ID="p421_w279" CONTENT="be" HPOS="960" VPOS="1593" WIDTH="38" HEIGHT="75" STYLEREFS="font0"/><SP WIDTH="13" VPOS="1593" HPOS="998"/><String ID="p421_w280" CONTENT="omitted;" HPOS="1011" VPOS="1593" WIDTH="159" HEIGHT="75" STYLEREFS="font0"/></TextLine><TextLine WIDTH="1033" HEIGHT="75" ID="p421_t33" HPOS="139" VPOS="1638"><String ID="p421_w281" CONTENT="at" HPOS="139" VPOS="1638" WIDTH="34" HEIGHT="75" STYLEREFS="font0"/><SP WIDTH="22" VPOS="1638" HPOS="173"/><String ID="p421_w282" CONTENT="leaft," HPOS="195" VPOS="1638" WIDTH="88" HEIGHT="75" STYLEREFS="font0"/><SP WIDTH="24" VPOS="1638" HPOS="283"/><String ID="p421_w283" CONTENT="if" HPOS="307" VPOS="1638" WIDTH="32" HEIGHT="75" STYLEREFS="font0"/><SP WIDTH="14" VPOS="1638" HPOS="339"/><String ID="p421_w284" CONTENT="they" HPOS="353" VPOS="1638" WIDTH="79" HEIGHT="75" STYLEREFS="font0"/><SP WIDTH="22" VPOS="1638" HPOS="432"/><String ID="p421_w285" CONTENT="be," HPOS="454" VPOS="1638" WIDTH="52" HEIGHT="75" STYLEREFS="font0"/><SP WIDTH="26" VPOS="1638" HPOS="506"/><String ID="p421_w286" CONTENT="a" HPOS="532" VPOS="1638" WIDTH="19" HEIGHT="75" STYLEREFS="font0"/><SP WIDTH="27" VPOS="1638" HPOS="551"/><String ID="p421_w287" CONTENT="platform" HPOS="578" VPOS="1638" WIDTH="151" HEIGHT="75" STYLEREFS="font0"/><SP WIDTH="29" VPOS="1638" HPOS="729"/><String ID="p421_w288" CONTENT="ought" HPOS="758" VPOS="1638" WIDTH="103" HEIGHT="75" STYLEREFS="font0"/><SP WIDTH="27" VPOS="1638" HPOS="861"/><String ID="p421_w289" CONTENT="to" HPOS="888" VPOS="1638" WIDTH="35" HEIGHT="75" STYLEREFS="font0"/><SP WIDTH="26" VPOS="1638" HPOS="923"/><String ID="p421_w290" CONTENT="fupply" HPOS="949" VPOS="1638" WIDTH="113" HEIGHT="75" STYLEREFS="font0"/><SP WIDTH="25" VPOS="1638" HPOS="1062"/><String ID="p421_w291" CONTENT="their" HPOS="1087" VPOS="1638" WIDTH="85" HEIGHT="75" STYLEREFS="font0"/></TextLine><TextLine WIDTH="1032" HEIGHT="75" ID="p421_t34" HPOS="139" VPOS="1684"><String ID="p421_w292" CONTENT="place." HPOS="139" VPOS="1684" WIDTH="102" HEIGHT="75" STYLEREFS="font0"/><SP WIDTH="49" VPOS="1684" HPOS="241"/><String ID="p421_w293" CONTENT="If" HPOS="290" VPOS="1684" WIDTH="38" HEIGHT="75" STYLEREFS="font0"/><SP WIDTH="11" VPOS="1684" HPOS="328"/><String ID="p421_w294" CONTENT="columns" HPOS="339" VPOS="1684" WIDTH="143" HEIGHT="75" STYLEREFS="font0"/><SP WIDTH="17" VPOS="1684" HPOS="482"/><String ID="p421_w295" CONTENT="are" HPOS="499" VPOS="1684" WIDTH="54" HEIGHT="75" STYLEREFS="font0"/><SP WIDTH="15" VPOS="1684" HPOS="553"/><String ID="p421_w296" CONTENT="employed" HPOS="568" VPOS="1684" WIDTH="170" HEIGHT="75" STYLEREFS="font0"/><SP WIDTH="15" VPOS="1684" HPOS="738"/><String ID="p421_w297" CONTENT="without" HPOS="753" VPOS="1684" WIDTH="137" HEIGHT="75" STYLEREFS="font0"/><SP WIDTH="12" VPOS="1684" HPOS="890"/><String ID="p421_w298" CONTENT="pedertals" HPOS="902" VPOS="1684" WIDTH="154" HEIGHT="75" STYLEREFS="font0"/><SP WIDTH="16" VPOS="1684" HPOS="1056"/><String ID="p421_w299" CONTENT="in" HPOS="1072" VPOS="1684" WIDTH="32" HEIGHT="75" STYLEREFS="font0"/><SP WIDTH="17" VPOS="1684" HPOS="1104"/><String ID="p421_w300" CONTENT="ar-" HPOS="1121" VPOS="1684" WIDTH="50" HEIGHT="75" STYLEREFS="font0"/></TextLine><TextLine WIDTH="1032" HEIGHT="75" ID="p421_t35" HPOS="140" VPOS="1730"><String ID="p421_w301" CONTENT="cades," HPOS="140" VPOS="1730" WIDTH="108" HEIGHT="75" STYLEREFS="font0"/><SP WIDTH="24" VPOS="1730" HPOS="248"/><String ID="p421_w302" CONTENT="they" HPOS="272" VPOS="1730" WIDTH="79" HEIGHT="75" STYLEREFS="font0"/><SP WIDTH="16" VPOS="1730" HPOS="351"/><String ID="p421_w303" CONTENT="fhould" HPOS="367" VPOS="1730" WIDTH="111" HEIGHT="75" STYLEREFS="font0"/><SP WIDTH="19" VPOS="1730" HPOS="478"/><String ID="p421_w304" CONTENT="always" HPOS="497" VPOS="1730" WIDTH="119" HEIGHT="75" STYLEREFS="font0"/><SP WIDTH="17" VPOS="1730" HPOS="616"/><String ID="p421_w305" CONTENT="be" HPOS="633" VPOS="1730" WIDTH="39" HEIGHT="75" STYLEREFS="font0"/><SP WIDTH="23" VPOS="1730" HPOS="672"/><String ID="p421_w306" CONTENT="railed" HPOS="695" VPOS="1730" WIDTH="102" HEIGHT="75" STYLEREFS="font0"/><SP WIDTH="15" VPOS="1730" HPOS="797"/><String ID="p421_w307" CONTENT="on" HPOS="812" VPOS="1730" WIDTH="43" HEIGHT="75" STYLEREFS="font0"/><SP WIDTH="18" VPOS="1730" HPOS="855"/><String ID="p421_w308" CONTENT="a" HPOS="873" VPOS="1730" WIDTH="17" HEIGHT="75" STYLEREFS="font0"/><SP WIDTH="17" VPOS="1730" HPOS="890"/><String ID="p421_w309" CONTENT="plinth." HPOS="907" VPOS="1730" WIDTH="115" HEIGHT="75" STYLEREFS="font0"/><SP WIDTH="50" VPOS="1730" HPOS="1022"/><String ID="p421_w310" CONTENT="In" HPOS="1072" VPOS="1730" WIDTH="38" HEIGHT="75" STYLEREFS="font0"/><SP WIDTH="18" VPOS="1730" HPOS="1110"/><String ID="p421_w311" CONTENT="all" HPOS="1128" VPOS="1730" WIDTH="44" HEIGHT="75" STYLEREFS="font0"/></TextLine><TextLine WIDTH="1033" HEIGHT="75" ID="p421_t36" HPOS="140" VPOS="1776"><String ID="p421_w312" CONTENT="arches," HPOS="140" VPOS="1776" WIDTH="125" HEIGHT="75" STYLEREFS="font0"/><SP WIDTH="24" VPOS="1776" HPOS="265"/><String ID="p421_w313" CONTENT="the" HPOS="289" VPOS="1776" WIDTH="55" HEIGHT="75" STYLEREFS="font0"/><SP WIDTH="16" VPOS="1776" HPOS="344"/><String ID="p421_w314" CONTENT="circular" HPOS="360" VPOS="1776" WIDTH="136" HEIGHT="75" STYLEREFS="font0"/><SP WIDTH="19" VPOS="1776" HPOS="496"/><String ID="p421_w315" CONTENT="part" HPOS="515" VPOS="1776" WIDTH="71" HEIGHT="75" STYLEREFS="font0"/><SP WIDTH="16" VPOS="1776" HPOS="586"/><String ID="p421_w316" CONTENT="ought" HPOS="602" VPOS="1776" WIDTH="101" HEIGHT="75" STYLEREFS="font0"/><SP WIDTH="12" VPOS="1776" HPOS="703"/><String ID="p421_w317" CONTENT="not" HPOS="715" VPOS="1776" WIDTH="57" HEIGHT="75" STYLEREFS="font0"/><SP WIDTH="15" VPOS="1776" HPOS="772"/><String ID="p421_w318" CONTENT="to" HPOS="787" VPOS="1776" WIDTH="37" HEIGHT="75" STYLEREFS="font0"/><SP WIDTH="13" VPOS="1776" HPOS="824"/><String ID="p421_w319" CONTENT="fpring" HPOS="837" VPOS="1776" WIDTH="106" HEIGHT="75" STYLEREFS="font0"/><SP WIDTH="11" VPOS="1776" HPOS="943"/><String ID="p421_w320" CONTENT="immediately" HPOS="954" VPOS="1776" WIDTH="219" HEIGHT="75" STYLEREFS="font0"/></TextLine><TextLine WIDTH="1031" HEIGHT="75" ID="p421_t37" HPOS="140" VPOS="1823"><String ID="p421_w321" CONTENT="from" HPOS="140" VPOS="1823" WIDTH="84" HEIGHT="75" STYLEREFS="font0"/><SP WIDTH="17" VPOS="1823" HPOS="224"/><String ID="p421_w322" CONTENT="the" HPOS="241" VPOS="1823" WIDTH="55" HEIGHT="75" STYLEREFS="font0"/><SP WIDTH="16" VPOS="1823" HPOS="296"/><String ID="p421_w323" CONTENT="import," HPOS="312" VPOS="1823" WIDTH="124" HEIGHT="75" STYLEREFS="font0"/><SP WIDTH="18" VPOS="1823" HPOS="436"/><String ID="p421_w324" CONTENT="but" HPOS="454" VPOS="1823" WIDTH="58" HEIGHT="75" STYLEREFS="font0"/><SP WIDTH="17" VPOS="1823" HPOS="512"/><String ID="p421_w325" CONTENT="take" HPOS="529" VPOS="1823" WIDTH="73" HEIGHT="75" STYLEREFS="font0"/><SP WIDTH="15" VPOS="1823" HPOS="602"/><String ID="p421_w326" CONTENT="its" HPOS="617" VPOS="1823" WIDTH="42" HEIGHT="75" STYLEREFS="font0"/><SP WIDTH="18" VPOS="1823" HPOS="659"/><String ID="p421_w327" CONTENT="rife" HPOS="677" VPOS="1823" WIDTH="58" HEIGHT="75" STYLEREFS="font0"/><SP WIDTH="16" VPOS="1823" HPOS="735"/><String ID="p421_w328" CONTENT="at" HPOS="751" VPOS="1823" WIDTH="33" HEIGHT="75" STYLEREFS="font0"/><SP WIDTH="11" VPOS="1823" HPOS="784"/><String ID="p421_w329" CONTENT="fuch" HPOS="795" VPOS="1823" WIDTH="76" HEIGHT="75" STYLEREFS="font0"/><SP WIDTH="13" VPOS="1823" HPOS="871"/><String ID="p421_w330" CONTENT="a" HPOS="884" VPOS="1823" WIDTH="19" HEIGHT="75" STYLEREFS="font0"/><SP WIDTH="11" VPOS="1823" HPOS="903"/><String ID="p421_w331" CONTENT="diftance" HPOS="914" VPOS="1823" WIDTH="140" HEIGHT="75" STYLEREFS="font0"/><SP WIDTH="16" VPOS="1823" HPOS="1054"/><String ID="p421_w332" CONTENT="above" HPOS="1070" VPOS="1823" WIDTH="101" HEIGHT="75" STYLEREFS="font0"/></TextLine><TextLine WIDTH="1035" HEIGHT="75" ID="p421_t38" HPOS="139" VPOS="1868"><String ID="p421_w333" CONTENT="it," HPOS="139" VPOS="1868" WIDTH="38" HEIGHT="75" STYLEREFS="font0"/><SP WIDTH="26" VPOS="1868" HPOS="177"/><String ID="p421_w334" CONTENT="as" HPOS="203" VPOS="1868" WIDTH="33" HEIGHT="75" STYLEREFS="font0"/><SP WIDTH="17" VPOS="1868" HPOS="236"/><String ID="p421_w335" CONTENT="is" HPOS="253" VPOS="1868" WIDTH="26" HEIGHT="75" STYLEREFS="font0"/><SP WIDTH="20" VPOS="1868" HPOS="279"/><String ID="p421_w336" CONTENT="necefiary" HPOS="299" VPOS="1868" WIDTH="159" HEIGHT="75" STYLEREFS="font0"/><SP WIDTH="16" VPOS="1868" HPOS="458"/><String ID="p421_w337" CONTENT="in" HPOS="474" VPOS="1868" WIDTH="32" HEIGHT="75" STYLEREFS="font0"/><SP WIDTH="20" VPOS="1868" HPOS="506"/><String ID="p421_w338" CONTENT="order" HPOS="526" VPOS="1868" WIDTH="96" HEIGHT="75" STYLEREFS="font0"/><SP WIDTH="22" VPOS="1868" HPOS="622"/><String ID="p421_w339" CONTENT="to" HPOS="644" VPOS="1868" WIDTH="37" HEIGHT="75" STYLEREFS="font0"/><SP WIDTH="14" VPOS="1868" HPOS="681"/><String ID="p421_w340" CONTENT="have" HPOS="695" VPOS="1868" WIDTH="82" HEIGHT="75" STYLEREFS="font0"/><SP WIDTH="16" VPOS="1868" HPOS="777"/><String ID="p421_w341" CONTENT="the" HPOS="793" VPOS="1868" WIDTH="56" HEIGHT="75" STYLEREFS="font0"/><SP WIDTH="17" VPOS="1868" HPOS="849"/><String ID="p421_w342" CONTENT="whole" HPOS="866" VPOS="1868" WIDTH="105" HEIGHT="75" STYLEREFS="font0"/><SP WIDTH="17" VPOS="1868" HPOS="971"/><String ID="p421_w343" CONTENT="curve" HPOS="988" VPOS="1868" WIDTH="96" HEIGHT="75" STYLEREFS="font0"/><SP WIDTH="15" VPOS="1868" HPOS="1084"/><String ID="p421_w344" CONTENT="feen" HPOS="1099" VPOS="1868" WIDTH="75" HEIGHT="75" STYLEREFS="font0"/></TextLine><TextLine WIDTH="501" HEIGHT="75" ID="p421_t39" HPOS="138" VPOS="1915"><String ID="p421_w345" CONTENT="at" HPOS="138" VPOS="1915" WIDTH="33" HEIGHT="75" STYLEREFS="font0"/><SP WIDTH="16" VPOS="1915" HPOS="171"/><String ID="p421_w346" CONTENT="the" HPOS="187" VPOS="1915" WIDTH="55" HEIGHT="75" STYLEREFS="font0"/><SP WIDTH="17" VPOS="1915" HPOS="242"/><String ID="p421_w347" CONTENT="proper" HPOS="259" VPOS="1915" WIDTH="114" HEIGHT="75" STYLEREFS="font0"/><SP WIDTH="16" VPOS="1915" HPOS="373"/><String ID="p421_w348" CONTENT="point" HPOS="389" VPOS="1915" WIDTH="90" HEIGHT="75" STYLEREFS="font0"/><SP WIDTH="15" VPOS="1915" HPOS="479"/><String ID="p421_w349" CONTENT="of" HPOS="494" VPOS="1915" WIDTH="41" HEIGHT="75" STYLEREFS="font0"/><SP WIDTH="10" VPOS="1915" HPOS="535"/><String ID="p421_w350" CONTENT="view." HPOS="545" VPOS="1915" WIDTH="94" HEIGHT="75" STYLEREFS="font0"/></TextLine><TextLine WIDTH="984" HEIGHT="75" ID="p421_t40" HPOS="185" VPOS="1961"><String ID="p421_w351" CONTENT="The" HPOS="185" VPOS="1961" WIDTH="76" HEIGHT="75" STYLEREFS="font0"/><SP WIDTH="12" VPOS="1961" HPOS="261"/><String ID="p421_w352" CONTENT="void" HPOS="273" VPOS="1961" WIDTH="75" HEIGHT="75" STYLEREFS="font0"/><SP WIDTH="12" VPOS="1961" HPOS="348"/><String ID="p421_w353" CONTENT="or" HPOS="360" VPOS="1961" WIDTH="37" HEIGHT="75" STYLEREFS="font0"/><SP WIDTH="11" VPOS="1961" HPOS="397"/><String ID="p421_w354" CONTENT="aperture" HPOS="408" VPOS="1961" WIDTH="147" HEIGHT="75" STYLEREFS="font0"/><SP WIDTH="11" VPOS="1961" HPOS="555"/><String ID="p421_w355" CONTENT="of" HPOS="566" VPOS="1961" WIDTH="40" HEIGHT="75" STYLEREFS="font0"/><SP WIDTH="13" VPOS="1961" HPOS="606"/><String ID="p421_w356" CONTENT="arches" HPOS="619" VPOS="1961" WIDTH="110" HEIGHT="75" STYLEREFS="font0"/><SP WIDTH="16" VPOS="1961" HPOS="729"/><String ID="p421_w357" CONTENT="fhould" HPOS="745" VPOS="1961" WIDTH="111" HEIGHT="75" STYLEREFS="font0"/><SP WIDTH="18" VPOS="1961" HPOS="856"/><String ID="p421_w358" CONTENT="never" HPOS="874" VPOS="1961" WIDTH="95" HEIGHT="75" STYLEREFS="font0"/><SP WIDTH="16" VPOS="1961" HPOS="969"/><String ID="p421_w359" CONTENT="be" HPOS="985" VPOS="1961" WIDTH="41" HEIGHT="75" STYLEREFS="font0"/><SP WIDTH="14" VPOS="1961" HPOS="1026"/><String ID="p421_w360" CONTENT="higher*" HPOS="1040" VPOS="1961" WIDTH="129" HEIGHT="75" STYLEREFS="font0"/></TextLine><TextLine WIDTH="1029" HEIGHT="75" ID="p421_t41" HPOS="139" VPOS="2006"><String ID="p421_w361" CONTENT="nor" HPOS="139" VPOS="2006" WIDTH="58" HEIGHT="75" STYLEREFS="font0"/><SP WIDTH="17" VPOS="2006" HPOS="197"/><String ID="p421_w362" CONTENT="much" HPOS="214" VPOS="2006" WIDTH="95" HEIGHT="75" STYLEREFS="font0"/><SP WIDTH="16" VPOS="2006" HPOS="309"/><String ID="p421_w363" CONTENT="lower," HPOS="325" VPOS="2006" WIDTH="112" HEIGHT="75" STYLEREFS="font0"/><SP WIDTH="17" VPOS="2006" HPOS="437"/><String ID="p421_w364" CONTENT="than" HPOS="454" VPOS="2006" WIDTH="77" HEIGHT="75" STYLEREFS="font0"/><SP WIDTH="12" VPOS="2006" HPOS="531"/><String ID="p421_w365" CONTENT="double" HPOS="543" VPOS="2006" WIDTH="117" HEIGHT="75" STYLEREFS="font0"/><SP WIDTH="16" VPOS="2006" HPOS="660"/><String ID="p421_w366" CONTENT="their" HPOS="676" VPOS="2006" WIDTH="86" HEIGHT="75" STYLEREFS="font0"/><SP WIDTH="14" VPOS="2006" HPOS="762"/><String ID="p421_w367" CONTENT="breadth" HPOS="776" VPOS="2006" WIDTH="136" HEIGHT="75" STYLEREFS="font0"/><SP WIDTH="15" VPOS="2006" HPOS="912"/><String ID="p421_w368" CONTENT=";" HPOS="927" VPOS="2006" WIDTH="9" HEIGHT="75" STYLEREFS="font0"/><SP WIDTH="28" VPOS="2006" HPOS="936"/><String ID="p421_w369" CONTENT="the" HPOS="964" VPOS="2006" WIDTH="55" HEIGHT="75" STYLEREFS="font0"/><SP WIDTH="13" VPOS="2006" HPOS="1019"/><String ID="p421_w370" CONTENT="breadth" HPOS="1032" VPOS="2006" WIDTH="136" HEIGHT="75" STYLEREFS="font0"/></TextLine><TextLine WIDTH="1028" HEIGHT="75" ID="p421_t42" HPOS="140" VPOS="2051"><String ID="p421_w371" CONTENT="of" HPOS="140" VPOS="2051" WIDTH="39" HEIGHT="75" STYLEREFS="font0"/><SP WIDTH="12" VPOS="2051" HPOS="179"/><String ID="p421_w372" CONTENT="the" HPOS="191" VPOS="2051" WIDTH="54" HEIGHT="75" STYLEREFS="font0"/><SP WIDTH="16" VPOS="2051" HPOS="245"/><String ID="p421_w373" CONTENT="pier" HPOS="261" VPOS="2051" WIDTH="65" HEIGHT="75" STYLEREFS="font0"/><SP WIDTH="18" VPOS="2051" HPOS="326"/><String ID="p421_w374" CONTENT="fhould" HPOS="344" VPOS="2051" WIDTH="111" HEIGHT="75" STYLEREFS="font0"/><SP WIDTH="15" VPOS="2051" HPOS="455"/><String ID="p421_w375" CONTENT="feldom:" HPOS="470" VPOS="2051" WIDTH="128" HEIGHT="75" STYLEREFS="font0"/><SP WIDTH="9" VPOS="2051" HPOS="598"/><String ID="p421_w376" CONTENT="exceed" HPOS="607" VPOS="2051" WIDTH="122" HEIGHT="75" STYLEREFS="font0"/><SP WIDTH="15" VPOS="2051" HPOS="729"/><String ID="p421_w377" CONTENT="two" HPOS="744" VPOS="2051" WIDTH="67" HEIGHT="75" STYLEREFS="font0"/><SP WIDTH="23" VPOS="2051" HPOS="811"/><String ID="p421_w378" CONTENT="thirds," HPOS="834" VPOS="2051" WIDTH="117" HEIGHT="75" STYLEREFS="font0"/><SP WIDTH="25" VPOS="2051" HPOS="951"/><String ID="p421_w379" CONTENT="nor" HPOS="976" VPOS="2051" WIDTH="59" HEIGHT="75" STYLEREFS="font0"/><SP WIDTH="16" VPOS="2051" HPOS="1035"/><String ID="p421_w380" CONTENT="be" HPOS="1051" VPOS="2051" WIDTH="42" HEIGHT="75" STYLEREFS="font0"/><SP WIDTH="14" VPOS="2051" HPOS="1093"/><String ID="p421_w381" CONTENT="lefs" HPOS="1107" VPOS="2051" WIDTH="61" HEIGHT="75" STYLEREFS="font0"/></TextLine><TextLine WIDTH="1027" HEIGHT="75" ID="p421_t43" HPOS="140" VPOS="2097"><String ID="p421_w382" CONTENT="than" HPOS="140" VPOS="2097" WIDTH="77" HEIGHT="75" STYLEREFS="font0"/><SP WIDTH="17" VPOS="2097" HPOS="217"/><String ID="p421_w383" CONTENT="one" HPOS="234" VPOS="2097" WIDTH="60" HEIGHT="75" STYLEREFS="font0"/><SP WIDTH="16" VPOS="2097" HPOS="294"/><String ID="p421_w384" CONTENT="third," HPOS="310" VPOS="2097" WIDTH="100" HEIGHT="75" STYLEREFS="font0"/><SP WIDTH="29" VPOS="2097" HPOS="410"/><String ID="p421_w385" CONTENT="of" HPOS="439" VPOS="2097" WIDTH="39" HEIGHT="75" STYLEREFS="font0"/><SP WIDTH="11" VPOS="2097" HPOS="478"/><String ID="p421_w386" CONTENT="the" HPOS="489" VPOS="2097" WIDTH="56" HEIGHT="75" STYLEREFS="font0"/><SP WIDTH="16" VPOS="2097" HPOS="545"/><String ID="p421_w387" CONTENT="breadth" HPOS="561" VPOS="2097" WIDTH="134" HEIGHT="75" STYLEREFS="font0"/><SP WIDTH="19" VPOS="2097" HPOS="695"/><String ID="p421_w388" CONTENT="of" HPOS="714" VPOS="2097" WIDTH="41" HEIGHT="75" STYLEREFS="font0"/><SP WIDTH="11" VPOS="2097" HPOS="755"/><String ID="p421_w389" CONTENT="the" HPOS="766" VPOS="2097" WIDTH="54" HEIGHT="75" STYLEREFS="font0"/><SP WIDTH="17" VPOS="2097" HPOS="820"/><String ID="p421_w390" CONTENT="arch" HPOS="837" VPOS="2097" WIDTH="76" HEIGHT="75" STYLEREFS="font0"/><SP WIDTH="12" VPOS="2097" HPOS="913"/><String ID="p421_w391" CONTENT=";" HPOS="925" VPOS="2097" WIDTH="10" HEIGHT="75" STYLEREFS="font0"/><SP WIDTH="27" VPOS="2097" HPOS="935"/><String ID="p421_w392" CONTENT="and" HPOS="962" VPOS="2097" WIDTH="62" HEIGHT="75" STYLEREFS="font0"/><SP WIDTH="16" VPOS="2097" HPOS="1024"/><String ID="p421_w393" CONTENT="the" HPOS="1040" VPOS="2097" WIDTH="56" HEIGHT="75" STYLEREFS="font0"/><SP WIDTH="17" VPOS="2097" HPOS="1096"/><String ID="p421_w394" CONTENT="an-" HPOS="1113" VPOS="2097" WIDTH="54" HEIGHT="75" STYLEREFS="font0"/></TextLine><TextLine WIDTH="1028" HEIGHT="75" ID="p421_t44" HPOS="139" VPOS="2143"><String ID="p421_w395" CONTENT="gular" HPOS="139" VPOS="2143" WIDTH="92" HEIGHT="75" STYLEREFS="font0"/><SP WIDTH="15" VPOS="2143" HPOS="231"/><String ID="p421_w396" CONTENT="pier" HPOS="246" VPOS="2143" WIDTH="67" HEIGHT="75" STYLEREFS="font0"/><SP WIDTH="16" VPOS="2143" HPOS="313"/><String ID="p421_w397" CONTENT="ought" HPOS="329" VPOS="2143" WIDTH="101" HEIGHT="75" STYLEREFS="font0"/><SP WIDTH="26" VPOS="2143" HPOS="430"/><String ID="p421_w398" CONTENT="to" HPOS="456" VPOS="2143" WIDTH="37" HEIGHT="75" STYLEREFS="font0"/><SP WIDTH="24" VPOS="2143" HPOS="493"/><String ID="p421_w399" CONTENT="be" HPOS="517" VPOS="2143" WIDTH="40" HEIGHT="75" STYLEREFS="font0"/><SP WIDTH="16" VPOS="2143" HPOS="557"/><String ID="p421_w400" CONTENT="broader" HPOS="573" VPOS="2143" WIDTH="136" HEIGHT="75" STYLEREFS="font0"/><SP WIDTH="15" VPOS="2143" HPOS="709"/><String ID="p421_w401" CONTENT="than" HPOS="724" VPOS="2143" WIDTH="77" HEIGHT="75" STYLEREFS="font0"/><SP WIDTH="17" VPOS="2143" HPOS="801"/><String ID="p421_w402" CONTENT="the" HPOS="818" VPOS="2143" WIDTH="56" HEIGHT="75" STYLEREFS="font0"/><SP WIDTH="16" VPOS="2143" HPOS="874"/><String ID="p421_w403" CONTENT="others,," HPOS="890" VPOS="2143" WIDTH="133" HEIGHT="75" STYLEREFS="font0"/><SP WIDTH="13" VPOS="2143" HPOS="1023"/><String ID="p421_w404" CONTENT="by" HPOS="1036" VPOS="2143" WIDTH="43" HEIGHT="75" STYLEREFS="font0"/><SP WIDTH="27" VPOS="2143" HPOS="1079"/><String ID="p421_w405" CONTENT="one" HPOS="1106" VPOS="2143" WIDTH="61" HEIGHT="75" STYLEREFS="font0"/></TextLine><TextLine WIDTH="1029" HEIGHT="75" ID="p421_t45" HPOS="138" VPOS="2189"><String ID="p421_w406" CONTENT="half," HPOS="138" VPOS="2189" WIDTH="81" HEIGHT="75" STYLEREFS="font0"/><SP WIDTH="25" VPOS="2189" HPOS="219"/><String ID="p421_w407" CONTENT="one" HPOS="244" VPOS="2189" WIDTH="63" HEIGHT="75" STYLEREFS="font0"/><SP WIDTH="21" VPOS="2189" HPOS="307"/><String ID="p421_w408" CONTENT="third," HPOS="328" VPOS="2189" WIDTH="102" HEIGHT="75" STYLEREFS="font0"/><SP WIDTH="24" VPOS="2189" HPOS="430"/><String ID="p421_w409" CONTENT="or" HPOS="454" VPOS="2189" WIDTH="39" HEIGHT="75" STYLEREFS="font0"/><SP WIDTH="21" VPOS="2189" HPOS="493"/><String ID="p421_w410" CONTENT="one" HPOS="514" VPOS="2189" WIDTH="61" HEIGHT="75" STYLEREFS="font0"/><SP WIDTH="21" VPOS="2189" HPOS="575"/><String ID="p421_w411" CONTENT="fourth;" HPOS="596" VPOS="2189" WIDTH="133" HEIGHT="75" STYLEREFS="font0"/><SP WIDTH="32" VPOS="2189" HPOS="729"/><String ID="p421_w412" CONTENT="the" HPOS="761" VPOS="2189" WIDTH="56" HEIGHT="75" STYLEREFS="font0"/><SP WIDTH="23" VPOS="2189" HPOS="817"/><String ID="p421_w413" CONTENT="import" HPOS="840" VPOS="2189" WIDTH="113" HEIGHT="75" STYLEREFS="font0"/><SP WIDTH="22" VPOS="2189" HPOS="953"/><String ID="p421_w414" CONTENT="fhould" HPOS="975" VPOS="2189" WIDTH="110" HEIGHT="75" STYLEREFS="font0"/><SP WIDTH="25" VPOS="2189" HPOS="1085"/><String ID="p421_w415" CONTENT="not" HPOS="1110" VPOS="2189" WIDTH="57" HEIGHT="75" STYLEREFS="font0"/></TextLine><TextLine WIDTH="1036" HEIGHT="75" ID="p421_t46" HPOS="137" VPOS="2236"><String ID="p421_w416" CONTENT="be" HPOS="137" VPOS="2236" WIDTH="41" HEIGHT="75" STYLEREFS="font0"/><SP WIDTH="23" VPOS="2236" HPOS="178"/><String ID="p421_w417" CONTENT="more" HPOS="201" VPOS="2236" WIDTH="88" HEIGHT="75" STYLEREFS="font0"/><SP WIDTH="23" VPOS="2236" HPOS="289"/><String ID="p421_w418" CONTENT="than" HPOS="312" VPOS="2236" WIDTH="78" HEIGHT="75" STYLEREFS="font0"/><SP WIDTH="25" VPOS="2236" HPOS="390"/><String ID="p421_w419" CONTENT="one" HPOS="415" VPOS="2236" WIDTH="61" HEIGHT="75" STYLEREFS="font0"/><SP WIDTH="23" VPOS="2236" HPOS="476"/><String ID="p421_w420" CONTENT="feventh," HPOS="499" VPOS="2236" WIDTH="142" HEIGHT="75" STYLEREFS="font0"/><SP WIDTH="24" VPOS="2236" HPOS="641"/><String ID="p421_w421" CONTENT="nor" HPOS="665" VPOS="2236" WIDTH="61" HEIGHT="75" STYLEREFS="font0"/><SP WIDTH="22" VPOS="2236" HPOS="726"/><String ID="p421_w422" CONTENT="lefs" HPOS="748" VPOS="2236" WIDTH="61" HEIGHT="75" STYLEREFS="font0"/><SP WIDTH="24" VPOS="2236" HPOS="809"/><String ID="p421_w423" CONTENT="than" HPOS="833" VPOS="2236" WIDTH="77" HEIGHT="75" STYLEREFS="font0"/><SP WIDTH="24" VPOS="2236" HPOS="910"/><String ID="p421_w424" CONTENT="one" HPOS="934" VPOS="2236" WIDTH="62" HEIGHT="75" STYLEREFS="font0"/><SP WIDTH="22" VPOS="2236" HPOS="996"/><String ID="p421_w425" CONTENT="ninth" HPOS="1018" VPOS="2236" WIDTH="90" HEIGHT="75" STYLEREFS="font0"/><SP WIDTH="24" VPOS="2236" HPOS="1108"/><String ID="p421_w426" CONTENT="of" HPOS="1132" VPOS="2236" WIDTH="41" HEIGHT="75" STYLEREFS="font0"/></TextLine><TextLine WIDTH="1030" HEIGHT="75" ID="p421_t47" HPOS="135" VPOS="2282"><String ID="p421_w427" CONTENT="the" HPOS="135" VPOS="2282" WIDTH="56" HEIGHT="75" STYLEREFS="font0"/><SP WIDTH="16" VPOS="2282" HPOS="191"/><String ID="p421_w428" CONTENT="aperture;" HPOS="207" VPOS="2282" WIDTH="168" HEIGHT="75" STYLEREFS="font0"/><SP WIDTH="32" VPOS="2282" HPOS="375"/><String ID="p421_w429" CONTENT="and" HPOS="407" VPOS="2282" WIDTH="63" HEIGHT="75" STYLEREFS="font0"/><SP WIDTH="27" VPOS="2282" HPOS="470"/><String ID="p421_w430" CONTENT="the" HPOS="497" VPOS="2282" WIDTH="56" HEIGHT="75" STYLEREFS="font0"/><SP WIDTH="26" VPOS="2282" HPOS="553"/><String ID="p421_w431" CONTENT="archivolt" HPOS="579" VPOS="2282" WIDTH="157" HEIGHT="75" STYLEREFS="font0"/><SP WIDTH="24" VPOS="2282" HPOS="736"/><String ID="p421_w432" CONTENT="muft" HPOS="760" VPOS="2282" WIDTH="80" HEIGHT="75" STYLEREFS="font0"/><SP WIDTH="16" VPOS="2282" HPOS="840"/><String ID="p421_w433" CONTENT="not" HPOS="856" VPOS="2282" WIDTH="58" HEIGHT="75" STYLEREFS="font0"/><SP WIDTH="15" VPOS="2282" HPOS="914"/><String ID="p421_w434" CONTENT="be" HPOS="929" VPOS="2282" WIDTH="40" HEIGHT="75" STYLEREFS="font0"/><SP WIDTH="16" VPOS="2282" HPOS="969"/><String ID="p421_w435" CONTENT="more" HPOS="985" VPOS="2282" WIDTH="88" HEIGHT="75" STYLEREFS="font0"/><SP WIDTH="16" VPOS="2282" HPOS="1073"/><String ID="p421_w436" CONTENT="than" HPOS="1089" VPOS="2282" WIDTH="76" HEIGHT="75" STYLEREFS="font0"/></TextLine><TextLine WIDTH="1030" HEIGHT="75" ID="p421_t48" HPOS="135" VPOS="2329"><String ID="p421_w437" CONTENT="one" HPOS="135" VPOS="2329" WIDTH="61" HEIGHT="75" STYLEREFS="font0"/><SP WIDTH="27" VPOS="2329" HPOS="196"/><String ID="p421_w438" CONTENT="eighth," HPOS="223" VPOS="2329" WIDTH="121" HEIGHT="75" STYLEREFS="font0"/><SP WIDTH="27" VPOS="2329" HPOS="344"/><String ID="p421_w439" CONTENT="nor" HPOS="371" VPOS="2329" WIDTH="58" HEIGHT="75" STYLEREFS="font0"/><SP WIDTH="16" VPOS="2329" HPOS="429"/><String ID="p421_w440" CONTENT="lefs" HPOS="445" VPOS="2329" WIDTH="59" HEIGHT="75" STYLEREFS="font0"/><SP WIDTH="17" VPOS="2329" HPOS="504"/><String ID="p421_w441" CONTENT="than" HPOS="521" VPOS="2329" WIDTH="75" HEIGHT="75" STYLEREFS="font0"/><SP WIDTH="17" VPOS="2329" HPOS="596"/><String ID="p421_w442" CONTENT="one" HPOS="613" VPOS="2329" WIDTH="61" HEIGHT="75" STYLEREFS="font0"/><SP WIDTH="16" VPOS="2329" HPOS="674"/><String ID="p421_w443" CONTENT="tenth" HPOS="690" VPOS="2329" WIDTH="93" HEIGHT="75" STYLEREFS="font0"/><SP WIDTH="16" VPOS="2329" HPOS="783"/><String ID="p421_w444" CONTENT="of" HPOS="799" VPOS="2329" WIDTH="41" HEIGHT="75" STYLEREFS="font0"/><SP WIDTH="8" VPOS="2329" HPOS="840"/><String ID="p421_w445" CONTENT="it." HPOS="848" VPOS="2329" WIDTH="40" HEIGHT="75" STYLEREFS="font0"/><SP WIDTH="48" VPOS="2329" HPOS="888"/><String ID="p421_w446" CONTENT="The" HPOS="936" VPOS="2329" WIDTH="77" HEIGHT="75" STYLEREFS="font0"/><SP WIDTH="16" VPOS="2329" HPOS="1013"/><String ID="p421_w447" CONTENT="breadth" HPOS="1029" VPOS="2329" WIDTH="136" HEIGHT="75" STYLEREFS="font0"/></TextLine><TextLine WIDTH="1035" HEIGHT="75" ID="p421_t49" HPOS="135" VPOS="2375"><String ID="p421_w448" CONTENT="of" HPOS="135" VPOS="2375" WIDTH="41" HEIGHT="75" STYLEREFS="font0"/><SP WIDTH="21" VPOS="2375" HPOS="176"/><String ID="p421_w449" CONTENT="the" HPOS="197" VPOS="2375" WIDTH="55" HEIGHT="75" STYLEREFS="font0"/><SP WIDTH="19" VPOS="2375" HPOS="252"/><String ID="p421_w450" CONTENT="confole" HPOS="271" VPOS="2375" WIDTH="126" HEIGHT="75" STYLEREFS="font0"/><SP WIDTH="16" VPOS="2375" HPOS="397"/><String ID="p421_w451" CONTENT="muft," HPOS="413" VPOS="2375" WIDTH="92" HEIGHT="75" STYLEREFS="font0"/><SP WIDTH="26" VPOS="2375" HPOS="505"/><String ID="p421_w452" CONTENT="at" HPOS="531" VPOS="2375" WIDTH="32" HEIGHT="75" STYLEREFS="font0"/><SP WIDTH="17" VPOS="2375" HPOS="563"/><String ID="p421_w453" CONTENT="the" HPOS="580" VPOS="2375" WIDTH="55" HEIGHT="75" STYLEREFS="font0"/><SP WIDTH="16" VPOS="2375" HPOS="635"/><String ID="p421_w454" CONTENT="bottom," HPOS="651" VPOS="2375" WIDTH="139" HEIGHT="75" STYLEREFS="font0"/><SP WIDTH="25" VPOS="2375" HPOS="790"/><String ID="p421_w455" CONTENT="be" HPOS="815" VPOS="2375" WIDTH="40" HEIGHT="75" STYLEREFS="font0"/><SP WIDTH="24" VPOS="2375" HPOS="855"/><String ID="p421_w456" CONTENT="equal" HPOS="879" VPOS="2375" WIDTH="94" HEIGHT="75" STYLEREFS="font0"/><SP WIDTH="18" VPOS="2375" HPOS="973"/><String ID="p421_w457" CONTENT="to" HPOS="991" VPOS="2375" WIDTH="36" HEIGHT="75" STYLEREFS="font0"/><SP WIDTH="16" VPOS="2375" HPOS="1027"/><String ID="p421_w458" CONTENT="that" HPOS="1043" VPOS="2375" WIDTH="69" HEIGHT="75" STYLEREFS="font0"/><SP WIDTH="18" VPOS="2375" HPOS="1112"/><String ID="p421_w459" CONTENT="of" HPOS="1130" VPOS="2375" WIDTH="40" HEIGHT="75" STYLEREFS="font0"/></TextLine><TextLine WIDTH="1029" HEIGHT="75" ID="p421_t50" HPOS="134" VPOS="2421"><String ID="p421_w460" CONTENT="the" HPOS="134" VPOS="2421" WIDTH="57" HEIGHT="75" STYLEREFS="font0"/><SP WIDTH="16" VPOS="2421" HPOS="191"/><String ID="p421_w461" CONTENT="archivolt;" HPOS="207" VPOS="2421" WIDTH="183" HEIGHT="75" STYLEREFS="font0"/><SP WIDTH="26" VPOS="2421" HPOS="390"/><String ID="p421_w462" CONTENT="and" HPOS="416" VPOS="2421" WIDTH="63" HEIGHT="75" STYLEREFS="font0"/><SP WIDTH="12" VPOS="2421" HPOS="479"/><String ID="p421_w463" CONTENT="its" HPOS="491" VPOS="2421" WIDTH="42" HEIGHT="75" STYLEREFS="font0"/><SP WIDTH="16" VPOS="2421" HPOS="533"/><String ID="p421_w464" CONTENT="fides" HPOS="549" VPOS="2421" WIDTH="79" HEIGHT="75" STYLEREFS="font0"/><SP WIDTH="17" VPOS="2421" HPOS="628"/><String ID="p421_w465" CONTENT="muft" HPOS="645" VPOS="2421" WIDTH="80" HEIGHT="75" STYLEREFS="font0"/><SP WIDTH="12" VPOS="2421" HPOS="725"/><String ID="p421_w466" CONTENT="be" HPOS="737" VPOS="2421" WIDTH="40" HEIGHT="75" STYLEREFS="font0"/><SP WIDTH="19" VPOS="2421" HPOS="777"/><String ID="p421_w467" CONTENT="drawn" HPOS="796" VPOS="2421" WIDTH="108" HEIGHT="75" STYLEREFS="font0"/><SP WIDTH="18" VPOS="2421" HPOS="904"/><String ID="p421_w468" CONTENT="from" HPOS="922" VPOS="2421" WIDTH="83" HEIGHT="75" STYLEREFS="font0"/><SP WIDTH="18" VPOS="2421" HPOS="1005"/><String ID="p421_w469" CONTENT="the" HPOS="1023" VPOS="2421" WIDTH="55" HEIGHT="75" STYLEREFS="font0"/><SP WIDTH="12" VPOS="2421" HPOS="1078"/><String ID="p421_w470" CONTENT="cen-" HPOS="1090" VPOS="2421" WIDTH="73" HEIGHT="75" STYLEREFS="font0"/></TextLine><TextLine WIDTH="1030" HEIGHT="75" ID="p421_t51" HPOS="133" VPOS="2467"><String ID="p421_w471" CONTENT="tre" HPOS="133" VPOS="2467" WIDTH="52" HEIGHT="75" STYLEREFS="font0"/><SP WIDTH="15" VPOS="2467" HPOS="185"/><String ID="p421_w472" CONTENT="of" HPOS="200" VPOS="2467" WIDTH="40" HEIGHT="75" STYLEREFS="font0"/><SP WIDTH="11" VPOS="2467" HPOS="240"/><String ID="p421_w473" CONTENT="the" HPOS="251" VPOS="2467" WIDTH="56" HEIGHT="75" STYLEREFS="font0"/><SP WIDTH="22" VPOS="2467" HPOS="307"/><String ID="p421_w474" CONTENT="arch:" HPOS="329" VPOS="2467" WIDTH="95" HEIGHT="75" STYLEREFS="font0"/><SP WIDTH="25" VPOS="2467" HPOS="424"/><String ID="p421_w475" CONTENT="The" HPOS="449" VPOS="2467" WIDTH="78" HEIGHT="75" STYLEREFS="font0"/><SP WIDTH="26" VPOS="2467" HPOS="527"/><String ID="p421_w476" CONTENT="length" HPOS="553" VPOS="2467" WIDTH="110" HEIGHT="75" STYLEREFS="font0"/><SP WIDTH="18" VPOS="2467" HPOS="663"/><String ID="p421_w477" CONTENT="of" HPOS="681" VPOS="2467" WIDTH="40" HEIGHT="75" STYLEREFS="font0"/><SP WIDTH="10" VPOS="2467" HPOS="721"/><String ID="p421_w478" CONTENT="it" HPOS="731" VPOS="2467" WIDTH="25" HEIGHT="75" STYLEREFS="font0"/><SP WIDTH="18" VPOS="2467" HPOS="756"/><String ID="p421_w479" CONTENT="muft" HPOS="774" VPOS="2467" WIDTH="80" HEIGHT="75" STYLEREFS="font0"/><SP WIDTH="16" VPOS="2467" HPOS="854"/><String ID="p421_w480" CONTENT="not" HPOS="870" VPOS="2467" WIDTH="56" HEIGHT="75" STYLEREFS="font0"/><SP WIDTH="17" VPOS="2467" HPOS="926"/><String ID="p421_w481" CONTENT="be" HPOS="943" VPOS="2467" WIDTH="39" HEIGHT="75" STYLEREFS="font0"/><SP WIDTH="16" VPOS="2467" HPOS="982"/><String ID="p421_w482" CONTENT="lefs" HPOS="998" VPOS="2467" WIDTH="60" HEIGHT="75" STYLEREFS="font0"/><SP WIDTH="28" VPOS="2467" HPOS="1058"/><String ID="p421_w483" CONTENT="than" HPOS="1086" VPOS="2467" WIDTH="77" HEIGHT="75" STYLEREFS="font0"/></TextLine><TextLine WIDTH="1028" HEIGHT="75" ID="p421_t52" HPOS="135" VPOS="2514"><String ID="p421_w484" CONTENT="one" HPOS="135" VPOS="2514" WIDTH="62" HEIGHT="75" STYLEREFS="font0"/><SP WIDTH="27" VPOS="2514" HPOS="197"/><String ID="p421_w485" CONTENT="and" HPOS="224" VPOS="2514" WIDTH="63" HEIGHT="75" STYLEREFS="font0"/><SP WIDTH="16" VPOS="2514" HPOS="287"/><String ID="p421_w486" CONTENT="a" HPOS="303" VPOS="2514" WIDTH="19" HEIGHT="75" STYLEREFS="font0"/><SP WIDTH="14" VPOS="2514" HPOS="322"/><String ID="p421_w487" CONTENT="half" HPOS="336" VPOS="2514" WIDTH="75" HEIGHT="75" STYLEREFS="font0"/><SP WIDTH="11" VPOS="2514" HPOS="411"/><String ID="p421_w488" CONTENT="of" HPOS="422" VPOS="2514" WIDTH="40" HEIGHT="75" STYLEREFS="font0"/><SP WIDTH="21" VPOS="2514" HPOS="462"/><String ID="p421_w489" CONTENT="its" HPOS="483" VPOS="2514" WIDTH="43" HEIGHT="75" STYLEREFS="font0"/><SP WIDTH="26" VPOS="2514" HPOS="526"/><String ID="p421_w490" CONTENT="fmalleft" HPOS="552" VPOS="2514" WIDTH="134" HEIGHT="75" STYLEREFS="font0"/><SP WIDTH="22" VPOS="2514" HPOS="686"/><String ID="p421_w491" CONTENT="breadth," HPOS="708" VPOS="2514" WIDTH="149" HEIGHT="75" STYLEREFS="font0"/><SP WIDTH="25" VPOS="2514" HPOS="857"/><String ID="p421_w492" CONTENT="nor" HPOS="882" VPOS="2514" WIDTH="61" HEIGHT="75" STYLEREFS="font0"/><SP WIDTH="26" VPOS="2514" HPOS="943"/><String ID="p421_w493" CONTENT="more" HPOS="969" VPOS="2514" WIDTH="89" HEIGHT="75" STYLEREFS="font0"/><SP WIDTH="28" VPOS="2514" HPOS="1058"/><String ID="p421_w494" CONTENT="than" HPOS="1086" VPOS="2514" WIDTH="77" HEIGHT="75" STYLEREFS="font0"/></TextLine><TextLine WIDTH="1029" HEIGHT="75" ID="p421_t53" HPOS="135" VPOS="2559"><String ID="p421_w495" CONTENT="double." HPOS="135" VPOS="2559" WIDTH="130" HEIGHT="75" STYLEREFS="font0"/><SP WIDTH="33" VPOS="2559" HPOS="265"/><String ID="p421_w496" CONTENT="The" HPOS="298" VPOS="2559" WIDTH="78" HEIGHT="75" STYLEREFS="font0"/><SP WIDTH="12" VPOS="2559" HPOS="376"/><String ID="p421_w497" CONTENT="thicknefs" HPOS="388" VPOS="2559" WIDTH="161" HEIGHT="75" STYLEREFS="font0"/><SP WIDTH="10" VPOS="2559" HPOS="549"/><String ID="p421_w498" CONTENT="of" HPOS="559" VPOS="2559" WIDTH="39" HEIGHT="75" STYLEREFS="font0"/><SP WIDTH="12" VPOS="2559" HPOS="598"/><String ID="p421_w499" CONTENT="the" HPOS="610" VPOS="2559" WIDTH="54" HEIGHT="75" STYLEREFS="font0"/><SP WIDTH="12" VPOS="2559" HPOS="664"/><String ID="p421_w500" CONTENT="pier" HPOS="676" VPOS="2559" WIDTH="70" HEIGHT="75" STYLEREFS="font0"/><SP WIDTH="10" VPOS="2559" HPOS="746"/><String ID="p421_w501" CONTENT="depends" HPOS="756" VPOS="2559" WIDTH="138" HEIGHT="75" STYLEREFS="font0"/><SP WIDTH="13" VPOS="2559" HPOS="894"/><String ID="p421_w502" CONTENT="on" HPOS="907" VPOS="2559" WIDTH="41" HEIGHT="75" STYLEREFS="font0"/><SP WIDTH="13" VPOS="2559" HPOS="948"/><String ID="p421_w503" CONTENT="the" HPOS="961" VPOS="2559" WIDTH="55" HEIGHT="75" STYLEREFS="font0"/><SP WIDTH="12" VPOS="2559" HPOS="1016"/><String ID="p421_w504" CONTENT="breadth" HPOS="1028" VPOS="2559" WIDTH="136" HEIGHT="75" STYLEREFS="font0"/></TextLine><TextLine WIDTH="1028" HEIGHT="75" ID="p421_t54" HPOS="136" VPOS="2605"><String ID="p421_w505" CONTENT="of" HPOS="136" VPOS="2605" WIDTH="40" HEIGHT="75" STYLEREFS="font0"/><SP WIDTH="11" VPOS="2605" HPOS="176"/><String ID="p421_w506" CONTENT="the" HPOS="187" VPOS="2605" WIDTH="55" HEIGHT="75" STYLEREFS="font0"/><SP WIDTH="17" VPOS="2605" HPOS="242"/><String ID="p421_w507" CONTENT="portico;" HPOS="259" VPOS="2605" WIDTH="146" HEIGHT="75" STYLEREFS="font0"/><SP WIDTH="26" VPOS="2605" HPOS="405"/><String ID="p421_w508" CONTENT="for" HPOS="431" VPOS="2605" WIDTH="52" HEIGHT="75" STYLEREFS="font0"/><SP WIDTH="15" VPOS="2605" HPOS="483"/><String ID="p421_w509" CONTENT="it" HPOS="498" VPOS="2605" WIDTH="27" HEIGHT="75" STYLEREFS="font0"/><SP WIDTH="15" VPOS="2605" HPOS="525"/><String ID="p421_w510" CONTENT="muft" HPOS="540" VPOS="2605" WIDTH="81" HEIGHT="75" STYLEREFS="font0"/><SP WIDTH="16" VPOS="2605" HPOS="621"/><String ID="p421_w511" CONTENT="be" HPOS="637" VPOS="2605" WIDTH="40" HEIGHT="75" STYLEREFS="font0"/><SP WIDTH="16" VPOS="2605" HPOS="677"/><String ID="p421_w512" CONTENT="ftrong" HPOS="693" VPOS="2605" WIDTH="106" HEIGHT="75" STYLEREFS="font0"/><SP WIDTH="16" VPOS="2605" HPOS="799"/><String ID="p421_w513" CONTENT="enough" HPOS="815" VPOS="2605" WIDTH="126" HEIGHT="75" STYLEREFS="font0"/><SP WIDTH="18" VPOS="2605" HPOS="941"/><String ID="p421_w514" CONTENT="to" HPOS="959" VPOS="2605" WIDTH="34" HEIGHT="75" STYLEREFS="font0"/><SP WIDTH="17" VPOS="2605" HPOS="993"/><String ID="p421_w515" CONTENT="refift" HPOS="1010" VPOS="2605" WIDTH="82" HEIGHT="75" STYLEREFS="font0"/><SP WIDTH="16" VPOS="2605" HPOS="1092"/><String ID="p421_w516" CONTENT="the" HPOS="1108" VPOS="2605" WIDTH="56" HEIGHT="75" STYLEREFS="font0"/></TextLine><TextLine WIDTH="1031" HEIGHT="75" ID="p421_t55" HPOS="134" VPOS="2651"><String ID="p421_w517" CONTENT="preffure" HPOS="134" VPOS="2651" WIDTH="138" HEIGHT="75" STYLEREFS="font0"/><SP WIDTH="24" VPOS="2651" HPOS="272"/><String ID="p421_w518" CONTENT="df" HPOS="296" VPOS="2651" WIDTH="41" HEIGHT="75" STYLEREFS="font0"/><SP WIDTH="21" VPOS="2651" HPOS="337"/><String ID="p421_w519" CONTENT="its" HPOS="358" VPOS="2651" WIDTH="46" HEIGHT="75" STYLEREFS="font0"/><SP WIDTH="20" VPOS="2651" HPOS="404"/><String ID="p421_w520" CONTENT="vault." HPOS="424" VPOS="2651" WIDTH="100" HEIGHT="75" STYLEREFS="font0"/><SP WIDTH="48" VPOS="2651" HPOS="524"/><String ID="p421_w521" CONTENT="But," HPOS="572" VPOS="2651" WIDTH="80" HEIGHT="75" STYLEREFS="font0"/><SP WIDTH="25" VPOS="2651" HPOS="652"/><String ID="p421_w522" CONTENT="with" HPOS="677" VPOS="2651" WIDTH="78" HEIGHT="75" STYLEREFS="font0"/><SP WIDTH="24" VPOS="2651" HPOS="755"/><String ID="p421_w523" CONTENT="regard" HPOS="779" VPOS="2651" WIDTH="115" HEIGHT="75" STYLEREFS="font0"/><SP WIDTH="24" VPOS="2651" HPOS="894"/><String ID="p421_w524" CONTENT="to" HPOS="918" VPOS="2651" WIDTH="34" HEIGHT="75" STYLEREFS="font0"/><SP WIDTH="22" VPOS="2651" HPOS="952"/><String ID="p421_w525" CONTENT="the" HPOS="974" VPOS="2651" WIDTH="55" HEIGHT="75" STYLEREFS="font0"/><SP WIDTH="18" VPOS="2651" HPOS="1029"/><String ID="p421_w526" CONTENT="beauty" HPOS="1047" VPOS="2651" WIDTH="118" HEIGHT="75" STYLEREFS="font0"/></TextLine><TextLine WIDTH="1042" HEIGHT="75" ID="p421_t56" HPOS="135" VPOS="2697"><String ID="p421_w527" CONTENT="of" HPOS="135" VPOS="2697" WIDTH="40" HEIGHT="75" STYLEREFS="font0"/><SP WIDTH="11" VPOS="2697" HPOS="175"/><String ID="p421_w528" CONTENT="the" HPOS="186" VPOS="2697" WIDTH="55" HEIGHT="75" STYLEREFS="font0"/><SP WIDTH="17" VPOS="2697" HPOS="241"/><String ID="p421_w529" CONTENT="building," HPOS="258" VPOS="2697" WIDTH="156" HEIGHT="75" STYLEREFS="font0"/><SP WIDTH="23" VPOS="2697" HPOS="414"/><String ID="p421_w530" CONTENT="it" HPOS="437" VPOS="2697" WIDTH="26" HEIGHT="75" STYLEREFS="font0"/><SP WIDTH="17" VPOS="2697" HPOS="463"/><String ID="p421_w531" CONTENT="fhould" HPOS="480" VPOS="2697" WIDTH="112" HEIGHT="75" STYLEREFS="font0"/><SP WIDTH="19" VPOS="2697" HPOS="592"/><String ID="p421_w532" CONTENT="not" HPOS="611" VPOS="2697" WIDTH="57" HEIGHT="75" STYLEREFS="font0"/><SP WIDTH="15" VPOS="2697" HPOS="668"/><String ID="p421_w533" CONTENT="be" HPOS="683" VPOS="2697" WIDTH="40" HEIGHT="75" STYLEREFS="font0"/><SP WIDTH="15" VPOS="2697" HPOS="723"/><String ID="p421_w534" CONTENT="lefs" HPOS="738" VPOS="2697" WIDTH="63" HEIGHT="75" STYLEREFS="font0"/><SP WIDTH="14" VPOS="2697" HPOS="801"/><String ID="p421_w535" CONTENT="than" HPOS="815" VPOS="2697" WIDTH="76" HEIGHT="75" STYLEREFS="font0"/><SP WIDTH="19" VPOS="2697" HPOS="891"/><String ID="p421_w536" CONTENT="one" HPOS="910" VPOS="2697" WIDTH="60" HEIGHT="75" STYLEREFS="font0"/><SP WIDTH="17" VPOS="2697" HPOS="970"/><String ID="p421_w537" CONTENT="quarter" HPOS="987" VPOS="2697" WIDTH="131" HEIGHT="75" STYLEREFS="font0"/><SP WIDTH="12" VPOS="2697" HPOS="1118"/><String ID="p421_w538" CONTENT="oF" HPOS="1130" VPOS="2697" WIDTH="47" HEIGHT="75" STYLEREFS="font0"/></TextLine><TextLine WIDTH="1030" HEIGHT="75" ID="p421_t57" HPOS="135" VPOS="2743"><String ID="p421_w539" CONTENT="the" HPOS="135" VPOS="2743" WIDTH="56" HEIGHT="75" STYLEREFS="font0"/><SP WIDTH="17" VPOS="2743" HPOS="191"/><String ID="p421_w540" CONTENT="breadth" HPOS="208" VPOS="2743" WIDTH="134" HEIGHT="75" STYLEREFS="font0"/><SP WIDTH="17" VPOS="2743" HPOS="342"/><String ID="p421_w541" CONTENT="of" HPOS="359" VPOS="2743" WIDTH="40" HEIGHT="75" STYLEREFS="font0"/><SP WIDTH="12" VPOS="2743" HPOS="399"/><String ID="p421_w542" CONTENT="the" HPOS="411" VPOS="2743" WIDTH="55" HEIGHT="75" STYLEREFS="font0"/><SP WIDTH="16" VPOS="2743" HPOS="466"/><String ID="p421_w543" CONTENT="arch," HPOS="482" VPOS="2743" WIDTH="90" HEIGHT="75" STYLEREFS="font0"/><SP WIDTH="17" VPOS="2743" HPOS="572"/><String ID="p421_w544" CONTENT="nor" HPOS="589" VPOS="2743" WIDTH="59" HEIGHT="75" STYLEREFS="font0"/><SP WIDTH="12" VPOS="2743" HPOS="648"/><String ID="p421_w545" CONTENT="more" HPOS="660" VPOS="2743" WIDTH="89" HEIGHT="75" STYLEREFS="font0"/><SP WIDTH="16" VPOS="2743" HPOS="749"/><String ID="p421_w546" CONTENT="than" HPOS="765" VPOS="2743" WIDTH="77" HEIGHT="75" STYLEREFS="font0"/><SP WIDTH="11" VPOS="2743" HPOS="842"/><String ID="p421_w547" CONTENT="one" HPOS="853" VPOS="2743" WIDTH="60" HEIGHT="75" STYLEREFS="font0"/><SP WIDTH="18" VPOS="2743" HPOS="913"/><String ID="p421_w548" CONTENT="third." HPOS="931" VPOS="2743" WIDTH="99" HEIGHT="75" STYLEREFS="font0"/><SP WIDTH="25" VPOS="2743" HPOS="1030"/><String ID="p421_w549" CONTENT="Thefe" HPOS="1055" VPOS="2743" WIDTH="110" HEIGHT="75" STYLEREFS="font0"/></TextLine><TextLine WIDTH="669" HEIGHT="75" ID="p421_t58" HPOS="136" VPOS="2790"><String ID="p421_w550" CONTENT="are" HPOS="136" VPOS="2790" WIDTH="53" HEIGHT="75" STYLEREFS="font0"/><SP WIDTH="12" VPOS="2790" HPOS="189"/><String ID="p421_w551" CONTENT="the" HPOS="201" VPOS="2790" WIDTH="55" HEIGHT="75" STYLEREFS="font0"/><SP WIDTH="15" VPOS="2790" HPOS="256"/><String ID="p421_w552" CONTENT="general" HPOS="271" VPOS="2790" WIDTH="128" HEIGHT="75" STYLEREFS="font0"/><SP WIDTH="16" VPOS="2790" HPOS="399"/><String ID="p421_w553" CONTENT="dimenfions" HPOS="415" VPOS="2790" WIDTH="188" HEIGHT="75" STYLEREFS="font0"/><SP WIDTH="20" VPOS="2790" HPOS="603"/><String ID="p421_w554" CONTENT="of" HPOS="623" VPOS="2790" WIDTH="40" HEIGHT="75" STYLEREFS="font0"/><SP WIDTH="17" VPOS="2790" HPOS="663"/><String ID="p421_w555" CONTENT="arches." HPOS="680" VPOS="2790" WIDTH="125" HEIGHT="75" STYLEREFS="font0"/></TextLine><TextLine WIDTH="846" HEIGHT="75" ID="p421_t59" HPOS="229" VPOS="2870"><String ID="p421_w556" CONTENT="OF" HPOS="229" VPOS="2870" WIDTH="71" HEIGHT="75" STYLEREFS="font0"/><SP WIDTH="31" VPOS="2870" HPOS="300"/><String ID="p421_w557" CONTENT="ORDERS" HPOS="331" VPOS="2870" WIDTH="236" HEIGHT="75" STYLEREFS="font0"/><SP WIDTH="29" VPOS="2870" HPOS="567"/><String ID="p421_w558" CONTENT="ABOVE" HPOS="596" VPOS="2870" WIDTH="197" HEIGHT="75" STYLEREFS="font0"/><SP WIDTH="34" VPOS="2870" HPOS="793"/><String ID="p421_w559" CONTENT="ORDERS." HPOS="827" VPOS="2870" WIDTH="248" HEIGHT="75" STYLEREFS="font0"/></TextLine><TextLine WIDTH="981" HEIGHT="75" ID="p421_t60" HPOS="182" VPOS="2928"><String ID="p421_w560" CONTENT="Wh" HPOS="182" VPOS="2928" WIDTH="74" HEIGHT="75" STYLEREFS="font0"/><SP WIDTH="7" VPOS="2928" HPOS="256"/><String ID="p421_w561" CONTENT="en," HPOS="263" VPOS="2928" WIDTH="61" HEIGHT="75" STYLEREFS="font0"/><SP WIDTH="16" VPOS="2928" HPOS="324"/><String ID="p421_w562" CONTENT="in" HPOS="340" VPOS="2928" WIDTH="33" HEIGHT="75" STYLEREFS="font0"/><SP WIDTH="12" VPOS="2928" HPOS="373"/><String ID="p421_w563" CONTENT="a" HPOS="385" VPOS="2928" WIDTH="19" HEIGHT="75" STYLEREFS="font0"/><SP WIDTH="14" VPOS="2928" HPOS="404"/><String ID="p421_w564" CONTENT="building," HPOS="418" VPOS="2928" WIDTH="158" HEIGHT="75" STYLEREFS="font0"/><SP WIDTH="16" VPOS="2928" HPOS="576"/><String ID="p421_w565" CONTENT="two" HPOS="592" VPOS="2928" WIDTH="67" HEIGHT="75" STYLEREFS="font0"/><SP WIDTH="10" VPOS="2928" HPOS="659"/><String ID="p421_w566" CONTENT="or" HPOS="669" VPOS="2928" WIDTH="37" HEIGHT="75" STYLEREFS="font0"/><SP WIDTH="11" VPOS="2928" HPOS="706"/><String ID="p421_w567" CONTENT="more" HPOS="717" VPOS="2928" WIDTH="91" HEIGHT="75" STYLEREFS="font0"/><SP WIDTH="12" VPOS="2928" HPOS="808"/><String ID="p421_w568" CONTENT="orders" HPOS="820" VPOS="2928" WIDTH="111" HEIGHT="75" STYLEREFS="font0"/><SP WIDTH="17" VPOS="2928" HPOS="931"/><String ID="p421_w569" CONTENT="are" HPOS="948" VPOS="2928" WIDTH="54" HEIGHT="75" STYLEREFS="font0"/><SP WIDTH="17" VPOS="2928" HPOS="1002"/><String ID="p421_w570" CONTENT="employ*" HPOS="1019" VPOS="2928" WIDTH="144" HEIGHT="75" STYLEREFS="font0"/></TextLine><TextLine WIDTH="79" HEIGHT="75" ID="p421_t61" HPOS="2172" VPOS="100"><String ID="p421_w571" CONTENT="355" HPOS="2172" VPOS="100" WIDTH="79" HEIGHT="75" STYLEREFS="font0"/></TextLine><TextLine WIDTH="1032" HEIGHT="75" ID="p421_t62" HPOS="1222" VPOS="158"><String ID="p421_w572" CONTENT="ed," HPOS="1222" VPOS="158" WIDTH="53" HEIGHT="75" STYLEREFS="font0"/><SP WIDTH="26" VPOS="158" HPOS="1275"/><String ID="p421_w573" CONTENT="one" HPOS="1301" VPOS="158" WIDTH="60" HEIGHT="75" STYLEREFS="font0"/><SP WIDTH="17" VPOS="158" HPOS="1361"/><String ID="p421_w574" CONTENT="above" HPOS="1378" VPOS="158" WIDTH="100" HEIGHT="75" STYLEREFS="font0"/><SP WIDTH="17" VPOS="158" HPOS="1478"/><String ID="p421_w575" CONTENT="another," HPOS="1495" VPOS="158" WIDTH="146" HEIGHT="75" STYLEREFS="font0"/><SP WIDTH="26" VPOS="158" HPOS="1641"/><String ID="p421_w576" CONTENT="the" HPOS="1667" VPOS="158" WIDTH="55" HEIGHT="75" STYLEREFS="font0"/><SP WIDTH="19" VPOS="158" HPOS="1722"/><String ID="p421_w577" CONTENT="laws" HPOS="1741" VPOS="158" WIDTH="79" HEIGHT="75" STYLEREFS="font0"/><SP WIDTH="17" VPOS="158" HPOS="1820"/><String ID="p421_w578" CONTENT="of" HPOS="1837" VPOS="158" WIDTH="41" HEIGHT="75" STYLEREFS="font0"/><SP WIDTH="10" VPOS="158" HPOS="1878"/><String ID="p421_w579" CONTENT="folidity" HPOS="1888" VPOS="158" WIDTH="130" HEIGHT="75" STYLEREFS="font0"/><SP WIDTH="16" VPOS="158" HPOS="2018"/><String ID="p421_w580" CONTENT="require," HPOS="2034" VPOS="158" WIDTH="138" HEIGHT="75" STYLEREFS="font0"/><SP WIDTH="25" VPOS="158" HPOS="2172"/><String ID="p421_w581" CONTENT="the" HPOS="2197" VPOS="158" WIDTH="57" HEIGHT="75" STYLEREFS="font0"/></TextLine><TextLine WIDTH="1033" HEIGHT="75" ID="p421_t63" HPOS="1221" VPOS="205"><String ID="p421_w582" CONTENT="ftrongeft" HPOS="1221" VPOS="205" WIDTH="151" HEIGHT="75" STYLEREFS="font0"/><SP WIDTH="16" VPOS="205" HPOS="1372"/><String ID="p421_w583" CONTENT="fhould" HPOS="1388" VPOS="205" WIDTH="113" HEIGHT="75" STYLEREFS="font0"/><SP WIDTH="16" VPOS="205" HPOS="1501"/><String ID="p421_w584" CONTENT="be" HPOS="1517" VPOS="205" WIDTH="40" HEIGHT="75" STYLEREFS="font0"/><SP WIDTH="16" VPOS="205" HPOS="1557"/><String ID="p421_w585" CONTENT="placed" HPOS="1573" VPOS="205" WIDTH="112" HEIGHT="75" STYLEREFS="font0"/><SP WIDTH="15" VPOS="205" HPOS="1685"/><String ID="p421_w586" CONTENT="lowermoft." HPOS="1700" VPOS="205" WIDTH="193" HEIGHT="75" STYLEREFS="font0"/><SP WIDTH="33" VPOS="205" HPOS="1893"/><String ID="p421_w587" CONTENT="Hence" HPOS="1926" VPOS="205" WIDTH="113" HEIGHT="75" STYLEREFS="font0"/><SP WIDTH="17" VPOS="205" HPOS="2039"/><String ID="p421_w588" CONTENT="the" HPOS="2056" VPOS="205" WIDTH="55" HEIGHT="75" STYLEREFS="font0"/><SP WIDTH="12" VPOS="205" HPOS="2111"/><String ID="p421_w589" CONTENT="Tufcan" HPOS="2123" VPOS="205" WIDTH="131" HEIGHT="75" STYLEREFS="font0"/></TextLine><TextLine WIDTH="1035" HEIGHT="75" ID="p421_t64" HPOS="1221" VPOS="251"><String ID="p421_w590" CONTENT="muft" HPOS="1221" VPOS="251" WIDTH="80" HEIGHT="75" STYLEREFS="font0"/><SP WIDTH="15" VPOS="251" HPOS="1301"/><String ID="p421_w591" CONTENT="fupport" HPOS="1316" VPOS="251" WIDTH="130" HEIGHT="75" STYLEREFS="font0"/><SP WIDTH="16" VPOS="251" HPOS="1446"/><String ID="p421_w592" CONTENT="the" HPOS="1462" VPOS="251" WIDTH="56" HEIGHT="75" STYLEREFS="font0"/><SP WIDTH="16" VPOS="251" HPOS="1518"/><String ID="p421_w593" CONTENT="Doric," HPOS="1534" VPOS="251" WIDTH="118" HEIGHT="75" STYLEREFS="font0"/><SP WIDTH="26" VPOS="251" HPOS="1652"/><String ID="p421_w594" CONTENT="the" HPOS="1678" VPOS="251" WIDTH="56" HEIGHT="75" STYLEREFS="font0"/><SP WIDTH="17" VPOS="251" HPOS="1734"/><String ID="p421_w595" CONTENT="Doric" HPOS="1751" VPOS="251" WIDTH="105" HEIGHT="75" STYLEREFS="font0"/><SP WIDTH="24" VPOS="251" HPOS="1856"/><String ID="p421_w596" CONTENT="the" HPOS="1880" VPOS="251" WIDTH="56" HEIGHT="75" STYLEREFS="font0"/><SP WIDTH="16" VPOS="251" HPOS="1936"/><String ID="p421_w597" CONTENT="Ionic," HPOS="1952" VPOS="251" WIDTH="104" HEIGHT="75" STYLEREFS="font0"/><SP WIDTH="25" VPOS="251" HPOS="2056"/><String ID="p421_w598" CONTENT="the" HPOS="2081" VPOS="251" WIDTH="56" HEIGHT="75" STYLEREFS="font0"/><SP WIDTH="26" VPOS="251" HPOS="2137"/><String ID="p421_w599" CONTENT="Ionic" HPOS="2163" VPOS="251" WIDTH="93" HEIGHT="75" STYLEREFS="font0"/></TextLine><TextLine WIDTH="1035" HEIGHT="75" ID="p421_t65" HPOS="1221" VPOS="298"><String ID="p421_w600" CONTENT="the" HPOS="1221" VPOS="298" WIDTH="55" HEIGHT="75" STYLEREFS="font0"/><SP WIDTH="14" VPOS="298" HPOS="1276"/><String ID="p421_w601" CONTENT="Compofite" HPOS="1290" VPOS="298" WIDTH="188" HEIGHT="75" STYLEREFS="font0"/><SP WIDTH="17" VPOS="298" HPOS="1478"/><String ID="p421_w602" CONTENT="or" HPOS="1495" VPOS="298" WIDTH="38" HEIGHT="75" STYLEREFS="font0"/><SP WIDTH="16" VPOS="298" HPOS="1533"/><String ID="p421_w603" CONTENT="Corinthian," HPOS="1549" VPOS="298" WIDTH="204" HEIGHT="75" STYLEREFS="font0"/><SP WIDTH="17" VPOS="298" HPOS="1753"/><String ID="p421_w604" CONTENT="and" HPOS="1770" VPOS="298" WIDTH="63" HEIGHT="75" STYLEREFS="font0"/><SP WIDTH="12" VPOS="298" HPOS="1833"/><String ID="p421_w605" CONTENT="the" HPOS="1845" VPOS="298" WIDTH="56" HEIGHT="75" STYLEREFS="font0"/><SP WIDTH="16" VPOS="298" HPOS="1901"/><String ID="p421_w606" CONTENT="Compofite" HPOS="1917" VPOS="298" WIDTH="183" HEIGHT="75" STYLEREFS="font0"/><SP WIDTH="16" VPOS="298" HPOS="2100"/><String ID="p421_w607" CONTENT="the" HPOS="2116" VPOS="298" WIDTH="55" HEIGHT="75" STYLEREFS="font0"/><SP WIDTH="17" VPOS="298" HPOS="2171"/><String ID="p421_w608" CONTENT="Co-" HPOS="2188" VPOS="298" WIDTH="68" HEIGHT="75" STYLEREFS="font0"/></TextLine><TextLine WIDTH="151" HEIGHT="75" ID="p421_t66" HPOS="1221" VPOS="344"><String ID="p421_w609" CONTENT="rinthian." HPOS="1221" VPOS="344" WIDTH="151" HEIGHT="75" STYLEREFS="font0"/></TextLine><TextLine WIDTH="987" HEIGHT="75" ID="p421_t67" HPOS="1267" VPOS="390"><String ID="p421_w610" CONTENT="This" HPOS="1267" VPOS="390" WIDTH="87" HEIGHT="75" STYLEREFS="font0"/><SP WIDTH="17" VPOS="390" HPOS="1354"/><String ID="p421_w611" CONTENT="rule," HPOS="1371" VPOS="390" WIDTH="81" HEIGHT="75" STYLEREFS="font0"/><SP WIDTH="25" VPOS="390" HPOS="1452"/><String ID="p421_w612" CONTENT="however," HPOS="1477" VPOS="390" WIDTH="161" HEIGHT="75" STYLEREFS="font0"/><SP WIDTH="24" VPOS="390" HPOS="1638"/><String ID="p421_w613" CONTENT="is" HPOS="1662" VPOS="390" WIDTH="28" HEIGHT="75" STYLEREFS="font0"/><SP WIDTH="17" VPOS="390" HPOS="1690"/><String ID="p421_w614" CONTENT="not" HPOS="1707" VPOS="390" WIDTH="57" HEIGHT="75" STYLEREFS="font0"/><SP WIDTH="16" VPOS="390" HPOS="1764"/><String ID="p421_w615" CONTENT="always" HPOS="1780" VPOS="390" WIDTH="118" HEIGHT="75" STYLEREFS="font0"/><SP WIDTH="17" VPOS="390" HPOS="1898"/><String ID="p421_w616" CONTENT="ftri&lt;ftly" HPOS="1915" VPOS="390" WIDTH="119" HEIGHT="75" STYLEREFS="font0"/><SP WIDTH="16" VPOS="390" HPOS="2034"/><String ID="p421_w617" CONTENT="adhered" HPOS="2050" VPOS="390" WIDTH="140" HEIGHT="75" STYLEREFS="font0"/><SP WIDTH="16" VPOS="390" HPOS="2190"/><String ID="p421_w618" CONTENT="to." HPOS="2206" VPOS="390" WIDTH="48" HEIGHT="75" STYLEREFS="font0"/></TextLine><TextLine WIDTH="1033" HEIGHT="75" ID="p421_t68" HPOS="1221" VPOS="437"><String ID="p421_w619" CONTENT="Moft-authors" HPOS="1221" VPOS="437" WIDTH="236" HEIGHT="75" STYLEREFS="font0"/><SP WIDTH="16" VPOS="437" HPOS="1457"/><String ID="p421_w620" CONTENT="place" HPOS="1473" VPOS="437" WIDTH="89" HEIGHT="75" STYLEREFS="font0"/><SP WIDTH="17" VPOS="437" HPOS="1562"/><String ID="p421_w621" CONTENT="the" HPOS="1579" VPOS="437" WIDTH="56" HEIGHT="75" STYLEREFS="font0"/><SP WIDTH="17" VPOS="437" HPOS="1635"/><String ID="p421_w622" CONTENT="Compofite" HPOS="1652" VPOS="437" WIDTH="185" HEIGHT="75" STYLEREFS="font0"/><SP WIDTH="23" VPOS="437" HPOS="1837"/><String ID="p421_w623" CONTENT="above" HPOS="1860" VPOS="437" WIDTH="100" HEIGHT="75" STYLEREFS="font0"/><SP WIDTH="16" VPOS="437" HPOS="1960"/><String ID="p421_w624" CONTENT="the" HPOS="1976" VPOS="437" WIDTH="56" HEIGHT="75" STYLEREFS="font0"/><SP WIDTH="17" VPOS="437" HPOS="2032"/><String ID="p421_w625" CONTENT="Corinthian." HPOS="2049" VPOS="437" WIDTH="205" HEIGHT="75" STYLEREFS="font0"/></TextLine><TextLine WIDTH="1035" HEIGHT="75" ID="p421_t69" HPOS="1221" VPOS="483"><String ID="p421_w626" CONTENT="There" HPOS="1221" VPOS="483" WIDTH="114" HEIGHT="75" STYLEREFS="font0"/><SP WIDTH="23" VPOS="483" HPOS="1335"/><String ID="p421_w627" CONTENT="are" HPOS="1358" VPOS="483" WIDTH="54" HEIGHT="75" STYLEREFS="font0"/><SP WIDTH="26" VPOS="483" HPOS="1412"/><String ID="p421_w628" CONTENT="likewife" HPOS="1438" VPOS="483" WIDTH="141" HEIGHT="75" STYLEREFS="font0"/><SP WIDTH="26" VPOS="483" HPOS="1579"/><String ID="p421_w629" CONTENT="examples" HPOS="1605" VPOS="483" WIDTH="164" HEIGHT="75" STYLEREFS="font0"/><SP WIDTH="27" VPOS="483" HPOS="1769"/><String ID="p421_w630" CONTENT="where" HPOS="1796" VPOS="483" WIDTH="108" HEIGHT="75" STYLEREFS="font0"/><SP WIDTH="28" VPOS="483" HPOS="1904"/><String ID="p421_w631" CONTENT="the" HPOS="1932" VPOS="483" WIDTH="55" HEIGHT="75" STYLEREFS="font0"/><SP WIDTH="29" VPOS="483" HPOS="1987"/><String ID="p421_w632" CONTENT="fame" HPOS="2016" VPOS="483" WIDTH="84" HEIGHT="75" STYLEREFS="font0"/><SP WIDTH="17" VPOS="483" HPOS="2100"/><String ID="p421_w633" CONTENT="order" HPOS="2117" VPOS="483" WIDTH="96" HEIGHT="75" STYLEREFS="font0"/><SP WIDTH="15" VPOS="483" HPOS="2213"/><String ID="p421_w634" CONTENT="is" HPOS="2228" VPOS="483" WIDTH="28" HEIGHT="75" STYLEREFS="font0"/></TextLine><TextLine WIDTH="1036" HEIGHT="75" ID="p421_t70" HPOS="1221" VPOS="529"><String ID="p421_w635" CONTENT="repeated," HPOS="1221" VPOS="529" WIDTH="164" HEIGHT="75" STYLEREFS="font0"/><SP WIDTH="25" VPOS="529" HPOS="1385"/><String ID="p421_w636" CONTENT="as" HPOS="1410" VPOS="529" WIDTH="34" HEIGHT="75" STYLEREFS="font0"/><SP WIDTH="16" VPOS="529" HPOS="1444"/><String ID="p421_w637" CONTENT="in" HPOS="1460" VPOS="529" WIDTH="32" HEIGHT="75" STYLEREFS="font0"/><SP WIDTH="18" VPOS="529" HPOS="1492"/><String ID="p421_w638" CONTENT="the" HPOS="1510" VPOS="529" WIDTH="54" HEIGHT="75" STYLEREFS="font0"/><SP WIDTH="13" VPOS="529" HPOS="1564"/><String ID="p421_w639" CONTENT="theatre" HPOS="1577" VPOS="529" WIDTH="126" HEIGHT="75" STYLEREFS="font0"/><SP WIDTH="17" VPOS="529" HPOS="1703"/><String ID="p421_w640" CONTENT="of" HPOS="1720" VPOS="529" WIDTH="39" HEIGHT="75" STYLEREFS="font0"/><SP WIDTH="14" VPOS="529" HPOS="1759"/><String ID="p421_w641" CONTENT="Statilius" HPOS="1773" VPOS="529" WIDTH="147" HEIGHT="75" STYLEREFS="font0"/><SP WIDTH="23" VPOS="529" HPOS="1920"/><String ID="p421_w642" CONTENT="Taurus," HPOS="1943" VPOS="529" WIDTH="145" HEIGHT="75" STYLEREFS="font0"/><SP WIDTH="26" VPOS="529" HPOS="2088"/><String ID="p421_w643" CONTENT="and" HPOS="2114" VPOS="529" WIDTH="63" HEIGHT="75" STYLEREFS="font0"/><SP WIDTH="23" VPOS="529" HPOS="2177"/><String ID="p421_w644" CONTENT="the" HPOS="2200" VPOS="529" WIDTH="57" HEIGHT="75" STYLEREFS="font0"/></TextLine><TextLine WIDTH="1035" HEIGHT="75" ID="p421_t71" HPOS="1221" VPOS="576"><String ID="p421_w645" CONTENT="Colifeum" HPOS="1221" VPOS="576" WIDTH="162" HEIGHT="75" STYLEREFS="font0"/><SP WIDTH="18" VPOS="576" HPOS="1383"/><String ID="p421_w646" CONTENT=";" HPOS="1401" VPOS="576" WIDTH="12" HEIGHT="75" STYLEREFS="font0"/><SP WIDTH="22" VPOS="576" HPOS="1413"/><String ID="p421_w647" CONTENT="and" HPOS="1435" VPOS="576" WIDTH="63" HEIGHT="75" STYLEREFS="font0"/><SP WIDTH="16" VPOS="576" HPOS="1498"/><String ID="p421_w648" CONTENT="others," HPOS="1514" VPOS="576" WIDTH="123" HEIGHT="75" STYLEREFS="font0"/><SP WIDTH="26" VPOS="576" HPOS="1637"/><String ID="p421_w649" CONTENT="where" HPOS="1663" VPOS="576" WIDTH="109" HEIGHT="75" STYLEREFS="font0"/><SP WIDTH="23" VPOS="576" HPOS="1772"/><String ID="p421_w650" CONTENT="an" HPOS="1795" VPOS="576" WIDTH="41" HEIGHT="75" STYLEREFS="font0"/><SP WIDTH="23" VPOS="576" HPOS="1836"/><String ID="p421_w651" CONTENT="intermediate" HPOS="1859" VPOS="576" WIDTH="224" HEIGHT="75" STYLEREFS="font0"/><SP WIDTH="23" VPOS="576" HPOS="2083"/><String ID="p421_w652" CONTENT="order" HPOS="2106" VPOS="576" WIDTH="95" HEIGHT="75" STYLEREFS="font0"/><SP WIDTH="27" VPOS="576" HPOS="2201"/><String ID="p421_w653" CONTENT="is" HPOS="2228" VPOS="576" WIDTH="28" HEIGHT="75" STYLEREFS="font0"/></TextLine><TextLine WIDTH="1036" HEIGHT="75" ID="p421_t72" HPOS="1221" VPOS="621"><String ID="p421_w654" CONTENT="omitted," HPOS="1221" VPOS="621" WIDTH="148" HEIGHT="75" STYLEREFS="font0"/><SP WIDTH="25" VPOS="621" HPOS="1369"/><String ID="p421_w655" CONTENT="and" HPOS="1394" VPOS="621" WIDTH="64" HEIGHT="75" STYLEREFS="font0"/><SP WIDTH="16" VPOS="621" HPOS="1458"/><String ID="p421_w656" CONTENT="the" HPOS="1474" VPOS="621" WIDTH="56" HEIGHT="75" STYLEREFS="font0"/><SP WIDTH="17" VPOS="621" HPOS="1530"/><String ID="p421_w657" CONTENT="Ionic" HPOS="1547" VPOS="621" WIDTH="91" HEIGHT="75" STYLEREFS="font0"/><SP WIDTH="12" VPOS="621" HPOS="1638"/><String ID="p421_w658" CONTENT="placed" HPOS="1650" VPOS="621" WIDTH="112" HEIGHT="75" STYLEREFS="font0"/><SP WIDTH="11" VPOS="621" HPOS="1762"/><String ID="p421_w659" CONTENT="on" HPOS="1773" VPOS="621" WIDTH="42" HEIGHT="75" STYLEREFS="font0"/><SP WIDTH="13" VPOS="621" HPOS="1815"/><String ID="p421_w660" CONTENT="the" HPOS="1828" VPOS="621" WIDTH="55" HEIGHT="75" STYLEREFS="font0"/><SP WIDTH="10" VPOS="621" HPOS="1883"/><String ID="p421_w661" CONTENT="Tufcan," HPOS="1893" VPOS="621" WIDTH="143" HEIGHT="75" STYLEREFS="font0"/><SP WIDTH="26" VPOS="621" HPOS="2036"/><String ID="p421_w662" CONTENT="or" HPOS="2062" VPOS="621" WIDTH="37" HEIGHT="75" STYLEREFS="font0"/><SP WIDTH="16" VPOS="621" HPOS="2099"/><String ID="p421_w663" CONTENT="the" HPOS="2115" VPOS="621" WIDTH="56" HEIGHT="75" STYLEREFS="font0"/><SP WIDTH="16" VPOS="621" HPOS="2171"/><String ID="p421_w664" CONTENT="Co-" HPOS="2187" VPOS="621" WIDTH="70" HEIGHT="75" STYLEREFS="font0"/></TextLine><TextLine WIDTH="1038" HEIGHT="75" ID="p421_t73" HPOS="1219" VPOS="668"><String ID="p421_w665" CONTENT="rinthian" HPOS="1219" VPOS="668" WIDTH="138" HEIGHT="75" STYLEREFS="font0"/><SP WIDTH="18" VPOS="668" HPOS="1357"/><String ID="p421_w666" CONTENT="on" HPOS="1375" VPOS="668" WIDTH="41" HEIGHT="75" STYLEREFS="font0"/><SP WIDTH="13" VPOS="668" HPOS="1416"/><String ID="p421_w667" CONTENT="the" HPOS="1429" VPOS="668" WIDTH="54" HEIGHT="75" STYLEREFS="font0"/><SP WIDTH="14" VPOS="668" HPOS="1483"/><String ID="p421_w668" CONTENT="Doric." HPOS="1497" VPOS="668" WIDTH="120" HEIGHT="75" STYLEREFS="font0"/><SP WIDTH="39" VPOS="668" HPOS="1617"/><String ID="p421_w669" CONTENT="But" HPOS="1656" VPOS="668" WIDTH="67" HEIGHT="75" STYLEREFS="font0"/><SP WIDTH="13" VPOS="668" HPOS="1723"/><String ID="p421_w670" CONTENT="none" HPOS="1736" VPOS="668" WIDTH="81" HEIGHT="75" STYLEREFS="font0"/><SP WIDTH="17" VPOS="668" HPOS="1817"/><String ID="p421_w671" CONTENT="of" HPOS="1834" VPOS="668" WIDTH="40" HEIGHT="75" STYLEREFS="font0"/><SP WIDTH="10" VPOS="668" HPOS="1874"/><String ID="p421_w672" CONTENT="thefe" HPOS="1884" VPOS="668" WIDTH="88" HEIGHT="75" STYLEREFS="font0"/><SP WIDTH="12" VPOS="668" HPOS="1972"/><String ID="p421_w673" CONTENT="piaftices" HPOS="1984" VPOS="668" WIDTH="153" HEIGHT="75" STYLEREFS="font0"/><SP WIDTH="16" VPOS="668" HPOS="2137"/><String ID="p421_w674" CONTENT="ought" HPOS="2153" VPOS="668" WIDTH="104" HEIGHT="75" STYLEREFS="font0"/></TextLine><TextLine WIDTH="269" HEIGHT="75" ID="p421_t74" HPOS="1219" VPOS="714"><String ID="p421_w675" CONTENT="to" HPOS="1219" VPOS="714" WIDTH="35" HEIGHT="75" STYLEREFS="font0"/><SP WIDTH="19" VPOS="714" HPOS="1254"/><String ID="p421_w676" CONTENT="be" HPOS="1273" VPOS="714" WIDTH="40" HEIGHT="75" STYLEREFS="font0"/><SP WIDTH="16" VPOS="714" HPOS="1313"/><String ID="p421_w677" CONTENT="imitated." HPOS="1329" VPOS="714" WIDTH="159" HEIGHT="75" STYLEREFS="font0"/></TextLine><TextLine WIDTH="989" HEIGHT="75" ID="p421_t75" HPOS="1267" VPOS="761"><String ID="p421_w678" CONTENT="In" HPOS="1267" VPOS="761" WIDTH="38" HEIGHT="75" STYLEREFS="font0"/><SP WIDTH="23" VPOS="761" HPOS="1305"/><String ID="p421_w679" CONTENT="placing" HPOS="1328" VPOS="761" WIDTH="126" HEIGHT="75" STYLEREFS="font0"/><SP WIDTH="17" VPOS="761" HPOS="1454"/><String ID="p421_w680" CONTENT="columns" HPOS="1471" VPOS="761" WIDTH="144" HEIGHT="75" STYLEREFS="font0"/><SP WIDTH="17" VPOS="761" HPOS="1615"/><String ID="p421_w681" CONTENT="above" HPOS="1632" VPOS="761" WIDTH="100" HEIGHT="75" STYLEREFS="font0"/><SP WIDTH="17" VPOS="761" HPOS="1732"/><String ID="p421_w682" CONTENT="one" HPOS="1749" VPOS="761" WIDTH="61" HEIGHT="75" STYLEREFS="font0"/><SP WIDTH="16" VPOS="761" HPOS="1810"/><String ID="p421_w683" CONTENT="another," HPOS="1826" VPOS="761" WIDTH="148" HEIGHT="75" STYLEREFS="font0"/><SP WIDTH="25" VPOS="761" HPOS="1974"/><String ID="p421_w684" CONTENT="the" HPOS="1999" VPOS="761" WIDTH="56" HEIGHT="75" STYLEREFS="font0"/><SP WIDTH="16" VPOS="761" HPOS="2055"/><String ID="p421_w685" CONTENT="axis" HPOS="2071" VPOS="761" WIDTH="71" HEIGHT="75" STYLEREFS="font0"/><SP WIDTH="17" VPOS="761" HPOS="2142"/><String ID="p421_w686" CONTENT="of" HPOS="2159" VPOS="761" WIDTH="41" HEIGHT="75" STYLEREFS="font0"/><SP WIDTH="11" VPOS="761" HPOS="2200"/><String ID="p421_w687" CONTENT="all" HPOS="2211" VPOS="761" WIDTH="45" HEIGHT="75" STYLEREFS="font0"/></TextLine><TextLine WIDTH="1036" HEIGHT="75" ID="p421_t76" HPOS="1219" VPOS="808"><String ID="p421_w688" CONTENT="the" HPOS="1219" VPOS="808" WIDTH="55" HEIGHT="75" STYLEREFS="font0"/><SP WIDTH="17" VPOS="808" HPOS="1274"/><String ID="p421_w689" CONTENT="columns" HPOS="1291" VPOS="808" WIDTH="143" HEIGHT="75" STYLEREFS="font0"/><SP WIDTH="17" VPOS="808" HPOS="1434"/><String ID="p421_w690" CONTENT="ought" HPOS="1451" VPOS="808" WIDTH="100" HEIGHT="75" STYLEREFS="font0"/><SP WIDTH="18" VPOS="808" HPOS="1551"/><String ID="p421_w691" CONTENT="to" HPOS="1569" VPOS="808" WIDTH="34" HEIGHT="75" STYLEREFS="font0"/><SP WIDTH="17" VPOS="808" HPOS="1603"/><String ID="p421_w692" CONTENT="correfpond," HPOS="1620" VPOS="808" WIDTH="204" HEIGHT="75" STYLEREFS="font0"/><SP WIDTH="26" VPOS="808" HPOS="1824"/><String ID="p421_w693" CONTENT="or" HPOS="1850" VPOS="808" WIDTH="38" HEIGHT="75" STYLEREFS="font0"/><SP WIDTH="16" VPOS="808" HPOS="1888"/><String ID="p421_w694" CONTENT="be" HPOS="1904" VPOS="808" WIDTH="40" HEIGHT="75" STYLEREFS="font0"/><SP WIDTH="16" VPOS="808" HPOS="1944"/><String ID="p421_w695" CONTENT="in" HPOS="1960" VPOS="808" WIDTH="33" HEIGHT="75" STYLEREFS="font0"/><SP WIDTH="17" VPOS="808" HPOS="1993"/><String ID="p421_w696" CONTENT="the" HPOS="2010" VPOS="808" WIDTH="56" HEIGHT="75" STYLEREFS="font0"/><SP WIDTH="17" VPOS="808" HPOS="2066"/><String ID="p421_w697" CONTENT="fame" HPOS="2083" VPOS="808" WIDTH="85" HEIGHT="75" STYLEREFS="font0"/><SP WIDTH="15" VPOS="808" HPOS="2168"/><String ID="p421_w698" CONTENT="per-" HPOS="2183" VPOS="808" WIDTH="72" HEIGHT="75" STYLEREFS="font0"/></TextLine><TextLine WIDTH="608" HEIGHT="75" ID="p421_t77" HPOS="1219" VPOS="854"><String ID="p421_w699" CONTENT="pendicular" HPOS="1219" VPOS="854" WIDTH="186" HEIGHT="75" STYLEREFS="font0"/><SP WIDTH="21" VPOS="854" HPOS="1405"/><String ID="p421_w700" CONTENT="line," HPOS="1426" VPOS="854" WIDTH="78" HEIGHT="75" STYLEREFS="font0"/><SP WIDTH="26" VPOS="854" HPOS="1504"/><String ID="p421_w701" CONTENT="at" HPOS="1530" VPOS="854" WIDTH="33" HEIGHT="75" STYLEREFS="font0"/><SP WIDTH="15" VPOS="854" HPOS="1563"/><String ID="p421_w702" CONTENT="leaft" HPOS="1578" VPOS="854" WIDTH="76" HEIGHT="75" STYLEREFS="font0"/><SP WIDTH="23" VPOS="854" HPOS="1654"/><String ID="p421_w703" CONTENT="in" HPOS="1677" VPOS="854" WIDTH="33" HEIGHT="75" STYLEREFS="font0"/><SP WIDTH="15" VPOS="854" HPOS="1710"/><String ID="p421_w704" CONTENT="front." HPOS="1725" VPOS="854" WIDTH="102" HEIGHT="75" STYLEREFS="font0"/></TextLine><TextLine WIDTH="989" HEIGHT="75" ID="p421_t78" HPOS="1266" VPOS="899"><String ID="p421_w705" CONTENT="With" HPOS="1266" VPOS="899" WIDTH="97" HEIGHT="75" STYLEREFS="font0"/><SP WIDTH="18" VPOS="899" HPOS="1363"/><String ID="p421_w706" CONTENT="regard" HPOS="1381" VPOS="899" WIDTH="115" HEIGHT="75" STYLEREFS="font0"/><SP WIDTH="16" VPOS="899" HPOS="1496"/><String ID="p421_w707" CONTENT="to" HPOS="1512" VPOS="899" WIDTH="36" HEIGHT="75" STYLEREFS="font0"/><SP WIDTH="16" VPOS="899" HPOS="1548"/><String ID="p421_w708" CONTENT="the" HPOS="1564" VPOS="899" WIDTH="55" HEIGHT="75" STYLEREFS="font0"/><SP WIDTH="17" VPOS="899" HPOS="1619"/><String ID="p421_w709" CONTENT="proportions" HPOS="1636" VPOS="899" WIDTH="206" HEIGHT="75" STYLEREFS="font0"/><SP WIDTH="18" VPOS="899" HPOS="1842"/><String ID="p421_w710" CONTENT="of" HPOS="1860" VPOS="899" WIDTH="40" HEIGHT="75" STYLEREFS="font0"/><SP WIDTH="23" VPOS="899" HPOS="1900"/><String ID="p421_w711" CONTENT="columns" HPOS="1923" VPOS="899" WIDTH="143" HEIGHT="75" STYLEREFS="font0"/><SP WIDTH="25" VPOS="899" HPOS="2066"/><String ID="p421_w712" CONTENT="placed" HPOS="2091" VPOS="899" WIDTH="112" HEIGHT="75" STYLEREFS="font0"/><SP WIDTH="19" VPOS="899" HPOS="2203"/><String ID="p421_w713" CONTENT="a-" HPOS="2222" VPOS="899" WIDTH="33" HEIGHT="75" STYLEREFS="font0"/></TextLine><TextLine WIDTH="1036" HEIGHT="75" ID="p421_t79" HPOS="1220" VPOS="946"><String ID="p421_w714" CONTENT="bove" HPOS="1220" VPOS="946" WIDTH="83" HEIGHT="75" STYLEREFS="font0"/><SP WIDTH="29" VPOS="946" HPOS="1303"/><String ID="p421_w715" CONTENT="each" HPOS="1332" VPOS="946" WIDTH="77" HEIGHT="75" STYLEREFS="font0"/><SP WIDTH="24" VPOS="946" HPOS="1409"/><String ID="p421_w716" CONTENT="other," HPOS="1433" VPOS="946" WIDTH="108" HEIGHT="75" STYLEREFS="font0"/><SP WIDTH="26" VPOS="946" HPOS="1541"/><String ID="p421_w717" CONTENT="Scamozzis" HPOS="1567" VPOS="946" WIDTH="200" HEIGHT="75" STYLEREFS="font0"/><SP WIDTH="18" VPOS="946" HPOS="1767"/><String ID="p421_w718" CONTENT="rule," HPOS="1785" VPOS="946" WIDTH="80" HEIGHT="75" STYLEREFS="font0"/><SP WIDTH="26" VPOS="946" HPOS="1865"/><String ID="p421_w719" CONTENT="That" HPOS="1891" VPOS="946" WIDTH="92" HEIGHT="75" STYLEREFS="font0"/><SP WIDTH="15" VPOS="946" HPOS="1983"/><String ID="p421_w720" CONTENT="the" HPOS="1998" VPOS="946" WIDTH="56" HEIGHT="75" STYLEREFS="font0"/><SP WIDTH="15" VPOS="946" HPOS="2054"/><String ID="p421_w721" CONTENT="lower" HPOS="2069" VPOS="946" WIDTH="101" HEIGHT="75" STYLEREFS="font0"/><SP WIDTH="17" VPOS="946" HPOS="2170"/><String ID="p421_w722" CONTENT="dia-" HPOS="2187" VPOS="946" WIDTH="69" HEIGHT="75" STYLEREFS="font0"/></TextLine><TextLine WIDTH="1035" HEIGHT="75" ID="p421_t80" HPOS="1220" VPOS="991"><String ID="p421_w723" CONTENT="meter" HPOS="1220" VPOS="991" WIDTH="102" HEIGHT="75" STYLEREFS="font0"/><SP WIDTH="16" VPOS="991" HPOS="1322"/><String ID="p421_w724" CONTENT="of" HPOS="1338" VPOS="991" WIDTH="41" HEIGHT="75" STYLEREFS="font0"/><SP WIDTH="11" VPOS="991" HPOS="1379"/><String ID="p421_w725" CONTENT="the" HPOS="1390" VPOS="991" WIDTH="55" HEIGHT="75" STYLEREFS="font0"/><SP WIDTH="17" VPOS="991" HPOS="1445"/><String ID="p421_w726" CONTENT="fuperior" HPOS="1462" VPOS="991" WIDTH="143" HEIGHT="75" STYLEREFS="font0"/><SP WIDTH="22" VPOS="991" HPOS="1605"/><String ID="p421_w727" CONTENT="column" HPOS="1627" VPOS="991" WIDTH="128" HEIGHT="75" STYLEREFS="font0"/><SP WIDTH="17" VPOS="991" HPOS="1755"/><String ID="p421_w728" CONTENT="fhould" HPOS="1772" VPOS="991" WIDTH="112" HEIGHT="75" STYLEREFS="font0"/><SP WIDTH="24" VPOS="991" HPOS="1884"/><String ID="p421_w729" CONTENT="conftantly" HPOS="1908" VPOS="991" WIDTH="177" HEIGHT="75" STYLEREFS="font0"/><SP WIDTH="17" VPOS="991" HPOS="2085"/><String ID="p421_w730" CONTENT="be" HPOS="2102" VPOS="991" WIDTH="39" HEIGHT="75" STYLEREFS="font0"/><SP WIDTH="18" VPOS="991" HPOS="2141"/><String ID="p421_w731" CONTENT="equal" HPOS="2159" VPOS="991" WIDTH="96" HEIGHT="75" STYLEREFS="font0"/></TextLine><TextLine WIDTH="1038" HEIGHT="75" ID="p421_t81" HPOS="1220" VPOS="1038"><String ID="p421_w732" CONTENT="to" HPOS="1220" VPOS="1038" WIDTH="35" HEIGHT="75" STYLEREFS="font0"/><SP WIDTH="23" VPOS="1038" HPOS="1255"/><String ID="p421_w733" CONTENT="the" HPOS="1278" VPOS="1038" WIDTH="57" HEIGHT="75" STYLEREFS="font0"/><SP WIDTH="15" VPOS="1038" HPOS="1335"/><String ID="p421_w734" CONTENT="upper" HPOS="1350" VPOS="1038" WIDTH="100" HEIGHT="75" STYLEREFS="font0"/><SP WIDTH="16" VPOS="1038" HPOS="1450"/><String ID="p421_w735" CONTENT="diameter" HPOS="1466" VPOS="1038" WIDTH="157" HEIGHT="75" STYLEREFS="font0"/><SP WIDTH="15" VPOS="1038" HPOS="1623"/><String ID="p421_w736" CONTENT="of" HPOS="1638" VPOS="1038" WIDTH="40" HEIGHT="75" STYLEREFS="font0"/><SP WIDTH="11" VPOS="1038" HPOS="1678"/><String ID="p421_w737" CONTENT="the" HPOS="1689" VPOS="1038" WIDTH="56" HEIGHT="75" STYLEREFS="font0"/><SP WIDTH="17" VPOS="1038" HPOS="1745"/><String ID="p421_w738" CONTENT="inferior" HPOS="1762" VPOS="1038" WIDTH="133" HEIGHT="75" STYLEREFS="font0"/><SP WIDTH="16" VPOS="1038" HPOS="1895"/><String ID="p421_w739" CONTENT="one," HPOS="1911" VPOS="1038" WIDTH="74" HEIGHT="75" STYLEREFS="font0"/><SP WIDTH="24" VPOS="1038" HPOS="1985"/><String ID="p421_w740" CONTENT="is" HPOS="2009" VPOS="1038" WIDTH="28" HEIGHT="75" STYLEREFS="font0"/><SP WIDTH="28" VPOS="1038" HPOS="2037"/><String ID="p421_w741" CONTENT="univerfally" HPOS="2065" VPOS="1038" WIDTH="193" HEIGHT="75" STYLEREFS="font0"/></TextLine><TextLine WIDTH="1036" HEIGHT="75" ID="p421_t82" HPOS="1221" VPOS="1084"><String ID="p421_w742" CONTENT="efteemed" HPOS="1221" VPOS="1084" WIDTH="158" HEIGHT="75" STYLEREFS="font0"/><SP WIDTH="17" VPOS="1084" HPOS="1379"/><String ID="p421_w743" CONTENT="the" HPOS="1396" VPOS="1084" WIDTH="56" HEIGHT="75" STYLEREFS="font0"/><SP WIDTH="16" VPOS="1084" HPOS="1452"/><String ID="p421_w744" CONTENT="beft," HPOS="1468" VPOS="1084" WIDTH="78" HEIGHT="75" STYLEREFS="font0"/><SP WIDTH="26" VPOS="1084" HPOS="1546"/><String ID="p421_w745" CONTENT="and" HPOS="1572" VPOS="1084" WIDTH="63" HEIGHT="75" STYLEREFS="font0"/><SP WIDTH="16" VPOS="1084" HPOS="1635"/><String ID="p421_w746" CONTENT="gives" HPOS="1651" VPOS="1084" WIDTH="87" HEIGHT="75" STYLEREFS="font0"/><SP WIDTH="16" VPOS="1084" HPOS="1738"/><String ID="p421_w747" CONTENT="all" HPOS="1754" VPOS="1084" WIDTH="43" HEIGHT="75" STYLEREFS="font0"/><SP WIDTH="17" VPOS="1084" HPOS="1797"/><String ID="p421_w748" CONTENT="the" HPOS="1814" VPOS="1084" WIDTH="55" HEIGHT="75" STYLEREFS="font0"/><SP WIDTH="17" VPOS="1084" HPOS="1869"/><String ID="p421_w749" CONTENT="columns" HPOS="1886" VPOS="1084" WIDTH="145" HEIGHT="75" STYLEREFS="font0"/><SP WIDTH="22" VPOS="1084" HPOS="2031"/><String ID="p421_w750" CONTENT="the" HPOS="2053" VPOS="1084" WIDTH="56" HEIGHT="75" STYLEREFS="font0"/><SP WIDTH="16" VPOS="1084" HPOS="2109"/><String ID="p421_w751" CONTENT="appear-" HPOS="2125" VPOS="1084" WIDTH="132" HEIGHT="75" STYLEREFS="font0"/></TextLine><TextLine WIDTH="1035" HEIGHT="75" ID="p421_t83" HPOS="1222" VPOS="1129"><String ID="p421_w752" CONTENT="ance" HPOS="1222" VPOS="1129" WIDTH="76" HEIGHT="75" STYLEREFS="font0"/><SP WIDTH="17" VPOS="1129" HPOS="1298"/><String ID="p421_w753" CONTENT="f" HPOS="1315" VPOS="1129" WIDTH="40" HEIGHT="75" STYLEREFS="font0"/><SP WIDTH="11" VPOS="1129" HPOS="1355"/><String ID="p421_w754" CONTENT="one" HPOS="1366" VPOS="1129" WIDTH="60" HEIGHT="75" STYLEREFS="font0"/><SP WIDTH="17" VPOS="1129" HPOS="1426"/><String ID="p421_w755" CONTENT="long" HPOS="1443" VPOS="1129" WIDTH="76" HEIGHT="75" STYLEREFS="font0"/><SP WIDTH="16" VPOS="1129" HPOS="1519"/><String ID="p421_w756" CONTENT="tapering" HPOS="1535" VPOS="1129" WIDTH="146" HEIGHT="75" STYLEREFS="font0"/><SP WIDTH="28" VPOS="1129" HPOS="1681"/><String ID="p421_w757" CONTENT="tree," HPOS="1709" VPOS="1129" WIDTH="79" HEIGHT="75" STYLEREFS="font0"/><SP WIDTH="26" VPOS="1129" HPOS="1788"/><String ID="p421_w758" CONTENT="cut" HPOS="1814" VPOS="1129" WIDTH="55" HEIGHT="75" STYLEREFS="font0"/><SP WIDTH="27" VPOS="1129" HPOS="1869"/><String ID="p421_w759" CONTENT="into" HPOS="1896" VPOS="1129" WIDTH="69" HEIGHT="75" STYLEREFS="font0"/><SP WIDTH="26" VPOS="1129" HPOS="1965"/><String ID="p421_w760" CONTENT="feveral" HPOS="1991" VPOS="1129" WIDTH="120" HEIGHT="75" STYLEREFS="font0"/><SP WIDTH="27" VPOS="1129" HPOS="2111"/><String ID="p421_w761" CONTENT="pieces." HPOS="2138" VPOS="1129" WIDTH="119" HEIGHT="75" STYLEREFS="font0"/></TextLine><TextLine WIDTH="1037" HEIGHT="75" ID="p421_t84" HPOS="1221" VPOS="1177"><String ID="p421_w762" CONTENT="According" HPOS="1221" VPOS="1177" WIDTH="188" HEIGHT="75" STYLEREFS="font0"/><SP WIDTH="15" VPOS="1177" HPOS="1409"/><String ID="p421_w763" CONTENT="to" HPOS="1424" VPOS="1177" WIDTH="35" HEIGHT="75" STYLEREFS="font0"/><SP WIDTH="24" VPOS="1177" HPOS="1459"/><String ID="p421_w764" CONTENT="this" HPOS="1483" VPOS="1177" WIDTH="64" HEIGHT="75" STYLEREFS="font0"/><SP WIDTH="18" VPOS="1177" HPOS="1547"/><String ID="p421_w765" CONTENT="rule," HPOS="1565" VPOS="1177" WIDTH="81" HEIGHT="75" STYLEREFS="font0"/><SP WIDTH="26" VPOS="1177" HPOS="1646"/><String ID="p421_w766" CONTENT="the" HPOS="1672" VPOS="1177" WIDTH="56" HEIGHT="75" STYLEREFS="font0"/><SP WIDTH="17" VPOS="1177" HPOS="1728"/><String ID="p421_w767" CONTENT="Doric" HPOS="1745" VPOS="1177" WIDTH="105" HEIGHT="75" STYLEREFS="font0"/><SP WIDTH="17" VPOS="1177" HPOS="1850"/><String ID="p421_w768" CONTENT="column" HPOS="1867" VPOS="1177" WIDTH="127" HEIGHT="75" STYLEREFS="font0"/><SP WIDTH="17" VPOS="1177" HPOS="1994"/><String ID="p421_w769" CONTENT="will" HPOS="2011" VPOS="1177" WIDTH="66" HEIGHT="75" STYLEREFS="font0"/><SP WIDTH="18" VPOS="1177" HPOS="2077"/><String ID="p421_w770" CONTENT="be" HPOS="2095" VPOS="1177" WIDTH="39" HEIGHT="75" STYLEREFS="font0"/><SP WIDTH="14" VPOS="1177" HPOS="2134"/><String ID="p421_w771" CONTENT="to" HPOS="2148" VPOS="1177" WIDTH="36" HEIGHT="75" STYLEREFS="font0"/><SP WIDTH="17" VPOS="1177" HPOS="2184"/><String ID="p421_w772" CONTENT="the" HPOS="2201" VPOS="1177" WIDTH="57" HEIGHT="75" STYLEREFS="font0"/></TextLine><TextLine WIDTH="1033" HEIGHT="75" ID="p421_t85" HPOS="1221" VPOS="1222"><String ID="p421_w773" CONTENT="Tufcan," HPOS="1221" VPOS="1222" WIDTH="142" HEIGHT="75" STYLEREFS="font0"/><SP WIDTH="18" VPOS="1222" HPOS="1363"/><String ID="p421_w774" CONTENT="as" HPOS="1381" VPOS="1222" WIDTH="34" HEIGHT="75" STYLEREFS="font0"/><SP WIDTH="22" VPOS="1222" HPOS="1415"/><String ID="p421_w775" CONTENT="13-f" HPOS="1437" VPOS="1222" WIDTH="68" HEIGHT="75" STYLEREFS="font0"/><SP WIDTH="15" VPOS="1222" HPOS="1505"/><String ID="p421_w776" CONTENT="to" HPOS="1520" VPOS="1222" WIDTH="36" HEIGHT="75" STYLEREFS="font0"/><SP WIDTH="25" VPOS="1222" HPOS="1556"/><String ID="p421_w777" CONTENT="14" HPOS="1581" VPOS="1222" WIDTH="41" HEIGHT="75" STYLEREFS="font0"/><SP WIDTH="15" VPOS="1222" HPOS="1622"/><String ID="p421_w778" CONTENT=";" HPOS="1637" VPOS="1222" WIDTH="10" HEIGHT="75" STYLEREFS="font0"/><SP WIDTH="39" VPOS="1222" HPOS="1647"/><String ID="p421_w779" CONTENT="the" HPOS="1686" VPOS="1222" WIDTH="57" HEIGHT="75" STYLEREFS="font0"/><SP WIDTH="28" VPOS="1222" HPOS="1743"/><String ID="p421_w780" CONTENT="Ionic" HPOS="1771" VPOS="1222" WIDTH="91" HEIGHT="75" STYLEREFS="font0"/><SP WIDTH="17" VPOS="1222" HPOS="1862"/><String ID="p421_w781" CONTENT="to" HPOS="1879" VPOS="1222" WIDTH="35" HEIGHT="75" STYLEREFS="font0"/><SP WIDTH="17" VPOS="1222" HPOS="1914"/><String ID="p421_w782" CONTENT="the" HPOS="1931" VPOS="1222" WIDTH="55" HEIGHT="75" STYLEREFS="font0"/><SP WIDTH="17" VPOS="1222" HPOS="1986"/><String ID="p421_w783" CONTENT="Doric," HPOS="2003" VPOS="1222" WIDTH="117" HEIGHT="75" STYLEREFS="font0"/><SP WIDTH="33" VPOS="1222" HPOS="2120"/><String ID="p421_w784" CONTENT="as" HPOS="2153" VPOS="1222" WIDTH="35" HEIGHT="75" STYLEREFS="font0"/><SP WIDTH="26" VPOS="1222" HPOS="2188"/><String ID="p421_w785" CONTENT="15" HPOS="2214" VPOS="1222" WIDTH="40" HEIGHT="75" STYLEREFS="font0"/></TextLine><TextLine WIDTH="1036" HEIGHT="75" ID="p421_t86" HPOS="1222" VPOS="1270"><String ID="p421_w786" CONTENT="to" HPOS="1222" VPOS="1270" WIDTH="35" HEIGHT="75" STYLEREFS="font0"/><SP WIDTH="22" VPOS="1270" HPOS="1257"/><String ID="p421_w787" CONTENT="16;" HPOS="1279" VPOS="1270" WIDTH="63" HEIGHT="75" STYLEREFS="font0"/><SP WIDTH="27" VPOS="1270" HPOS="1342"/><String ID="p421_w788" CONTENT="the" HPOS="1369" VPOS="1270" WIDTH="55" HEIGHT="75" STYLEREFS="font0"/><SP WIDTH="29" VPOS="1270" HPOS="1424"/><String ID="p421_w789" CONTENT="Compofite" HPOS="1453" VPOS="1270" WIDTH="183" HEIGHT="75" STYLEREFS="font0"/><SP WIDTH="28" VPOS="1270" HPOS="1636"/><String ID="p421_w790" CONTENT="or" HPOS="1664" VPOS="1270" WIDTH="39" HEIGHT="75" STYLEREFS="font0"/><SP WIDTH="27" VPOS="1270" HPOS="1703"/><String ID="p421_w791" CONTENT="Corinthian" HPOS="1730" VPOS="1270" WIDTH="193" HEIGHT="75" STYLEREFS="font0"/><SP WIDTH="27" VPOS="1270" HPOS="1923"/><String ID="p421_w792" CONTENT="to" HPOS="1950" VPOS="1270" WIDTH="35" HEIGHT="75" STYLEREFS="font0"/><SP WIDTH="28" VPOS="1270" HPOS="1985"/><String ID="p421_w793" CONTENT="the" HPOS="2013" VPOS="1270" WIDTH="57" HEIGHT="75" STYLEREFS="font0"/><SP WIDTH="23" VPOS="1270" HPOS="2070"/><String ID="p421_w794" CONTENT="Ionic," HPOS="2093" VPOS="1270" WIDTH="103" HEIGHT="75" STYLEREFS="font0"/><SP WIDTH="26" VPOS="1270" HPOS="2196"/><String ID="p421_w795" CONTENT="as" HPOS="2222" VPOS="1270" WIDTH="36" HEIGHT="75" STYLEREFS="font0"/></TextLine><TextLine WIDTH="1032" HEIGHT="75" ID="p421_t87" HPOS="1226" VPOS="1314"><String ID="p421_w796" CONTENT="i6y" HPOS="1226" VPOS="1314" WIDTH="68" HEIGHT="75" STYLEREFS="font0"/><SP WIDTH="14" VPOS="1314" HPOS="1294"/><String ID="p421_w797" CONTENT="to" HPOS="1308" VPOS="1314" WIDTH="36" HEIGHT="75" STYLEREFS="font0"/><SP WIDTH="21" VPOS="1314" HPOS="1344"/><String ID="p421_w798" CONTENT="18;" HPOS="1365" VPOS="1314" WIDTH="63" HEIGHT="75" STYLEREFS="font0"/><SP WIDTH="26" VPOS="1314" HPOS="1428"/><String ID="p421_w799" CONTENT="and" HPOS="1454" VPOS="1314" WIDTH="64" HEIGHT="75" STYLEREFS="font0"/><SP WIDTH="27" VPOS="1314" HPOS="1518"/><String ID="p421_w800" CONTENT="the" HPOS="1545" VPOS="1314" WIDTH="59" HEIGHT="75" STYLEREFS="font0"/><SP WIDTH="26" VPOS="1314" HPOS="1604"/><String ID="p421_w801" CONTENT="Corinthian" HPOS="1630" VPOS="1314" WIDTH="193" HEIGHT="75" STYLEREFS="font0"/><SP WIDTH="28" VPOS="1314" HPOS="1823"/><String ID="p421_w802" CONTENT="to" HPOS="1851" VPOS="1314" WIDTH="36" HEIGHT="75" STYLEREFS="font0"/><SP WIDTH="28" VPOS="1314" HPOS="1887"/><String ID="p421_w803" CONTENT="the" HPOS="1915" VPOS="1314" WIDTH="55" HEIGHT="75" STYLEREFS="font0"/><SP WIDTH="28" VPOS="1314" HPOS="1970"/><String ID="p421_w804" CONTENT="Compofite," HPOS="1998" VPOS="1314" WIDTH="196" HEIGHT="75" STYLEREFS="font0"/><SP WIDTH="26" VPOS="1314" HPOS="2194"/><String ID="p421_w805" CONTENT="as" HPOS="2220" VPOS="1314" WIDTH="38" HEIGHT="75" STYLEREFS="font0"/></TextLine><TextLine WIDTH="196" HEIGHT="75" ID="p421_t88" HPOS="1226" VPOS="1363"><String ID="p421_w806" CONTENT="l6y" HPOS="1226" VPOS="1363" WIDTH="67" HEIGHT="75" STYLEREFS="font0"/><SP WIDTH="15" VPOS="1363" HPOS="1293"/><String ID="p421_w807" CONTENT="to" HPOS="1308" VPOS="1363" WIDTH="36" HEIGHT="75" STYLEREFS="font0"/><SP WIDTH="18" VPOS="1363" HPOS="1344"/><String ID="p421_w808" CONTENT="20." HPOS="1362" VPOS="1363" WIDTH="60" HEIGHT="75" STYLEREFS="font0"/></TextLine><TextLine WIDTH="987" HEIGHT="75" ID="p421_t89" HPOS="1269" VPOS="1407"><String ID="p421_w809" CONTENT="In" HPOS="1269" VPOS="1407" WIDTH="38" HEIGHT="75" STYLEREFS="font0"/><SP WIDTH="18" VPOS="1407" HPOS="1307"/><String ID="p421_w810" CONTENT="Britain" HPOS="1325" VPOS="1407" WIDTH="126" HEIGHT="75" STYLEREFS="font0"/><SP WIDTH="16" VPOS="1407" HPOS="1451"/><String ID="p421_w811" CONTENT="there" HPOS="1467" VPOS="1407" WIDTH="91" HEIGHT="75" STYLEREFS="font0"/><SP WIDTH="17" VPOS="1407" HPOS="1558"/><String ID="p421_w812" CONTENT="are" HPOS="1575" VPOS="1407" WIDTH="54" HEIGHT="75" STYLEREFS="font0"/><SP WIDTH="17" VPOS="1407" HPOS="1629"/><String ID="p421_w813" CONTENT="few" HPOS="1646" VPOS="1407" WIDTH="67" HEIGHT="75" STYLEREFS="font0"/><SP WIDTH="13" VPOS="1407" HPOS="1713"/><String ID="p421_w814" CONTENT="examples" HPOS="1726" VPOS="1407" WIDTH="163" HEIGHT="75" STYLEREFS="font0"/><SP WIDTH="16" VPOS="1407" HPOS="1889"/><String ID="p421_w815" CONTENT="of" HPOS="1905" VPOS="1407" WIDTH="41" HEIGHT="75" STYLEREFS="font0"/><SP WIDTH="21" VPOS="1407" HPOS="1946"/><String ID="p421_w816" CONTENT="more" HPOS="1967" VPOS="1407" WIDTH="90" HEIGHT="75" STYLEREFS="font0"/><SP WIDTH="27" VPOS="1407" HPOS="2057"/><String ID="p421_w817" CONTENT="than" HPOS="2084" VPOS="1407" WIDTH="77" HEIGHT="75" STYLEREFS="font0"/><SP WIDTH="28" VPOS="1407" HPOS="2161"/><String ID="p421_w818" CONTENT="two" HPOS="2189" VPOS="1407" WIDTH="67" HEIGHT="75" STYLEREFS="font0"/></TextLine><TextLine WIDTH="1037" HEIGHT="75" ID="p421_t90" HPOS="1219" VPOS="1453"><String ID="p421_w819" CONTENT="ftories" HPOS="1219" VPOS="1453" WIDTH="110" HEIGHT="75" STYLEREFS="font0"/><SP WIDTH="20" VPOS="1453" HPOS="1329"/><String ID="p421_w820" CONTENT="of" HPOS="1349" VPOS="1453" WIDTH="41" HEIGHT="75" STYLEREFS="font0"/><SP WIDTH="9" VPOS="1453" HPOS="1390"/><String ID="p421_w821" CONTENT="columns" HPOS="1399" VPOS="1453" WIDTH="145" HEIGHT="75" STYLEREFS="font0"/><SP WIDTH="23" VPOS="1453" HPOS="1544"/><String ID="p421_w822" CONTENT="in" HPOS="1567" VPOS="1453" WIDTH="32" HEIGHT="75" STYLEREFS="font0"/><SP WIDTH="24" VPOS="1453" HPOS="1599"/><String ID="p421_w823" CONTENT="the" HPOS="1623" VPOS="1453" WIDTH="56" HEIGHT="75" STYLEREFS="font0"/><SP WIDTH="17" VPOS="1453" HPOS="1679"/><String ID="p421_w824" CONTENT="fame" HPOS="1696" VPOS="1453" WIDTH="82" HEIGHT="75" STYLEREFS="font0"/><SP WIDTH="16" VPOS="1453" HPOS="1778"/><String ID="p421_w825" CONTENT="alpe&lt;ft:" HPOS="1794" VPOS="1453" WIDTH="123" HEIGHT="75" STYLEREFS="font0"/><SP WIDTH="42" VPOS="1453" HPOS="1917"/><String ID="p421_w826" CONTENT="And,," HPOS="1959" VPOS="1453" WIDTH="103" HEIGHT="75" STYLEREFS="font0"/><SP WIDTH="14" VPOS="1453" HPOS="2062"/><String ID="p421_w827" CONTENT="though" HPOS="2076" VPOS="1453" WIDTH="123" HEIGHT="75" STYLEREFS="font0"/><SP WIDTH="23" VPOS="1453" HPOS="2199"/><String ID="p421_w828" CONTENT="in" HPOS="2222" VPOS="1453" WIDTH="34" HEIGHT="75" STYLEREFS="font0"/></TextLine><TextLine WIDTH="1036" HEIGHT="75" ID="p421_t91" HPOS="1220" VPOS="1499"><String ID="p421_w829" CONTENT="Italy," HPOS="1220" VPOS="1499" WIDTH="98" HEIGHT="75" STYLEREFS="font0"/><SP WIDTH="25" VPOS="1499" HPOS="1318"/><String ID="p421_w830" CONTENT="and" HPOS="1343" VPOS="1499" WIDTH="62" HEIGHT="75" STYLEREFS="font0"/><SP WIDTH="16" VPOS="1499" HPOS="1405"/><String ID="p421_w831" CONTENT="other" HPOS="1421" VPOS="1499" WIDTH="95" HEIGHT="75" STYLEREFS="font0"/><SP WIDTH="22" VPOS="1499" HPOS="1516"/><String ID="p421_w832" CONTENT="parts" HPOS="1538" VPOS="1499" WIDTH="88" HEIGHT="75" STYLEREFS="font0"/><SP WIDTH="27" VPOS="1499" HPOS="1626"/><String ID="p421_w833" CONTENT="of" HPOS="1653" VPOS="1499" WIDTH="40" HEIGHT="75" STYLEREFS="font0"/><SP WIDTH="19" VPOS="1499" HPOS="1693"/><String ID="p421_w834" CONTENT="Europe," HPOS="1712" VPOS="1499" WIDTH="144" HEIGHT="75" STYLEREFS="font0"/><SP WIDTH="28" VPOS="1499" HPOS="1856"/><String ID="p421_w835" CONTENT="we" HPOS="1884" VPOS="1499" WIDTH="51" HEIGHT="75" STYLEREFS="font0"/><SP WIDTH="21" VPOS="1499" HPOS="1935"/><String ID="p421_w836" CONTENT="frequently" HPOS="1956" VPOS="1499" WIDTH="187" HEIGHT="75" STYLEREFS="font0"/><SP WIDTH="27" VPOS="1499" HPOS="2143"/><String ID="p421_w837" CONTENT="meet" HPOS="2170" VPOS="1499" WIDTH="86" HEIGHT="75" STYLEREFS="font0"/></TextLine><TextLine WIDTH="1037" HEIGHT="75" ID="p421_t92" HPOS="1220" VPOS="1545"><String ID="p421_w838" CONTENT="with" HPOS="1220" VPOS="1545" WIDTH="79" HEIGHT="75" STYLEREFS="font0"/><SP WIDTH="17" VPOS="1545" HPOS="1299"/><String ID="p421_w839" CONTENT="three," HPOS="1316" VPOS="1545" WIDTH="104" HEIGHT="75" STYLEREFS="font0"/><SP WIDTH="18" VPOS="1545" HPOS="1420"/><String ID="p421_w840" CONTENT="and" HPOS="1438" VPOS="1545" WIDTH="64" HEIGHT="75" STYLEREFS="font0"/><SP WIDTH="16" VPOS="1545" HPOS="1502"/><String ID="p421_w841" CONTENT="fometimes" HPOS="1518" VPOS="1545" WIDTH="179" HEIGHT="75" STYLEREFS="font0"/><SP WIDTH="28" VPOS="1545" HPOS="1697"/><String ID="p421_w842" CONTENT="more;" HPOS="1725" VPOS="1545" WIDTH="111" HEIGHT="75" STYLEREFS="font0"/><SP WIDTH="27" VPOS="1545" HPOS="1836"/><String ID="p421_w843" CONTENT="yet" HPOS="1863" VPOS="1545" WIDTH="55" HEIGHT="75" STYLEREFS="font0"/><SP WIDTH="20" VPOS="1545" HPOS="1918"/><String ID="p421_w844" CONTENT="it" HPOS="1938" VPOS="1545" WIDTH="25" HEIGHT="75" STYLEREFS="font0"/><SP WIDTH="17" VPOS="1545" HPOS="1963"/><String ID="p421_w845" CONTENT="is" HPOS="1980" VPOS="1545" WIDTH="26" HEIGHT="75" STYLEREFS="font0"/><SP WIDTH="19" VPOS="1545" HPOS="2006"/><String ID="p421_w846" CONTENT="a" HPOS="2025" VPOS="1545" WIDTH="19" HEIGHT="75" STYLEREFS="font0"/><SP WIDTH="16" VPOS="1545" HPOS="2044"/><String ID="p421_w847" CONTENT="pradice" HPOS="2060" VPOS="1545" WIDTH="136" HEIGHT="75" STYLEREFS="font0"/><SP WIDTH="16" VPOS="1545" HPOS="2196"/><String ID="p421_w848" CONTENT="by" HPOS="2212" VPOS="1545" WIDTH="45" HEIGHT="75" STYLEREFS="font0"/></TextLine><TextLine WIDTH="1035" HEIGHT="75" ID="p421_t93" HPOS="1220" VPOS="1591"><String ID="p421_w849" CONTENT="no" HPOS="1220" VPOS="1591" WIDTH="42" HEIGHT="75" STYLEREFS="font0"/><SP WIDTH="16" VPOS="1591" HPOS="1262"/><String ID="p421_w850" CONTENT="means" HPOS="1278" VPOS="1591" WIDTH="108" HEIGHT="75" STYLEREFS="font0"/><SP WIDTH="17" VPOS="1591" HPOS="1386"/><String ID="p421_w851" CONTENT="to" HPOS="1403" VPOS="1591" WIDTH="36" HEIGHT="75" STYLEREFS="font0"/><SP WIDTH="18" VPOS="1591" HPOS="1439"/><String ID="p421_w852" CONTENT="be" HPOS="1457" VPOS="1591" WIDTH="40" HEIGHT="75" STYLEREFS="font0"/><SP WIDTH="16" VPOS="1591" HPOS="1497"/><String ID="p421_w853" CONTENT="imitated;" HPOS="1513" VPOS="1591" WIDTH="167" HEIGHT="75" STYLEREFS="font0"/><SP WIDTH="27" VPOS="1591" HPOS="1680"/><String ID="p421_w854" CONTENT="for" HPOS="1707" VPOS="1591" WIDTH="51" HEIGHT="75" STYLEREFS="font0"/><SP WIDTH="18" VPOS="1591" HPOS="1758"/><String ID="p421_w855" CONTENT="there" HPOS="1776" VPOS="1591" WIDTH="90" HEIGHT="75" STYLEREFS="font0"/><SP WIDTH="16" VPOS="1591" HPOS="1866"/><String ID="p421_w856" CONTENT="is" HPOS="1882" VPOS="1591" WIDTH="26" HEIGHT="75" STYLEREFS="font0"/><SP WIDTH="18" VPOS="1591" HPOS="1908"/><String ID="p421_w857" CONTENT="no" HPOS="1926" VPOS="1591" WIDTH="42" HEIGHT="75" STYLEREFS="font0"/><SP WIDTH="16" VPOS="1591" HPOS="1968"/><String ID="p421_w858" CONTENT="poffibility" HPOS="1984" VPOS="1591" WIDTH="170" HEIGHT="75" STYLEREFS="font0"/><SP WIDTH="15" VPOS="1591" HPOS="2154"/><String ID="p421_w859" CONTENT="of" HPOS="2169" VPOS="1591" WIDTH="41" HEIGHT="75" STYLEREFS="font0"/><SP WIDTH="11" VPOS="1591" HPOS="2210"/><String ID="p421_w860" CONTENT="a-" HPOS="2221" VPOS="1591" WIDTH="34" HEIGHT="75" STYLEREFS="font0"/></TextLine><TextLine WIDTH="1036" HEIGHT="75" ID="p421_t94" HPOS="1220" VPOS="1638"><String ID="p421_w861" CONTENT="voiding" HPOS="1220" VPOS="1638" WIDTH="130" HEIGHT="75" STYLEREFS="font0"/><SP WIDTH="16" VPOS="1638" HPOS="1350"/><String ID="p421_w862" CONTENT="many" HPOS="1366" VPOS="1638" WIDTH="96" HEIGHT="75" STYLEREFS="font0"/><SP WIDTH="16" VPOS="1638" HPOS="1462"/><String ID="p421_w863" CONTENT="ftriking" HPOS="1478" VPOS="1638" WIDTH="132" HEIGHT="75" STYLEREFS="font0"/><SP WIDTH="14" VPOS="1638" HPOS="1610"/><String ID="p421_w864" CONTENT="inconfiftencies," HPOS="1624" VPOS="1638" WIDTH="263" HEIGHT="75" STYLEREFS="font0"/><SP WIDTH="16" VPOS="1638" HPOS="1887"/><String ID="p421_w865" CONTENT="or" HPOS="1903" VPOS="1638" WIDTH="38" HEIGHT="75" STYLEREFS="font0"/><SP WIDTH="15" VPOS="1638" HPOS="1941"/><String ID="p421_w866" CONTENT="of" HPOS="1956" VPOS="1638" WIDTH="41" HEIGHT="75" STYLEREFS="font0"/><SP WIDTH="10" VPOS="1638" HPOS="1997"/><String ID="p421_w867" CONTENT="preferving" HPOS="2007" VPOS="1638" WIDTH="180" HEIGHT="75" STYLEREFS="font0"/><SP WIDTH="13" VPOS="1638" HPOS="2187"/><String ID="p421_w868" CONTENT="the" HPOS="2200" VPOS="1638" WIDTH="56" HEIGHT="75" STYLEREFS="font0"/></TextLine><TextLine WIDTH="1049" HEIGHT="75" ID="p421_t95" HPOS="1221" VPOS="1684"><String ID="p421_w869" CONTENT="charader" HPOS="1221" VPOS="1684" WIDTH="162" HEIGHT="75" STYLEREFS="font0"/><SP WIDTH="16" VPOS="1684" HPOS="1383"/><String ID="p421_w870" CONTENT="of" HPOS="1399" VPOS="1684" WIDTH="40" HEIGHT="75" STYLEREFS="font0"/><SP WIDTH="11" VPOS="1684" HPOS="1439"/><String ID="p421_w871" CONTENT="each" HPOS="1450" VPOS="1684" WIDTH="78" HEIGHT="75" STYLEREFS="font0"/><SP WIDTH="17" VPOS="1684" HPOS="1528"/><String ID="p421_w872" CONTENT="order" HPOS="1545" VPOS="1684" WIDTH="97" HEIGHT="75" STYLEREFS="font0"/><SP WIDTH="15" VPOS="1684" HPOS="1642"/><String ID="p421_w873" CONTENT="in" HPOS="1657" VPOS="1684" WIDTH="33" HEIGHT="75" STYLEREFS="font0"/><SP WIDTH="15" VPOS="1684" HPOS="1690"/><String ID="p421_w874" CONTENT="its" HPOS="1705" VPOS="1684" WIDTH="43" HEIGHT="75" STYLEREFS="font0"/><SP WIDTH="17" VPOS="1684" HPOS="1748"/><String ID="p421_w875" CONTENT="intercolumnial" HPOS="1765" VPOS="1684" WIDTH="256" HEIGHT="75" STYLEREFS="font0"/><SP WIDTH="17" VPOS="1684" HPOS="2021"/><String ID="p421_w876" CONTENT="decorations.." HPOS="2038" VPOS="1684" WIDTH="232" HEIGHT="75" STYLEREFS="font0"/></TextLine><TextLine WIDTH="904" HEIGHT="75" ID="p421_t96" HPOS="1284" VPOS="1789"><String ID="p421_w877" CONTENT="OF" HPOS="1284" VPOS="1789" WIDTH="75" HEIGHT="75" STYLEREFS="font0"/><SP WIDTH="32" VPOS="1789" HPOS="1359"/><String ID="p421_w878" CONTENT="BASEMENTS" HPOS="1391" VPOS="1789" WIDTH="361" HEIGHT="75" STYLEREFS="font0"/><SP WIDTH="39" VPOS="1789" HPOS="1752"/><String ID="p421_w879" CONTENT="AND" HPOS="1791" VPOS="1789" WIDTH="123" HEIGHT="75" STYLEREFS="font0"/><SP WIDTH="41" VPOS="1789" HPOS="1914"/><String ID="p421_w880" CONTENT="ATTICS." HPOS="1955" VPOS="1789" WIDTH="233" HEIGHT="75" STYLEREFS="font0"/></TextLine><TextLine WIDTH="988" HEIGHT="75" ID="p421_t97" HPOS="1266" VPOS="1868"><String ID="p421_w881" CONTENT="In" HPOS="1266" VPOS="1868" WIDTH="41" HEIGHT="75" STYLEREFS="font0"/><SP WIDTH="10" VPOS="1868" HPOS="1307"/><String ID="p421_w882" CONTENT="stead," HPOS="1317" VPOS="1868" WIDTH="133" HEIGHT="75" STYLEREFS="font0"/><SP WIDTH="8" VPOS="1868" HPOS="1450"/><String ID="p421_w883" CONTENT="of" HPOS="1458" VPOS="1868" WIDTH="41" HEIGHT="75" STYLEREFS="font0"/><SP WIDTH="18" VPOS="1868" HPOS="1499"/><String ID="p421_w884" CONTENT="employing" HPOS="1517" VPOS="1868" WIDTH="183" HEIGHT="75" STYLEREFS="font0"/><SP WIDTH="22" VPOS="1868" HPOS="1700"/><String ID="p421_w885" CONTENT="feveral" HPOS="1722" VPOS="1868" WIDTH="121" HEIGHT="75" STYLEREFS="font0"/><SP WIDTH="24" VPOS="1868" HPOS="1843"/><String ID="p421_w886" CONTENT="orders" HPOS="1867" VPOS="1868" WIDTH="113" HEIGHT="75" STYLEREFS="font0"/><SP WIDTH="13" VPOS="1868" HPOS="1980"/><String ID="p421_w887" CONTENT="one" HPOS="1993" VPOS="1868" WIDTH="69" HEIGHT="75" STYLEREFS="font0"/><SP WIDTH="18" VPOS="1868" HPOS="2062"/><String ID="p421_w888" CONTENT="above" HPOS="2080" VPOS="1868" WIDTH="100" HEIGHT="75" STYLEREFS="font0"/><SP WIDTH="17" VPOS="1868" HPOS="2180"/><String ID="p421_w889" CONTENT="the" HPOS="2197" VPOS="1868" WIDTH="57" HEIGHT="75" STYLEREFS="font0"/></TextLine><TextLine WIDTH="1033" HEIGHT="75" ID="p421_t98" HPOS="1220" VPOS="1912"><String ID="p421_w890" CONTENT="other" HPOS="1220" VPOS="1912" WIDTH="94" HEIGHT="75" STYLEREFS="font0"/><SP WIDTH="24" VPOS="1912" HPOS="1314"/><String ID="p421_w891" CONTENT="in" HPOS="1338" VPOS="1912" WIDTH="33" HEIGHT="75" STYLEREFS="font0"/><SP WIDTH="24" VPOS="1912" HPOS="1371"/><String ID="p421_w892" CONTENT="a" HPOS="1395" VPOS="1912" WIDTH="18" HEIGHT="75" STYLEREFS="font0"/><SP WIDTH="24" VPOS="1912" HPOS="1413"/><String ID="p421_w893" CONTENT="compofition," HPOS="1437" VPOS="1912" WIDTH="219" HEIGHT="75" STYLEREFS="font0"/><SP WIDTH="34" VPOS="1912" HPOS="1656"/><String ID="p421_w894" CONTENT="the" HPOS="1690" VPOS="1912" WIDTH="55" HEIGHT="75" STYLEREFS="font0"/><SP WIDTH="24" VPOS="1912" HPOS="1745"/><String ID="p421_w895" CONTENT="ground-floor" HPOS="1769" VPOS="1912" WIDTH="223" HEIGHT="75" STYLEREFS="font0"/><SP WIDTH="26" VPOS="1912" HPOS="1992"/><String ID="p421_w896" CONTENT="is" HPOS="2018" VPOS="1912" WIDTH="27" HEIGHT="75" STYLEREFS="font0"/><SP WIDTH="27" VPOS="1912" HPOS="2045"/><String ID="p421_w897" CONTENT="fometimes" HPOS="2072" VPOS="1912" WIDTH="181" HEIGHT="75" STYLEREFS="font0"/></TextLine><TextLine WIDTH="1036" HEIGHT="75" ID="p421_t99" HPOS="1218" VPOS="1959"><String ID="p421_w898" CONTENT="made" HPOS="1218" VPOS="1959" WIDTH="92" HEIGHT="75" STYLEREFS="font0"/><SP WIDTH="25" VPOS="1959" HPOS="1310"/><String ID="p421_w899" CONTENT="in" HPOS="1335" VPOS="1959" WIDTH="33" HEIGHT="75" STYLEREFS="font0"/><SP WIDTH="23" VPOS="1959" HPOS="1368"/><String ID="p421_w900" CONTENT="the" HPOS="1391" VPOS="1959" WIDTH="56" HEIGHT="75" STYLEREFS="font0"/><SP WIDTH="26" VPOS="1959" HPOS="1447"/><String ID="p421_w901" CONTENT="form" HPOS="1473" VPOS="1959" WIDTH="85" HEIGHT="75" STYLEREFS="font0"/><SP WIDTH="24" VPOS="1959" HPOS="1558"/><String ID="p421_w902" CONTENT="of" HPOS="1582" VPOS="1959" WIDTH="39" HEIGHT="75" STYLEREFS="font0"/><SP WIDTH="20" VPOS="1959" HPOS="1621"/><String ID="p421_w903" CONTENT="a" HPOS="1641" VPOS="1959" WIDTH="23" HEIGHT="75" STYLEREFS="font0"/><SP WIDTH="19" VPOS="1959" HPOS="1664"/><String ID="p421_w904" CONTENT="bafement," HPOS="1683" VPOS="1959" WIDTH="170" HEIGHT="75" STYLEREFS="font0"/><SP WIDTH="28" VPOS="1959" HPOS="1853"/><String ID="p421_w905" CONTENT="on" HPOS="1881" VPOS="1959" WIDTH="42" HEIGHT="75" STYLEREFS="font0"/><SP WIDTH="23" VPOS="1959" HPOS="1923"/><String ID="p421_w906" CONTENT="which" HPOS="1946" VPOS="1959" WIDTH="107" HEIGHT="75" STYLEREFS="font0"/><SP WIDTH="25" VPOS="1959" HPOS="2053"/><String ID="p421_w907" CONTENT="the" HPOS="2078" VPOS="1959" WIDTH="55" HEIGHT="75" STYLEREFS="font0"/><SP WIDTH="24" VPOS="1959" HPOS="2133"/><String ID="p421_w908" CONTENT="order" HPOS="2157" VPOS="1959" WIDTH="97" HEIGHT="75" STYLEREFS="font0"/></TextLine><TextLine WIDTH="1034" HEIGHT="75" ID="p421_t100" HPOS="1219" VPOS="2008"><String ID="p421_w909" CONTENT="that" HPOS="1219" VPOS="2008" WIDTH="74" HEIGHT="75" STYLEREFS="font0"/><SP WIDTH="13" VPOS="2008" HPOS="1293"/><String ID="p421_w910" CONTENT="decorates:" HPOS="1306" VPOS="2008" WIDTH="174" HEIGHT="75" STYLEREFS="font0"/><SP WIDTH="16" VPOS="2008" HPOS="1480"/><String ID="p421_w911" CONTENT="the" HPOS="1496" VPOS="2008" WIDTH="55" HEIGHT="75" STYLEREFS="font0"/><SP WIDTH="24" VPOS="2008" HPOS="1551"/><String ID="p421_w912" CONTENT="principal," HPOS="1575" VPOS="2008" WIDTH="165" HEIGHT="75" STYLEREFS="font0"/><SP WIDTH="12" VPOS="2008" HPOS="1740"/><String ID="p421_w913" CONTENT="ftory" HPOS="1752" VPOS="2008" WIDTH="86" HEIGHT="75" STYLEREFS="font0"/><SP WIDTH="23" VPOS="2008" HPOS="1838"/><String ID="p421_w914" CONTENT="is" HPOS="1861" VPOS="2008" WIDTH="26" HEIGHT="75" STYLEREFS="font0"/><SP WIDTH="24" VPOS="2008" HPOS="1887"/><String ID="p421_w915" CONTENT="placed." HPOS="1911" VPOS="2008" WIDTH="125" HEIGHT="75" STYLEREFS="font0"/><SP WIDTH="49" VPOS="2008" HPOS="2036"/><String ID="p421_w916" CONTENT="The" HPOS="2085" VPOS="2008" WIDTH="77" HEIGHT="75" STYLEREFS="font0"/><SP WIDTH="15" VPOS="2008" HPOS="2162"/><String ID="p421_w917" CONTENT="pro-" HPOS="2177" VPOS="2008" WIDTH="76" HEIGHT="75" STYLEREFS="font0"/></TextLine><TextLine WIDTH="1048" HEIGHT="75" ID="p421_t101" HPOS="1218" VPOS="2051"><String ID="p421_w918" CONTENT="portion" HPOS="1218" VPOS="2051" WIDTH="129" HEIGHT="75" STYLEREFS="font0"/><SP WIDTH="23" VPOS="2051" HPOS="1347"/><String ID="p421_w919" CONTENT="of" HPOS="1370" VPOS="2051" WIDTH="41" HEIGHT="75" STYLEREFS="font0"/><SP WIDTH="19" VPOS="2051" HPOS="1411"/><String ID="p421_w920" CONTENT="thefe" HPOS="1430" VPOS="2051" WIDTH="91" HEIGHT="75" STYLEREFS="font0"/><SP WIDTH="14" VPOS="2051" HPOS="1521"/><String ID="p421_w921" CONTENT="bafementa" HPOS="1535" VPOS="2051" WIDTH="178" HEIGHT="75" STYLEREFS="font0"/><SP WIDTH="13" VPOS="2051" HPOS="1713"/><String ID="p421_w922" CONTENT="is" HPOS="1726" VPOS="2051" WIDTH="29" HEIGHT="75" STYLEREFS="font0"/><SP WIDTH="16" VPOS="2051" HPOS="1755"/><String ID="p421_w923" CONTENT="not" HPOS="1771" VPOS="2051" WIDTH="56" HEIGHT="75" STYLEREFS="font0"/><SP WIDTH="17" VPOS="2051" HPOS="1827"/><String ID="p421_w924" CONTENT="fixed," HPOS="1844" VPOS="2051" WIDTH="100" HEIGHT="75" STYLEREFS="font0"/><SP WIDTH="27" VPOS="2051" HPOS="1944"/><String ID="p421_w925" CONTENT="but" HPOS="1971" VPOS="2051" WIDTH="57" HEIGHT="75" STYLEREFS="font0"/><SP WIDTH="16" VPOS="2051" HPOS="2028"/><String ID="p421_w926" CONTENT="depends" HPOS="2044" VPOS="2051" WIDTH="141" HEIGHT="75" STYLEREFS="font0"/><SP WIDTH="25" VPOS="2051" HPOS="2185"/><String ID="p421_w927" CONTENT="on-" HPOS="2210" VPOS="2051" WIDTH="56" HEIGHT="75" STYLEREFS="font0"/></TextLine><TextLine WIDTH="1035" HEIGHT="75" ID="p421_t102" HPOS="1217" VPOS="2097"><String ID="p421_w928" CONTENT="the" HPOS="1217" VPOS="2097" WIDTH="56" HEIGHT="75" STYLEREFS="font0"/><SP WIDTH="22" VPOS="2097" HPOS="1273"/><String ID="p421_w929" CONTENT="nature" HPOS="1295" VPOS="2097" WIDTH="113" HEIGHT="75" STYLEREFS="font0"/><SP WIDTH="24" VPOS="2097" HPOS="1408"/><String ID="p421_w930" CONTENT="of" HPOS="1432" VPOS="2097" WIDTH="40" HEIGHT="75" STYLEREFS="font0"/><SP WIDTH="19" VPOS="2097" HPOS="1472"/><String ID="p421_w931" CONTENT="the" HPOS="1491" VPOS="2097" WIDTH="57" HEIGHT="75" STYLEREFS="font0"/><SP WIDTH="23" VPOS="2097" HPOS="1548"/><String ID="p421_w932" CONTENT="rooms" HPOS="1571" VPOS="2097" WIDTH="107" HEIGHT="75" STYLEREFS="font0"/><SP WIDTH="26" VPOS="2097" HPOS="1678"/><String ID="p421_w933" CONTENT="on" HPOS="1704" VPOS="2097" WIDTH="44" HEIGHT="75" STYLEREFS="font0"/><SP WIDTH="21" VPOS="2097" HPOS="1748"/><String ID="p421_w934" CONTENT="the" HPOS="1769" VPOS="2097" WIDTH="55" HEIGHT="75" STYLEREFS="font0"/><SP WIDTH="24" VPOS="2097" HPOS="1824"/><String ID="p421_w935" CONTENT="ground-floor." HPOS="1848" VPOS="2097" WIDTH="235" HEIGHT="75" STYLEREFS="font0"/><SP WIDTH="50" VPOS="2097" HPOS="2083"/><String ID="p421_w936" CONTENT="In" HPOS="2133" VPOS="2097" WIDTH="38" HEIGHT="75" STYLEREFS="font0"/><SP WIDTH="24" VPOS="2097" HPOS="2171"/><String ID="p421_w937" CONTENT="the" HPOS="2195" VPOS="2097" WIDTH="57" HEIGHT="75" STYLEREFS="font0"/></TextLine><TextLine WIDTH="1034" HEIGHT="75" ID="p421_t103" HPOS="1215" VPOS="2144"><String ID="p421_w938" CONTENT="palace" HPOS="1215" VPOS="2144" WIDTH="107" HEIGHT="75" STYLEREFS="font0"/><SP WIDTH="16" VPOS="2144" HPOS="1322"/><String ID="p421_w939" CONTENT="of" HPOS="1338" VPOS="2144" WIDTH="41" HEIGHT="75" STYLEREFS="font0"/><SP WIDTH="17" VPOS="2144" HPOS="1379"/><String ID="p421_w940" CONTENT="the." HPOS="1396" VPOS="2144" WIDTH="64" HEIGHT="75" STYLEREFS="font0"/><SP WIDTH="16" VPOS="2144" HPOS="1460"/><String ID="p421_w941" CONTENT="Porti" HPOS="1476" VPOS="2144" WIDTH="92" HEIGHT="75" STYLEREFS="font0"/><SP WIDTH="23" VPOS="2144" HPOS="1568"/><String ID="p421_w942" CONTENT="in" HPOS="1591" VPOS="2144" WIDTH="33" HEIGHT="75" STYLEREFS="font0"/><SP WIDTH="23" VPOS="2144" HPOS="1624"/><String ID="p421_w943" CONTENT="Vicenza," HPOS="1647" VPOS="2144" WIDTH="157" HEIGHT="75" STYLEREFS="font0"/><SP WIDTH="25" VPOS="2144" HPOS="1804"/><String ID="p421_w944" CONTENT="the" HPOS="1829" VPOS="2144" WIDTH="55" HEIGHT="75" STYLEREFS="font0"/><SP WIDTH="16" VPOS="2144" HPOS="1884"/><String ID="p421_w945" CONTENT="height" HPOS="1900" VPOS="2144" WIDTH="112" HEIGHT="75" STYLEREFS="font0"/><SP WIDTH="17" VPOS="2144" HPOS="2012"/><String ID="p421_w946" CONTENT="of" HPOS="2029" VPOS="2144" WIDTH="41" HEIGHT="75" STYLEREFS="font0"/><SP WIDTH="18" VPOS="2144" HPOS="2070"/><String ID="p421_w947" CONTENT="the" HPOS="2088" VPOS="2144" WIDTH="55" HEIGHT="75" STYLEREFS="font0"/><SP WIDTH="18" VPOS="2144" HPOS="2143"/><String ID="p421_w948" CONTENT="bafe-" HPOS="2161" VPOS="2144" WIDTH="88" HEIGHT="75" STYLEREFS="font0"/></TextLine><TextLine WIDTH="1032" HEIGHT="75" ID="p421_t104" HPOS="1217" VPOS="2188"><String ID="p421_w949" CONTENT="ment" HPOS="1217" VPOS="2188" WIDTH="89" HEIGHT="75" STYLEREFS="font0"/><SP WIDTH="14" VPOS="2188" HPOS="1306"/><String ID="p421_w950" CONTENT="is" HPOS="1320" VPOS="2188" WIDTH="26" HEIGHT="75" STYLEREFS="font0"/><SP WIDTH="20" VPOS="2188" HPOS="1346"/><String ID="p421_w951" CONTENT="equal" HPOS="1366" VPOS="2188" WIDTH="95" HEIGHT="75" STYLEREFS="font0"/><SP WIDTH="18" VPOS="2188" HPOS="1461"/><String ID="p421_w952" CONTENT="to." HPOS="1479" VPOS="2188" WIDTH="41" HEIGHT="75" STYLEREFS="font0"/><SP WIDTH="9" VPOS="2188" HPOS="1520"/><String ID="p421_w953" CONTENT="that" HPOS="1529" VPOS="2188" WIDTH="71" HEIGHT="75" STYLEREFS="font0"/><SP WIDTH="23" VPOS="2188" HPOS="1600"/><String ID="p421_w954" CONTENT="of" HPOS="1623" VPOS="2188" WIDTH="40" HEIGHT="75" STYLEREFS="font0"/><SP WIDTH="18" VPOS="2188" HPOS="1663"/><String ID="p421_w955" CONTENT="the" HPOS="1681" VPOS="2188" WIDTH="56" HEIGHT="75" STYLEREFS="font0"/><SP WIDTH="17" VPOS="2188" HPOS="1737"/><String ID="p421_w956" CONTENT="order." HPOS="1754" VPOS="2188" WIDTH="107" HEIGHT="75" STYLEREFS="font0"/><SP WIDTH="49" VPOS="2188" HPOS="1861"/><String ID="p421_w957" CONTENT="In" HPOS="1910" VPOS="2188" WIDTH="39" HEIGHT="75" STYLEREFS="font0"/><SP WIDTH="16" VPOS="2188" HPOS="1949"/><String ID="p421_w958" CONTENT="fome" HPOS="1965" VPOS="2188" WIDTH="85" HEIGHT="75" STYLEREFS="font0"/><SP WIDTH="24" VPOS="2188" HPOS="2050"/><String ID="p421_w959" CONTENT="buildings," HPOS="2074" VPOS="2188" WIDTH="175" HEIGHT="75" STYLEREFS="font0"/></TextLine><TextLine WIDTH="1029" HEIGHT="75" ID="p421_t105" HPOS="1216" VPOS="2235"><String ID="p421_w960" CONTENT="its" HPOS="1216" VPOS="2235" WIDTH="40" HEIGHT="75" STYLEREFS="font0"/><SP WIDTH="29" VPOS="2235" HPOS="1256"/><String ID="p421_w961" CONTENT="height" HPOS="1285" VPOS="2235" WIDTH="112" HEIGHT="75" STYLEREFS="font0"/><SP WIDTH="27" VPOS="2235" HPOS="1397"/><String ID="p421_w962" CONTENT="exceeds" HPOS="1424" VPOS="2235" WIDTH="138" HEIGHT="75" STYLEREFS="font0"/><SP WIDTH="27" VPOS="2235" HPOS="1562"/><String ID="p421_w963" CONTENT="two" HPOS="1589" VPOS="2235" WIDTH="67" HEIGHT="75" STYLEREFS="font0"/><SP WIDTH="29" VPOS="2235" HPOS="1656"/><String ID="p421_w964" CONTENT="thirds" HPOS="1685" VPOS="2235" WIDTH="104" HEIGHT="75" STYLEREFS="font0"/><SP WIDTH="27" VPOS="2235" HPOS="1789"/><String ID="p421_w965" CONTENT="of" HPOS="1816" VPOS="2235" WIDTH="41" HEIGHT="75" STYLEREFS="font0"/><SP WIDTH="22" VPOS="2235" HPOS="1857"/><String ID="p421_w966" CONTENT="that" HPOS="1879" VPOS="2235" WIDTH="72" HEIGHT="75" STYLEREFS="font0"/><SP WIDTH="26" VPOS="2235" HPOS="1951"/><String ID="p421_w967" CONTENT="of" HPOS="1977" VPOS="2235" WIDTH="40" HEIGHT="75" STYLEREFS="font0"/><SP WIDTH="28" VPOS="2235" HPOS="2017"/><String ID="p421_w968" CONTENT="the" HPOS="2045" VPOS="2235" WIDTH="55" HEIGHT="75" STYLEREFS="font0"/><SP WIDTH="29" VPOS="2235" HPOS="2100"/><String ID="p421_w969" CONTENT="order" HPOS="2129" VPOS="2235" WIDTH="95" HEIGHT="75" STYLEREFS="font0"/><SP WIDTH="12" VPOS="2235" HPOS="2224"/><String ID="p421_w970" CONTENT="" HPOS="2236" VPOS="2235" WIDTH="9" HEIGHT="75" STYLEREFS="font0"/></TextLine><TextLine WIDTH="1032" HEIGHT="75" ID="p421_t106" HPOS="1216" VPOS="2281"><String ID="p421_w971" CONTENT="and" HPOS="1216" VPOS="2281" WIDTH="64" HEIGHT="75" STYLEREFS="font0"/><SP WIDTH="13" VPOS="2281" HPOS="1280"/><String ID="p421_w972" CONTENT="in" HPOS="1293" VPOS="2281" WIDTH="33" HEIGHT="75" STYLEREFS="font0"/><SP WIDTH="16" VPOS="2281" HPOS="1326"/><String ID="p421_w973" CONTENT="others" HPOS="1342" VPOS="2281" WIDTH="110" HEIGHT="75" STYLEREFS="font0"/><SP WIDTH="17" VPOS="2281" HPOS="1452"/><String ID="p421_w974" CONTENT="only" HPOS="1469" VPOS="2281" WIDTH="76" HEIGHT="75" STYLEREFS="font0"/><SP WIDTH="17" VPOS="2281" HPOS="1545"/><String ID="p421_w975" CONTENT="half" HPOS="1562" VPOS="2281" WIDTH="73" HEIGHT="75" STYLEREFS="font0"/><SP WIDTH="19" VPOS="2281" HPOS="1635"/><String ID="p421_w976" CONTENT="the" HPOS="1654" VPOS="2281" WIDTH="55" HEIGHT="75" STYLEREFS="font0"/><SP WIDTH="24" VPOS="2281" HPOS="1709"/><String ID="p421_w977" CONTENT="height" HPOS="1733" VPOS="2281" WIDTH="115" HEIGHT="75" STYLEREFS="font0"/><SP WIDTH="22" VPOS="2281" HPOS="1848"/><String ID="p421_w978" CONTENT="of" HPOS="1870" VPOS="2281" WIDTH="40" HEIGHT="75" STYLEREFS="font0"/><SP WIDTH="20" VPOS="2281" HPOS="1910"/><String ID="p421_w979" CONTENT="the" HPOS="1930" VPOS="2281" WIDTH="55" HEIGHT="75" STYLEREFS="font0"/><SP WIDTH="22" VPOS="2281" HPOS="1985"/><String ID="p421_w980" CONTENT="order." HPOS="2007" VPOS="2281" WIDTH="108" HEIGHT="75" STYLEREFS="font0"/><SP WIDTH="50" VPOS="2281" HPOS="2115"/><String ID="p421_w981" CONTENT="It" HPOS="2165" VPOS="2281" WIDTH="32" HEIGHT="75" STYLEREFS="font0"/><SP WIDTH="23" VPOS="2281" HPOS="2197"/><String ID="p421_w982" CONTENT="is" HPOS="2220" VPOS="2281" WIDTH="28" HEIGHT="75" STYLEREFS="font0"/></TextLine><TextLine WIDTH="1035" HEIGHT="75" ID="p421_t107" HPOS="1215" VPOS="2329"><String ID="p421_w983" CONTENT="not,," HPOS="1215" VPOS="2329" WIDTH="83" HEIGHT="75" STYLEREFS="font0"/><SP WIDTH="11" VPOS="2329" HPOS="1298"/><String ID="p421_w984" CONTENT="however," HPOS="1309" VPOS="2329" WIDTH="162" HEIGHT="75" STYLEREFS="font0"/><SP WIDTH="26" VPOS="2329" HPOS="1471"/><String ID="p421_w985" CONTENT="advifeable" HPOS="1497" VPOS="2329" WIDTH="176" HEIGHT="75" STYLEREFS="font0"/><SP WIDTH="24" VPOS="2329" HPOS="1673"/><String ID="p421_w986" CONTENT="to." HPOS="1697" VPOS="2329" WIDTH="43" HEIGHT="75" STYLEREFS="font0"/><SP WIDTH="16" VPOS="2329" HPOS="1740"/><String ID="p421_w987" CONTENT="make" HPOS="1756" VPOS="2329" WIDTH="93" HEIGHT="75" STYLEREFS="font0"/><SP WIDTH="23" VPOS="2329" HPOS="1849"/><String ID="p421_w988" CONTENT="the" HPOS="1872" VPOS="2329" WIDTH="55" HEIGHT="75" STYLEREFS="font0"/><SP WIDTH="25" VPOS="2329" HPOS="1927"/><String ID="p421_w989" CONTENT="bafement;" HPOS="1952" VPOS="2329" WIDTH="171" HEIGHT="75" STYLEREFS="font0"/><SP WIDTH="11" VPOS="2329" HPOS="2123"/><String ID="p421_w990" CONTENT="higher" HPOS="2134" VPOS="2329" WIDTH="116" HEIGHT="75" STYLEREFS="font0"/></TextLine><TextLine WIDTH="1032" HEIGHT="75" ID="p421_t108" HPOS="1216" VPOS="2373"><String ID="p421_w991" CONTENT="than" HPOS="1216" VPOS="2373" WIDTH="76" HEIGHT="75" STYLEREFS="font0"/><SP WIDTH="25" VPOS="2373" HPOS="1292"/><String ID="p421_w992" CONTENT="the" HPOS="1317" VPOS="2373" WIDTH="54" HEIGHT="75" STYLEREFS="font0"/><SP WIDTH="26" VPOS="2373" HPOS="1371"/><String ID="p421_w993" CONTENT="order" HPOS="1397" VPOS="2373" WIDTH="94" HEIGHT="75" STYLEREFS="font0"/><SP WIDTH="24" VPOS="2373" HPOS="1491"/><String ID="p421_w994" CONTENT="it" HPOS="1515" VPOS="2373" WIDTH="26" HEIGHT="75" STYLEREFS="font0"/><SP WIDTH="23" VPOS="2373" HPOS="1541"/><String ID="p421_w995" CONTENT="fopports;" HPOS="1564" VPOS="2373" WIDTH="168" HEIGHT="75" STYLEREFS="font0"/><SP WIDTH="26" VPOS="2373" HPOS="1732"/><String ID="p421_w996" CONTENT="neither" HPOS="1758" VPOS="2373" WIDTH="125" HEIGHT="75" STYLEREFS="font0"/><SP WIDTH="24" VPOS="2373" HPOS="1883"/><String ID="p421_w997" CONTENT="fbould" HPOS="1907" VPOS="2373" WIDTH="111" HEIGHT="75" STYLEREFS="font0"/><SP WIDTH="23" VPOS="2373" HPOS="2018"/><String ID="p421_w998" CONTENT="it" HPOS="2041" VPOS="2373" WIDTH="25" HEIGHT="75" STYLEREFS="font0"/><SP WIDTH="26" VPOS="2373" HPOS="2066"/><String ID="p421_w999" CONTENT="be" HPOS="2092" VPOS="2373" WIDTH="38" HEIGHT="75" STYLEREFS="font0"/><SP WIDTH="16" VPOS="2373" HPOS="2130"/><String ID="p421_w1000" CONTENT="lower" HPOS="2146" VPOS="2373" WIDTH="102" HEIGHT="75" STYLEREFS="font0"/></TextLine><TextLine WIDTH="499" HEIGHT="75" ID="p421_t109" HPOS="1216" VPOS="2419"><String ID="p421_w1001" CONTENT="than" HPOS="1216" VPOS="2419" WIDTH="75" HEIGHT="75" STYLEREFS="font0"/><SP WIDTH="18" VPOS="2419" HPOS="1291"/><String ID="p421_w1002" CONTENT="one." HPOS="1309" VPOS="2419" WIDTH="67" HEIGHT="75" STYLEREFS="font0"/><SP WIDTH="8" VPOS="2419" HPOS="1376"/><String ID="p421_w1003" CONTENT="half" HPOS="1384" VPOS="2419" WIDTH="74" HEIGHT="75" STYLEREFS="font0"/><SP WIDTH="20" VPOS="2419" HPOS="1458"/><String ID="p421_w1004" CONTENT="of" HPOS="1478" VPOS="2419" WIDTH="42" HEIGHT="75" STYLEREFS="font0"/><SP WIDTH="16" VPOS="2419" HPOS="1520"/><String ID="p421_w1005" CONTENT="the" HPOS="1536" VPOS="2419" WIDTH="55" HEIGHT="75" STYLEREFS="font0"/><SP WIDTH="17" VPOS="2419" HPOS="1591"/><String ID="p421_w1006" CONTENT="order." HPOS="1608" VPOS="2419" WIDTH="107" HEIGHT="75" STYLEREFS="font0"/></TextLine><TextLine WIDTH="985" HEIGHT="75" ID="p421_t110" HPOS="1260" VPOS="2466"><String ID="p421_w1007" CONTENT="The" HPOS="1260" VPOS="2466" WIDTH="77" HEIGHT="75" STYLEREFS="font0"/><SP WIDTH="24" VPOS="2466" HPOS="1337"/><String ID="p421_w1008" CONTENT="ufual" HPOS="1361" VPOS="2466" WIDTH="86" HEIGHT="75" STYLEREFS="font0"/><SP WIDTH="25" VPOS="2466" HPOS="1447"/><String ID="p421_w1009" CONTENT="method" HPOS="1472" VPOS="2466" WIDTH="133" HEIGHT="75" STYLEREFS="font0"/><SP WIDTH="25" VPOS="2466" HPOS="1605"/><String ID="p421_w1010" CONTENT="of" HPOS="1630" VPOS="2466" WIDTH="41" HEIGHT="75" STYLEREFS="font0"/><SP WIDTH="23" VPOS="2466" HPOS="1671"/><String ID="p421_w1011" CONTENT="decorating" HPOS="1694" VPOS="2466" WIDTH="185" HEIGHT="75" STYLEREFS="font0"/><SP WIDTH="26" VPOS="2466" HPOS="1879"/><String ID="p421_w1012" CONTENT="bafements" HPOS="1905" VPOS="2466" WIDTH="177" HEIGHT="75" STYLEREFS="font0"/><SP WIDTH="29" VPOS="2466" HPOS="2082"/><String ID="p421_w1013" CONTENT="is" HPOS="2111" VPOS="2466" WIDTH="26" HEIGHT="75" STYLEREFS="font0"/><SP WIDTH="28" VPOS="2466" HPOS="2137"/><String ID="p421_w1014" CONTENT="with" HPOS="2165" VPOS="2466" WIDTH="80" HEIGHT="75" STYLEREFS="font0"/></TextLine><TextLine WIDTH="1032" HEIGHT="75" ID="p421_t111" HPOS="1216" VPOS="2514"><String ID="p421_w1015" CONTENT="ruftics" HPOS="1216" VPOS="2514" WIDTH="110" HEIGHT="75" STYLEREFS="font0"/><SP WIDTH="16" VPOS="2514" HPOS="1326"/><String ID="p421_w1016" CONTENT="of" HPOS="1342" VPOS="2514" WIDTH="41" HEIGHT="75" STYLEREFS="font0"/><SP WIDTH="10" VPOS="2514" HPOS="1383"/><String ID="p421_w1017" CONTENT="different" HPOS="1393" VPOS="2514" WIDTH="150" HEIGHT="75" STYLEREFS="font0"/><SP WIDTH="17" VPOS="2514" HPOS="1543"/><String ID="p421_w1018" CONTENT="kinds." HPOS="1560" VPOS="2514" WIDTH="106" HEIGHT="75" STYLEREFS="font0"/><SP WIDTH="49" VPOS="2514" HPOS="1666"/><String ID="p421_w1019" CONTENT="The" HPOS="1715" VPOS="2514" WIDTH="77" HEIGHT="75" STYLEREFS="font0"/><SP WIDTH="17" VPOS="2514" HPOS="1792"/><String ID="p421_w1020" CONTENT="beft," HPOS="1809" VPOS="2514" WIDTH="78" HEIGHT="75" STYLEREFS="font0"/><SP WIDTH="19" VPOS="2514" HPOS="1887"/><String ID="p421_w1021" CONTENT="where" HPOS="1906" VPOS="2514" WIDTH="106" HEIGHT="75" STYLEREFS="font0"/><SP WIDTH="13" VPOS="2514" HPOS="2012"/><String ID="p421_w1022" CONTENT="neatnefs" HPOS="2025" VPOS="2514" WIDTH="143" HEIGHT="75" STYLEREFS="font0"/><SP WIDTH="17" VPOS="2514" HPOS="2168"/><String ID="p421_w1023" CONTENT="and" HPOS="2185" VPOS="2514" WIDTH="63" HEIGHT="75" STYLEREFS="font0"/></TextLine><TextLine WIDTH="1027" HEIGHT="75" ID="p421_t112" HPOS="1215" VPOS="2558"><String ID="p421_w1024" CONTENT="finilhing" HPOS="1215" VPOS="2558" WIDTH="142" HEIGHT="75" STYLEREFS="font0"/><SP WIDTH="14" VPOS="2558" HPOS="1357"/><String ID="p421_w1025" CONTENT="is" HPOS="1371" VPOS="2558" WIDTH="27" HEIGHT="75" STYLEREFS="font0"/><SP WIDTH="17" VPOS="2558" HPOS="1398"/><String ID="p421_w1026" CONTENT="aimed" HPOS="1415" VPOS="2558" WIDTH="108" HEIGHT="75" STYLEREFS="font0"/><SP WIDTH="11" VPOS="2558" HPOS="1523"/><String ID="p421_w1027" CONTENT="at," HPOS="1534" VPOS="2558" WIDTH="44" HEIGHT="75" STYLEREFS="font0"/><SP WIDTH="27" VPOS="2558" HPOS="1578"/><String ID="p421_w1028" CONTENT="are" HPOS="1605" VPOS="2558" WIDTH="52" HEIGHT="75" STYLEREFS="font0"/><SP WIDTH="16" VPOS="2558" HPOS="1657"/><String ID="p421_w1029" CONTENT="fuch" HPOS="1673" VPOS="2558" WIDTH="74" HEIGHT="75" STYLEREFS="font0"/><SP WIDTH="18" VPOS="2558" HPOS="1747"/><String ID="p421_w1030" CONTENT="as" HPOS="1765" VPOS="2558" WIDTH="34" HEIGHT="75" STYLEREFS="font0"/><SP WIDTH="24" VPOS="2558" HPOS="1799"/><String ID="p421_w1031" CONTENT="have" HPOS="1823" VPOS="2558" WIDTH="82" HEIGHT="75" STYLEREFS="font0"/><SP WIDTH="24" VPOS="2558" HPOS="1905"/><String ID="p421_w1032" CONTENT="a" HPOS="1929" VPOS="2558" WIDTH="19" HEIGHT="75" STYLEREFS="font0"/><SP WIDTH="15" VPOS="2558" HPOS="1948"/><String ID="p421_w1033" CONTENT="fmooth" HPOS="1963" VPOS="2558" WIDTH="125" HEIGHT="75" STYLEREFS="font0"/><SP WIDTH="18" VPOS="2558" HPOS="2088"/><String ID="p421_w1034" CONTENT="furface." HPOS="2106" VPOS="2558" WIDTH="136" HEIGHT="75" STYLEREFS="font0"/></TextLine><TextLine WIDTH="1028" HEIGHT="75" ID="p421_t113" HPOS="1215" VPOS="2606"><String ID="p421_w1035" CONTENT="Their" HPOS="1215" VPOS="2606" WIDTH="108" HEIGHT="75" STYLEREFS="font0"/><SP WIDTH="12" VPOS="2606" HPOS="1323"/><String ID="p421_w1036" CONTENT="height," HPOS="1335" VPOS="2606" WIDTH="124" HEIGHT="75" STYLEREFS="font0"/><SP WIDTH="24" VPOS="2606" HPOS="1459"/><String ID="p421_w1037" CONTENT="including" HPOS="1483" VPOS="2606" WIDTH="163" HEIGHT="75" STYLEREFS="font0"/><SP WIDTH="24" VPOS="2606" HPOS="1646"/><String ID="p421_w1038" CONTENT="the" HPOS="1670" VPOS="2606" WIDTH="56" HEIGHT="75" STYLEREFS="font0"/><SP WIDTH="18" VPOS="2606" HPOS="1726"/><String ID="p421_w1039" CONTENT="joint," HPOS="1744" VPOS="2606" WIDTH="99" HEIGHT="75" STYLEREFS="font0"/><SP WIDTH="10" VPOS="2606" HPOS="1843"/><String ID="p421_w1040" CONTENT=".fhould" HPOS="1853" VPOS="2606" WIDTH="127" HEIGHT="75" STYLEREFS="font0"/><SP WIDTH="23" VPOS="2606" HPOS="1980"/><String ID="p421_w1041" CONTENT="never" HPOS="2003" VPOS="2606" WIDTH="96" HEIGHT="75" STYLEREFS="font0"/><SP WIDTH="17" VPOS="2606" HPOS="2099"/><String ID="p421_w1042" CONTENT="be" HPOS="2116" VPOS="2606" WIDTH="39" HEIGHT="75" STYLEREFS="font0"/><SP WIDTH="15" VPOS="2606" HPOS="2155"/><String ID="p421_w1043" CONTENT="lefs," HPOS="2170" VPOS="2606" WIDTH="73" HEIGHT="75" STYLEREFS="font0"/></TextLine><TextLine WIDTH="1030" HEIGHT="75" ID="p421_t114" HPOS="1216" VPOS="2649"><String ID="p421_w1044" CONTENT="nor" HPOS="1216" VPOS="2649" WIDTH="58" HEIGHT="75" STYLEREFS="font0"/><SP WIDTH="15" VPOS="2649" HPOS="1274"/><String ID="p421_w1045" CONTENT="much" HPOS="1289" VPOS="2649" WIDTH="98" HEIGHT="75" STYLEREFS="font0"/><SP WIDTH="15" VPOS="2649" HPOS="1387"/><String ID="p421_w1046" CONTENT="more," HPOS="1402" VPOS="2649" WIDTH="100" HEIGHT="75" STYLEREFS="font0"/><SP WIDTH="25" VPOS="2649" HPOS="1502"/><String ID="p421_w1047" CONTENT="than" HPOS="1527" VPOS="2649" WIDTH="78" HEIGHT="75" STYLEREFS="font0"/><SP WIDTH="14" VPOS="2649" HPOS="1605"/><String ID="p421_w1048" CONTENT="half" HPOS="1619" VPOS="2649" WIDTH="73" HEIGHT="75" STYLEREFS="font0"/><SP WIDTH="19" VPOS="2649" HPOS="1692"/><String ID="p421_w1049" CONTENT="a" HPOS="1711" VPOS="2649" WIDTH="18" HEIGHT="75" STYLEREFS="font0"/><SP WIDTH="16" VPOS="2649" HPOS="1729"/><String ID="p421_w1050" CONTENT="module" HPOS="1745" VPOS="2649" WIDTH="129" HEIGHT="75" STYLEREFS="font0"/><SP WIDTH="17" VPOS="2649" HPOS="1874"/><String ID="p421_w1051" CONTENT="of" HPOS="1891" VPOS="2649" WIDTH="39" HEIGHT="75" STYLEREFS="font0"/><SP WIDTH="19" VPOS="2649" HPOS="1930"/><String ID="p421_w1052" CONTENT="the" HPOS="1949" VPOS="2649" WIDTH="56" HEIGHT="75" STYLEREFS="font0"/><SP WIDTH="15" VPOS="2649" HPOS="2005"/><String ID="p421_w1053" CONTENT="order" HPOS="2020" VPOS="2649" WIDTH="106" HEIGHT="75" STYLEREFS="font0"/><SP WIDTH="6" VPOS="2649" HPOS="2126"/><String ID="p421_w1054" CONTENT="placed" HPOS="2132" VPOS="2649" WIDTH="114" HEIGHT="75" STYLEREFS="font0"/></TextLine><TextLine WIDTH="1028" HEIGHT="75" ID="p421_t115" HPOS="1216" VPOS="2696"><String ID="p421_w1055" CONTENT="on;" HPOS="1216" VPOS="2696" WIDTH="44" HEIGHT="75" STYLEREFS="font0"/><SP WIDTH="12" VPOS="2696" HPOS="1260"/><String ID="p421_w1056" CONTENT="the" HPOS="1272" VPOS="2696" WIDTH="56" HEIGHT="75" STYLEREFS="font0"/><SP WIDTH="13" VPOS="2696" HPOS="1328"/><String ID="p421_w1057" CONTENT="bafement." HPOS="1341" VPOS="2696" WIDTH="170" HEIGHT="75" STYLEREFS="font0"/><SP WIDTH="48" VPOS="2696" HPOS="1511"/><String ID="p421_w1058" CONTENT="Their" HPOS="1559" VPOS="2696" WIDTH="105" HEIGHT="75" STYLEREFS="font0"/><SP WIDTH="16" VPOS="2696" HPOS="1664"/><String ID="p421_w1059" CONTENT="figure," HPOS="1680" VPOS="2696" WIDTH="107" HEIGHT="75" STYLEREFS="font0"/><SP WIDTH="12" VPOS="2696" HPOS="1787"/><String ID="p421_w1060" CONTENT="may" HPOS="1799" VPOS="2696" WIDTH="74" HEIGHT="75" STYLEREFS="font0"/><SP WIDTH="15" VPOS="2696" HPOS="1873"/><String ID="p421_w1061" CONTENT="be" HPOS="1888" VPOS="2696" WIDTH="40" HEIGHT="75" STYLEREFS="font0"/><SP WIDTH="20" VPOS="2696" HPOS="1928"/><String ID="p421_w1062" CONTENT="from" HPOS="1948" VPOS="2696" WIDTH="83" HEIGHT="75" STYLEREFS="font0"/><SP WIDTH="19" VPOS="2696" HPOS="2031"/><String ID="p421_w1063" CONTENT="a" HPOS="2050" VPOS="2696" WIDTH="17" HEIGHT="75" STYLEREFS="font0"/><SP WIDTH="17" VPOS="2696" HPOS="2067"/><String ID="p421_w1064" CONTENT="fquare" HPOS="2084" VPOS="2696" WIDTH="112" HEIGHT="75" STYLEREFS="font0"/><SP WIDTH="12" VPOS="2696" HPOS="2196"/><String ID="p421_w1065" CONTENT="to" HPOS="2208" VPOS="2696" WIDTH="36" HEIGHT="75" STYLEREFS="font0"/></TextLine><TextLine WIDTH="1027" HEIGHT="75" ID="p421_t116" HPOS="1216" VPOS="2741"><String ID="p421_w1066" CONTENT="a" HPOS="1216" VPOS="2741" WIDTH="17" HEIGHT="75" STYLEREFS="font0"/><SP WIDTH="16" VPOS="2741" HPOS="1233"/><String ID="p421_w1067" CONTENT="fefquialtera.;" HPOS="1249" VPOS="2741" WIDTH="223" HEIGHT="75" STYLEREFS="font0"/><SP WIDTH="27" VPOS="2741" HPOS="1472"/><String ID="p421_w1068" CONTENT="and" HPOS="1499" VPOS="2741" WIDTH="61" HEIGHT="75" STYLEREFS="font0"/><SP WIDTH="17" VPOS="2741" HPOS="1560"/><String ID="p421_w1069" CONTENT="their" HPOS="1577" VPOS="2741" WIDTH="85" HEIGHT="75" STYLEREFS="font0"/><SP WIDTH="20" VPOS="2741" HPOS="1662"/><String ID="p421_w1070" CONTENT="joints" HPOS="1682" VPOS="2741" WIDTH="101" HEIGHT="75" STYLEREFS="font0"/><SP WIDTH="17" VPOS="2741" HPOS="1783"/><String ID="p421_w1071" CONTENT="may" HPOS="1800" VPOS="2741" WIDTH="73" HEIGHT="75" STYLEREFS="font0"/><SP WIDTH="18" VPOS="2741" HPOS="1873"/><String ID="p421_w1072" CONTENT="be" HPOS="1891" VPOS="2741" WIDTH="39" HEIGHT="75" STYLEREFS="font0"/><SP WIDTH="20" VPOS="2741" HPOS="1930"/><String ID="p421_w1073" CONTENT="either" HPOS="1950" VPOS="2741" WIDTH="103" HEIGHT="75" STYLEREFS="font0"/><SP WIDTH="15" VPOS="2741" HPOS="2053"/><String ID="p421_w1074" CONTENT="fquare" HPOS="2068" VPOS="2741" WIDTH="114" HEIGHT="75" STYLEREFS="font0"/><SP WIDTH="23" VPOS="2741" HPOS="2182"/><String ID="p421_w1075" CONTENT="or" HPOS="2205" VPOS="2741" WIDTH="38" HEIGHT="75" STYLEREFS="font0"/></TextLine><TextLine WIDTH="1026" HEIGHT="75" ID="p421_t117" HPOS="1215" VPOS="2790"><String ID="p421_w1076" CONTENT="chamfered." HPOS="1215" VPOS="2790" WIDTH="195" HEIGHT="75" STYLEREFS="font0"/><SP WIDTH="47" VPOS="2790" HPOS="1410"/><String ID="p421_w1077" CONTENT="The" HPOS="1457" VPOS="2790" WIDTH="76" HEIGHT="75" STYLEREFS="font0"/><SP WIDTH="11" VPOS="2790" HPOS="1533"/><String ID="p421_w1078" CONTENT="fquare" HPOS="1544" VPOS="2790" WIDTH="116" HEIGHT="75" STYLEREFS="font0"/><SP WIDTH="9" VPOS="2790" HPOS="1660"/><String ID="p421_w1079" CONTENT="ones" HPOS="1669" VPOS="2790" WIDTH="76" HEIGHT="75" STYLEREFS="font0"/><SP WIDTH="16" VPOS="2790" HPOS="1745"/><String ID="p421_w1080" CONTENT="fhould" HPOS="1761" VPOS="2790" WIDTH="111" HEIGHT="75" STYLEREFS="font0"/><SP WIDTH="17" VPOS="2790" HPOS="1872"/><String ID="p421_w1081" CONTENT="not" HPOS="1889" VPOS="2790" WIDTH="55" HEIGHT="75" STYLEREFS="font0"/><SP WIDTH="16" VPOS="2790" HPOS="1944"/><String ID="p421_w1082" CONTENT="be" HPOS="1960" VPOS="2790" WIDTH="39" HEIGHT="75" STYLEREFS="font0"/><SP WIDTH="18" VPOS="2790" HPOS="1999"/><String ID="p421_w1083" CONTENT="broader" HPOS="2017" VPOS="2790" WIDTH="136" HEIGHT="75" STYLEREFS="font0"/><SP WIDTH="12" VPOS="2790" HPOS="2153"/><String ID="p421_w1084" CONTENT="than" HPOS="2165" VPOS="2790" WIDTH="76" HEIGHT="75" STYLEREFS="font0"/></TextLine><TextLine WIDTH="1026" HEIGHT="75" ID="p421_t118" HPOS="1214" VPOS="2835"><String ID="p421_w1085" CONTENT="one" HPOS="1214" VPOS="2835" WIDTH="59" HEIGHT="75" STYLEREFS="font0"/><SP WIDTH="17" VPOS="2835" HPOS="1273"/><String ID="p421_w1086" CONTENT="eighth" HPOS="1290" VPOS="2835" WIDTH="109" HEIGHT="75" STYLEREFS="font0"/><SP WIDTH="19" VPOS="2835" HPOS="1399"/><String ID="p421_w1087" CONTENT="of" HPOS="1418" VPOS="2835" WIDTH="39" HEIGHT="75" STYLEREFS="font0"/><SP WIDTH="10" VPOS="2835" HPOS="1457"/><String ID="p421_w1088" CONTENT="the" HPOS="1467" VPOS="2835" WIDTH="55" HEIGHT="75" STYLEREFS="font0"/><SP WIDTH="15" VPOS="2835" HPOS="1522"/><String ID="p421_w1089" CONTENT="height" HPOS="1537" VPOS="2835" WIDTH="112" HEIGHT="75" STYLEREFS="font0"/><SP WIDTH="16" VPOS="2835" HPOS="1649"/><String ID="p421_w1090" CONTENT="of" HPOS="1665" VPOS="2835" WIDTH="40" HEIGHT="75" STYLEREFS="font0"/><SP WIDTH="10" VPOS="2835" HPOS="1705"/><String ID="p421_w1091" CONTENT="the" HPOS="1715" VPOS="2835" WIDTH="55" HEIGHT="75" STYLEREFS="font0"/><SP WIDTH="17" VPOS="2835" HPOS="1770"/><String ID="p421_w1092" CONTENT="ruftic," HPOS="1787" VPOS="2835" WIDTH="106" HEIGHT="75" STYLEREFS="font0"/><SP WIDTH="11" VPOS="2835" HPOS="1893"/><String ID="p421_w1093" CONTENT=".nor" HPOS="1904" VPOS="2835" WIDTH="65" HEIGHT="75" STYLEREFS="font0"/><SP WIDTH="17" VPOS="2835" HPOS="1969"/><String ID="p421_w1094" CONTENT="narrower" HPOS="1986" VPOS="2835" WIDTH="161" HEIGHT="75" STYLEREFS="font0"/><SP WIDTH="16" VPOS="2835" HPOS="2147"/><String ID="p421_w1095" CONTENT="than" HPOS="2163" VPOS="2835" WIDTH="77" HEIGHT="75" STYLEREFS="font0"/></TextLine><TextLine WIDTH="1025" HEIGHT="75" ID="p421_t119" HPOS="1213" VPOS="2882"><String ID="p421_w1096" CONTENT="one" HPOS="1213" VPOS="2882" WIDTH="60" HEIGHT="75" STYLEREFS="font0"/><SP WIDTH="11" VPOS="2882" HPOS="1273"/><String ID="p421_w1097" CONTENT="tenth" HPOS="1284" VPOS="2882" WIDTH="91" HEIGHT="75" STYLEREFS="font0"/><SP WIDTH="12" VPOS="2882" HPOS="1375"/><String ID="p421_w1098" CONTENT=";" HPOS="1387" VPOS="2882" WIDTH="10" HEIGHT="75" STYLEREFS="font0"/><SP WIDTH="19" VPOS="2882" HPOS="1397"/><String ID="p421_w1099" CONTENT="and" HPOS="1416" VPOS="2882" WIDTH="61" HEIGHT="75" STYLEREFS="font0"/><SP WIDTH="12" VPOS="2882" HPOS="1477"/><String ID="p421_w1100" CONTENT="their" HPOS="1489" VPOS="2882" WIDTH="83" HEIGHT="75" STYLEREFS="font0"/><SP WIDTH="11" VPOS="2882" HPOS="1572"/><String ID="p421_w1101" CONTENT="depth" HPOS="1583" VPOS="2882" WIDTH="98" HEIGHT="75" STYLEREFS="font0"/><SP WIDTH="13" VPOS="2882" HPOS="1681"/><String ID="p421_w1102" CONTENT="muft" HPOS="1694" VPOS="2882" WIDTH="80" HEIGHT="75" STYLEREFS="font0"/><SP WIDTH="11" VPOS="2882" HPOS="1774"/><String ID="p421_w1103" CONTENT="be" HPOS="1785" VPOS="2882" WIDTH="40" HEIGHT="75" STYLEREFS="font0"/><SP WIDTH="12" VPOS="2882" HPOS="1825"/><String ID="p421_w1104" CONTENT="equal" HPOS="1837" VPOS="2882" WIDTH="94" HEIGHT="75" STYLEREFS="font0"/><SP WIDTH="12" VPOS="2882" HPOS="1931"/><String ID="p421_w1105" CONTENT="to" HPOS="1943" VPOS="2882" WIDTH="34" HEIGHT="75" STYLEREFS="font0"/><SP WIDTH="10" VPOS="2882" HPOS="1977"/><String ID="p421_w1106" CONTENT="their" HPOS="1987" VPOS="2882" WIDTH="84" HEIGHT="75" STYLEREFS="font0"/><SP WIDTH="12" VPOS="2882" HPOS="2071"/><String ID="p421_w1107" CONTENT="breadth;" HPOS="2083" VPOS="2882" WIDTH="155" HEIGHT="75" STYLEREFS="font0"/></TextLine><TextLine WIDTH="1028" HEIGHT="75" ID="p421_t120" HPOS="1213" VPOS="2929"><String ID="p421_w1108" CONTENT="thofe" HPOS="1213" VPOS="2929" WIDTH="89" HEIGHT="75" STYLEREFS="font0"/><SP WIDTH="12" VPOS="2929" HPOS="1302"/><String ID="p421_w1109" CONTENT="that" HPOS="1314" VPOS="2929" WIDTH="70" HEIGHT="75" STYLEREFS="font0"/><SP WIDTH="10" VPOS="2929" HPOS="1384"/><String ID="p421_w1110" CONTENT="are" HPOS="1394" VPOS="2929" WIDTH="55" HEIGHT="75" STYLEREFS="font0"/><SP WIDTH="17" VPOS="2929" HPOS="1449"/><String ID="p421_w1111" CONTENT="chamfered," HPOS="1466" VPOS="2929" WIDTH="194" HEIGHT="75" STYLEREFS="font0"/><SP WIDTH="18" VPOS="2929" HPOS="1660"/><String ID="p421_w1112" CONTENT="muft" HPOS="1678" VPOS="2929" WIDTH="79" HEIGHT="75" STYLEREFS="font0"/><SP WIDTH="13" VPOS="2929" HPOS="1757"/><String ID="p421_w1113" CONTENT="form" HPOS="1770" VPOS="2929" WIDTH="84" HEIGHT="75" STYLEREFS="font0"/><SP WIDTH="12" VPOS="2929" HPOS="1854"/><String ID="p421_w1114" CONTENT="a" HPOS="1866" VPOS="2929" WIDTH="19" HEIGHT="75" STYLEREFS="font0"/><SP WIDTH="16" VPOS="2929" HPOS="1885"/><String ID="p421_w1115" CONTENT="redangle" HPOS="1901" VPOS="2929" WIDTH="157" HEIGHT="75" STYLEREFS="font0"/><SP WIDTH="12" VPOS="2929" HPOS="2058"/><String ID="p421_w1116" CONTENT=";." HPOS="2070" VPOS="2929" WIDTH="25" HEIGHT="75" STYLEREFS="font0"/><SP WIDTH="11" VPOS="2929" HPOS="2095"/><String ID="p421_w1117" CONTENT="and" HPOS="2106" VPOS="2929" WIDTH="63" HEIGHT="75" STYLEREFS="font0"/><SP WIDTH="15" VPOS="2929" HPOS="2169"/><String ID="p421_w1118" CONTENT="the" HPOS="2184" VPOS="2929" WIDTH="57" HEIGHT="75" STYLEREFS="font0"/></TextLine><TextLine WIDTH="152" HEIGHT="75" ID="p421_t121" HPOS="2103" VPOS="2986"><String ID="p421_w1119" CONTENT="breadth:" HPOS="2103" VPOS="2986" WIDTH="152" HEIGHT="75" STYLEREFS="font0"/></TextLine></PrintSpace></Page></Layout></alto>