2423 3387
714 162 496 75 ASTRO

207 232 96 75 Some
330 232 41 75 of
391 232 57 75 the
474 232 91 75 ftars,
590 232 207 75 particularly
812 232 171 75 Anflurus,
1011 232 82 75 have
1108 232 81 75 been

158 279 153 75 obferved
321 279 36 75 to
372 279 121 75 change
506 279 83 75 their
600 279 105 75 places
719 279 99 75 above
830 279 18 75 a
860 279 121 75 minute
993 279 40 75 of
1044 279 18 75 a
1073 279 117 75 degree

158 325 79 75 with
254 325 117 75 refped:
393 325 36 75 to
453 325 123 75 others.
624 325 68 75 But
717 325 144 75 whether
883 325 64 75 this
973 325 39 75 be
1032 325 105 75 owing
1154 325 36 75 to

157 371 63 75 any
236 371 64 75 real
316 371 123 75 motion
455 371 33 75 in
508 371 55 75 the
579 371 77 75 ftars
674 371 199 75 themfelves,
898 371 80 75 muft
991 371 125 75 require
1133 371 55 75 the

157 416 216 75 obfervations
397 416 41 75 of
455 416 95 75 many
571 416 74 75 ages
669 416 36 75 to
727 416 187 75 determine.
964 416 37 75 If
1020 416 59 75 our
1106 416 82 75 folar

156 464 112 75 fyftem
285 464 159 75 changeth
459 464 41 75 its
517 464 102 75 place,
645 464 79 75 with
744 464 113 75 regard
872 464 35 75 to
923 464 143 75 abfolute
1083 464 102 75 fpace,

156 510 64 75 this
237 510 80 75 muft
332 510 33 75 in
382 510 124 75 procefs
523 510 41 75 of
585 510 78 75 time
679 510 141 75 occafion
836 510 39 75 an
896 510 151 75 apparent
1063 510 122 75 change

155 556 33 75 in
200 556 56 75 the
272 556 152 75 diftances
441 556 40 75 of
492 556 55 75 the
559 556 77 75 ftars
652 556 83 75 from
749 556 77 75 each
838 556 94 75 other
946 556 9 75 :
982 556 63 75 and
1059 556 32 75 in
1107 556 77 75 fuch

155 602 20 75 a
191 602 81 75 cafe,
301 602 54 75 the
366 602 105 75 places
484 602 39 75 of
534 602 56 75 the
602 602 119 75 neareft
732 602 76 75 ftars
821 602 34 75 to
871 602 37 75 us
925 602 95 75 being
1035 602 89 75 more
1137 602 48 75 af-

155 648 106 75 fe<5ted
276 648 76 75 than
377 648 90 75 thofe
491 648 106 75 which
617 648 53 75 are
692 648 77 75 very
786 648 134 75 remote,
945 648 85 75 their
1053 648 132 75 relative

155 693 152 75 pofitions
323 693 81 75 muft
420 693 81 75 feem
517 693 36 75 to
570 693 93 75 alter,
692 693 122 75 though
831 693 56 75 the
904 693 76 75 ftars
996 693 189 75 themfelves

157 741 84 75 were
256 741 101 75 really
367 741 221 75 immoveable.
636 741 55 75 On
703 741 54 75 the
770 741 92 75 other
878 741 97 75 hand,
999 741 32 75 if
1042 741 59 75 our
1113 741 72 75 own

155 786 114 75 fyftem
295 786 39 75 be
358 786 33 75 at
418 786 72 75 reft,
516 786 62 75 and
603 786 61 75 any
680 786 40 75 of
737 786 67 75 th^
815 786 76 75 ftars
916 786 33 75 in
966 786 66 75 real
1050 786 133 75 motion,

156 832 64 75 this
237 832 79 75 muft
342 832 80 75 vary
437 832 85 75 their
548 832 148 75 pofitions
711 832 11 75 ;
759 832 63 75 and
849 832 56 75 the
932 832 89 75 more
1047 832 46 75 fo,
1130 832 55 75 the

156 878 109 75 nearer
282 878 76 75 they
375 878 53 75 are
445 878 35 75 to
507 878 49 75 us,
581 878 37 75 or
641 878 122 75 fwifter
787 878 85 75 their
896 878 138 75 motions
1052 878 66 75 are,
1147 878 37 75 or

157 925 54 75 the
229 925 86 75 more
333 925 115 75 proper
463 925 57 75 the
535 925 155 75 diredtion
706 925 41 75 of
769 925 84 75 their
869 925 121 75 motion
1006 925 27 75 is
1057 925 54 75 for
1126 925 60 75 our

157 970 194 75 perception.

199 1017 76 75 The
291 1017 161 75 obliquity
462 1017 41 75 of
514 1017 55 75 the
584 1017 130 75 ecliptic
724 1017 37 75 to
773 1017 55 75 the
840 1017 189 75 equinodtial
1041 1017 26 75 is
1083 1017 101 75 found

152 1062 33 75 at
201 1062 124 75 prefent
341 1062 35 75 to
393 1062 39 75 be
445 1062 100 75 above
561 1062 55 75 the
633 1062 88 75 third
733 1062 71 75 part
820 1062 40 75 of
871 1062 19 75 a
901 1062 117 75 degree
1033 1062 60 75 lefs
1106 1062 77 75 than

151 1109 151 75 Ptolemy
318 1109 101 75 found
430 1109 38 75 it.
516 1109 80 75 And
612 1109 77 75 moft
707 1109 40 75 of
763 1109 57 75 the
836 1109 164 75 obfervers
1017 1109 83 75 after
1116 1109 68 75 him

153 1155 100 75 found
277 1155 25 75 it
323 1155 34 75 to
381 1155 145 75 decreafe
550 1155 166 75 gradually
738 1155 95 75 down
858 1155 35 75 to
917 1155 150 75 Tycho’s
1091 1155 91 75 time.

154 1200 37 75 If
212 1200 26 75 it
254 1200 39 75 be
320 1200 158 75 objedled,
515 1200 72 75 that
606 1200 48 75 we
677 1200 115 75 cannot
820 1200 125 75 depend
972 1200 41 75 on
1042 1200 56 75 the
1125 1200 58 75 ob-

151 1247 172 75 fervations
351 1247 40 75 of
416 1247 55 75 the
501 1247 154 75 ancients,
689 1247 132 75 becaufe
853 1247 41 75 of
923 1247 57 75 the
1011 1247 173 75 incorredt-

152 1294 68 75 nefs
248 1294 41 75 of
312 1294 84 75 their
422 1294 224 75 inftruments;
683 1294 49 75 we
759 1294 81 75 have
875 1294 34 75 to
941 1294 132 75 anfwer,
1114 1294 70 75 that

151 1340 79 75 both
257 1340 120 75 Tycho
404 1340 62 75 and
493 1340 175 75 Flamfteed
699 1340 53 75 are
774 1340 136 75 allowed
932 1340 35 75 to
994 1340 81 75 have
1102 1340 79 75 been

150 1385 79 75 very
256 1385 86 75 good
363 1385 164 75 obfervers
542 1385 10 75 ;
579 1385 60 75 and
669 1385 55 75 yet
748 1385 48 75 we
824 1385 65 75 find
906 1385 70 75 that
1006 1385 178 75 Flamfteed

152 1431 108 75 makes
285 1431 63 75 this
373 1431 161 75 obliquity
558 1431 47 75 2-§-
628 1431 136 75 minutes
783 1431 39 75 of
841 1431 19 75 a
883 1431 117 75 degree
1020 1431 61 75 lefs
1105 1431 77 75 than

151 1477 119 75 Tycho
294 1477 56 75 did
374 1477 96 75 about
497 1477 66 75 too
582 1477 92 75 years
699 1477 110 75 before
837 1477 66 75 him
919 1477 9 75 :
964 1477 62 75 and
1043 1477 33 75 as
1103 1477 79 75 Pto-

152 1524 84 75 lemy
253 1524 64 75 was
340 1524 87 75 1324
452 1524 90 75 years
558 1524 111 75 before
684 1524 132 75 Tycho,
845 1524 34 75 fo
904 1524 56 75 the
977 1524 130 75 gradual
1124 1524 54 75 de-

152 1571 105 75 creafe
273 1571 133 75 anfwers
424 1571 110 75 nearly
549 1571 35 75 to
607 1571 56 75 the
689 1571 172 75 difference
878 1571 40 75 of
935 1571 77 75 time
1037 1571 143 75 between

142 1617 96 75 -thefe
253 1617 90 75 three
359 1617 222 75 aftronomers.
630 1617 37 75 If
685 1617 48 75 we
749 1617 154 75 confider,
929 1617 70 75 that
1016 1617 54 75 the
1087 1617 90 75 earth

152 1664 26 75 is
195 1664 56 75 not
267 1664 18 75 a
311 1664 119 75 perfedt
453 1664 124 75 fphere,
602 1664 58 75 but
684 1664 39 75 an
745 1664 107 75 oblate
877 1664 157 75 fpheriod,
1062 1664 116 75 having

151 1709 40 75 its
205 1709 68 75 axis
286 1709 119 75 (horter
417 1709 77 75 than
510 1709 42 75 its
564 1709 178 75 equatorial
758 1709 155 75 diameter
927 1709 11 75 ;
964 1709 62 75 and
1038 1709 68 75 that
1124 1709 58 75 the'

152 1755 54 75 fun
230 1755 60 75 and
313 1755 95 75 moon
434 1755 53 75 are
513 1755 176 75 conftantly
705 1755 104 75 adting
829 1755 164 75 obliquely
1018 1755 84 75 upon
1125 1755 56 75 the

149 1800 129 75 greater
294 1800 148 75 quantity
458 1800 39 75 of
509 1800 115 75 matter
640 1800 97 75 about
753 1800 55 75 the
832 1800 147 75 equator,
1004 1800 121 75 pulling
1141 1800 40 75 it,

150 1848 34 75 as
209 1848 26 75 it
259 1848 95 75 were,
393 1848 140 75 towards
558 1848 19 75 a
598 1848 111 75 nearer
741 1848 60 75 and
826 1848 111 75 nearer
961 1848 219 75 co-incidence

149 1894 79 75 with
244 1894 55 75 the
315 1894 125 75 ecliptic
454 1894 10 75 ;
491 1894 26 75 it
531 1894 62 75 will
606 1894 56 75 not
674 1894 114 75 appear
799 1894 198 75 improbable
1008 1894 71 75 that
1092 1894 86 75 thefe

148 1941 118 75 adlions
282 1941 109 75 fhould
409 1941 166 75 gradually
591 1941 144 75 diminilh
748 1941 54 75 the
819 1941 91 75 angle
927 1941 141 75 between
1087 1941 90 75 thofe

147 1987 121 75 planes.
317 1987 73 75 Nor
405 1987 27 75 is
457 1987 25 75 it
497 1987 62 75 lefs
579 1987 152 75 probable
751 1987 71 75 that
848 1987 55 75 the
920 1987 119 75 mutual
1058 1987 117 75 attrac-

148 2033 83 75 tions
248 2033 40 75 of
307 2033 42 75 all
373 2033 55 75 the
450 2033 119 75 planets
594 2033 112 75 fhould
719 2033 80 75 have
816 2033 19 75 a
858 2033 158 75 tendency
1032 2033 35 75 to
1085 2033 92 75 bring

148 2078 83 75 their
246 2078 100 75 orbits
363 2078 35 75 to
411 2078 17 75 a
445 2078 201 75 coincidence
661 2078 9 75 :
696 2078 58 75 but
766 2078 64 75 this
842 2078 121 75 change
974 2078 26 75 is
1013 2078 57 75 too
1085 2078 91 75 fmall

148 2124 35 75 to
198 2124 271 75 becom&fenfible
484 2124 33 75 in
534 2124 94 75 many
640 2124 86 75 ages.

149 2247 139 75 Chap.
319 2247 150 75 XVIII.
529 2247 66 75 Of
614 2247 65 75 the
697 2247 174 75 Divifion
900 2247 47 75 of
966 2247 113 75 Time.
1139 2247 37 75 A

197 2276 7 104 ■
204 2302 191 75 perpetual
419 2302 117 75 Table
552 2302 50 75 of
619 2302 105 75 New
745 2302 140 75 Moons.
944 2302 79 75 The
1044 2302 121 75 Times

205 2360 47 75 of
270 2360 65 75 the
361 2360 120 75 Birth
509 2360 84 75 and
629 2360 138 75 Death
794 2360 48 75 of
868 2360 200 75 Christ.
1137 2360 37 75 A

204 2416 119 75 Table
339 2416 48 75 of
406 2416 234 75 remarkable
660 2416 116 75 JEras
796 2416 41 75 or
849 2416 159 75 Events.

193 2490 87 75 The
305 2490 88 75 parts
417 2490 40 75 of
479 2490 75 75 time
582 2490 53 75 are
660 2490 149 75 Seconds,
846 2490 166 75 Minutes,
1050 2490 124 75 Hours,

150 2537 104 75 Days,
281 2537 111 75 Tears,
417 2537 116 75 Cycles,
561 2537 97 75 dges,
684 2537 62 75 and
763 2537 148 75 Periods.

194 2584 76 75 The
293 2584 134 75 original
451 2584 158 75 ftandard,
643 2584 37 75 or
703 2584 135 75 integral
860 2584 141 75 meafure
1024 2584 40 75 of
1082 2584 90 75 time,

1290 162 43 75 N
1410 162 42 75 O
1527 162 50 75 M
1652 162 55 75 Y.

2185 162 85 75 4S<>

1238 229 26 75 is
1282 229 19 75 a
1327 229 77 75 year
1418 229 11 75 ;
1466 229 107 75 which
1601 229 26 75 is
1655 229 199 75 determined
1879 229 45 75 by
1947 229 58 75 the
2030 229 180 75 revolution
2234 229 42 75 of

1237 275 86 75 fome
1346 275 137 75 celeftial
1499 275 88 75 body
1602 275 32 75 in
1651 275 41 75 its
1710 275 97 75 orbit,
1832 275 71 75 viz.
1929 275 54 75 the
2000 275 56 75 fun
2072 275 39 75 or
2126 275 109 75 moon.

1284 321 76 75 The
1387 321 77 75 time
1487 321 164 75 meafured
1677 321 44 75 by
1744 321 56 75 the
1831 321 85 75 fun’s
1944 321 180 75 revolution
2150 321 32 75 in
2209 321 59 75 the

1236 367 139 75 ecliptic,
1400 367 86 75 from
1503 367 60 75 any
1580 367 143 75 equinox
1738 367 39 75 or
1792 367 121 75 folftice
1930 367 35 75 to
1985 367 56 75 the
2055 367 84 75 fame
2161 367 104 75 again,

1235 414 27 75 is
1287 414 104 75 called
1416 414 55 75 the
1496 414 99 75 Solar
1618 414 38 75 or
1688 414 157 75 Tropical
1863 414 97 75 Tear,
1993 414 104 75 which
2122 414 144 75 contains

1238 461 65 75 365
1321 461 92 75 days,
1441 461 17 75 3
1477 461 111 75 hours,
1614 461 44 75 48
1671 461 150 75 minutes,
1848 461 42 75 57
1909 461 131 75 feconds
2054 461 11 75 ;
2093 461 62 75 and
2170 461 27 75 is
2209 461 57 75 the

1233 505 76 75 only
1325 505 114 75 proper
1456 505 37 75 or
1508 505 125 75 natural
1649 505 89 75 year,
1765 505 130 75 becaufe
1922 505 27 75 it
1965 505 116 75 always
2096 505 97 75 keeps
2210 505 57 75 the

1233 552 82 75 fame
1332 552 121 75 feafons
1466 552 35 75 to
1514 552 55 75 the
1586 552 83 75 fame
1686 552 141 75 months.

1279 598 76 75 The
1372 598 149 75 quantity
1537 598 41 75 of
1596 598 77 75 time
1694 598 163 75 meafured
1881 598 44 75 by
1947 598 58 75 the
2030 598 83 75 fun’s
2136 598 129 75 revolu-

1233 643 79 75 tion,
1338 643 33 75 as
1387 643 85 75 from
1496 643 61 75 any
1574 643 89 75 fixed
1685 643 62 75 ftar
1771 643 35 75 to
1830 643 55 75 the
1909 643 83 75 fame
2020 643 60 75 ftar
2104 643 105 75 again,
2234 643 28 75 is

1232 690 104 75 called
1365 690 56 75 the
1434 690 155 75 fydereal
1603 690 103 75 year-,
1740 690 104 75 which
1873 690 143 75 contains
2046 690 64 75 3-65
2137 690 80 75 days
2241 690 22 75 6

1233 736 97 75 hours
1348 736 21 75 9
1394 736 137 75 minutes
1559 736 66 75 14^
1644 736 151 75 feconds;
1822 736 63 75 and
1909 736 26 75 is
1962 736 45 75 20
2030 736 136 75 minutes
2197 736 66 75 17J-

1233 782 131 75 feconds
1381 782 111 75 longer
1504 782 76 75 than
1597 782 55 75 the
1668 782 72 75 true
1756 782 81 75 folar
1853 782 88 75 year.

1280 829 76 75 The
1368 829 75 75 time
1461 829 164 75 meafured
1641 829 42 75 by
1695 829 115 75 twelve
1823 829 194 75 revolutions
2031 829 40 75 of
2083 829 54 75 the
2154 829 108 75 moon,

1233 875 83 75 from
1333 875 55 75 the
1405 875 56 75 fun
1478 875 34 75 to
1527 875 54 75 the
1598 875 55 75 fun
1670 875 102 75 again,
1798 875 25 75 is
1842 875 102 75 called
1959 875 56 75 the
2038 875 99 75 lunar
2154 875 84 75 year
2247 875 13 75 ;

1233 921 25 75 it
1280 921 145 75 contains
1451 921 67 75 354
1534 921 78 75 days
1636 921 21 75 8
1684 921 97 75 hours
1808 921 42 75 48
1876 921 136 75 minutes
2039 921 43 75 36
2105 921 154 75 feconds;

1234 967 61 75 and
1310 967 26 75 is
1353 967 162 75 therefore
1537 967 39 75 10
1592 967 78 75 days
1696 967 39 75 21
1755 967 99 75 hours
1876 967 23 75 o
1916 967 135 75 minutes
2071 967 37 75 21
2130 967 132 75 feconds

1232 1014 121 75 fhorter
1368 1014 78 75 than
1469 1014 55 75 the
1547 1014 83 75 folar
1646 1014 88 75 year.
1782 1014 86 75 This
1884 1014 26 75 is
1934 1014 55 75 the
2013 1014 190 75 foundation
2226 1014 42 75 of

1233 1060 53 75 the
1299 1060 102 75 epaft.

1278 1106 77 75 The
1367 1106 84 75 civil
1461 1106 83 75 year
1561 1106 26 75 is
1603 1106 73 75 that
1690 1106 106 75 which
1814 1106 25 75 is
1852 1106 33 75 in
1903 1106 145 75 common
2072 1106 53 75 ufe
2146 1106 117 75 among

1232 1152 55 75 the
1302 1152 152 75 different
1469 1152 124 75 nations
1610 1152 40 75 of
1667 1152 56 75 the
1738 1152 126 75 world;
1890 1152 41 75 of
1949 1152 120 75 which,
2092 1152 87 75 fome
2191 1152 69 75 rec-

1233 1198 62 75 kon
1312 1198 44 75 by
1374 1198 53 75 the
1444 1198 104 75 lunar,
1573 1198 58 75 but
1648 1198 78 75 moft
1742 1198 43 75 by
1802 1198 55 75 the
1869 1198 93 75 folar.
2010 1198 77 75 The
2111 1198 74 75 civil
2210 1198 50 75 fo-

1232 1244 47 75 lar
1302 1244 77 75 year
1404 1244 142 75 contains
1573 1244 65 75 365
1667 1244 93 75 days,
1795 1244 53 75 for
1874 1244 90 75 three
1990 1244 92 75 years
2111 1244 149 75 running,

1232 1290 105 75 which
1355 1290 52 75 are
1420 1290 103 75 called
1535 1290 138 75 common
1688 1290 121 75 years;
1837 1290 63 75 and
1915 1290 75 75 then
2008 1290 106 75 comes
2126 1290 31 75 in
2174 1290 88 75 what

1229 1337 27 75 is
1273 1337 103 75 called
1392 1337 56 75 the
1473 1337 151 75 bijfextile
1647 1337 38 75 or
1709 1337 174 75 leap-year,
1909 1337 105 75 which
2031 1337 142 75 contains
2192 1337 68 75 366

1230 1383 90 75 days.
1368 1383 86 75 This
1471 1383 25 75 is
1509 1383 65 75 alfo
1586 1383 103 75 called
1706 1383 55 75 the
1775 1383 123 75 Julian
1906 1383 94 75 year,
2021 1383 41 75 on
2079 1383 134 75 account
2225 1383 41 75 of

1231 1429 103 75 Julius
1352 1429 118 75 Caefar,
1496 1429 74 75 who
1595 1429 169 75 appointed
1788 1429 55 75 the
1866 1429 272 75 intercalary-day
2162 1429 97 75 every

1231 1475 109 75 fourth
1358 1475 88 75 year,
1471 1475 147 75 thinking
1631 1475 134 75 thereby
1780 1475 36 75 to
1832 1475 93 75 make
1943 1475 53 75 the
2013 1475 73 75 civil
2099 1475 63 75 and
2178 1475 83 75 folar

1228 1521 76 75 year
1320 1521 81 75 keep
1417 1521 77 75 pace
1510 1521 162 75 together.
1723 1521 76 75 And
1815 1521 64 75 this
1896 1521 75 75 day,
1996 1521 96 75 being
2108 1521 103 75 added
2224 1521 38 75 to

1230 1568 54 75 the
1298 1568 68 75 23d
1381 1568 41 75 of
1440 1568 176 75 February,
1642 1568 105 75 which
1759 1568 33 75 in
1809 1568 55 75 the
1881 1568 126 75 Roman
2025 1568 152 75 kalendar
2193 1568 66 75 was

1225 1615 56 75 the
1296 1615 84 75 fixth
1404 1615 41 75 of
1462 1615 57 75 the
1534 1615 133 75 kalends
1690 1615 41 75 of
1749 1615 133 75 March,
1907 1615 71 75 that
2000 1615 86 75 fixth
2108 1615 63 75 day
2195 1615 65 75 was

1229 1661 95 75 twice
1341 1661 171 75 reckoned,
1537 1661 37 75 or
1591 1661 56 75 the
1665 1661 67 75 23d
1755 1661 64 75 and
1836 1661 82 75 24th
1934 1661 86 75 were
2042 1661 160 75 reckoned
2225 1661 35 75 as

1227 1707 58 75 one
1311 1707 74 75 day,
1412 1707 63 75 and
1499 1707 65 75 was
1590 1707 103 75 called
1721 1707 49 75 bis
1791 1707 115 75 fextus
1931 1707 89 75 dies;
2056 1707 61 75 and
2144 1707 116 75 thence

1230 1754 86 75 came
1334 1754 55 75 the
1406 1754 91 75 name
1513 1754 67 75 biJJ'
1580 1754 85 75 extile
1681 1754 51 75 for
1748 1754 70 75 that
1835 1754 87 75 year.
1971 1754 67 75 But
2055 1754 31 75 in
2099 1754 59 75 our
2170 1754 88 75 com-

1230 1800 73 75 mon
1322 1800 178 75 almanacks
1517 1800 64 75 this
1595 1800 62 75 day
1674 1800 26 75 is
1718 1800 104 75 added
1838 1800 33 75 at
1888 1800 55 75 the
1956 1800 61 75 end
2029 1800 41 75 of
2081 1800 177 75 February.

1273 1846 76 75 The
1366 1846 82 75 civil
1462 1846 101 75 lunar
1576 1846 86 75 year
1686 1846 26 75 is
1738 1846 66 75 alfo
1826 1846 147 75 common
1995 1846 38 75 or
2054 1846 203 75 intercalary.

1225 1893 77 75 The
1320 1893 146 75 common
1484 1893 75 75 year
1583 1893 125 75 confifts
1733 1893 42 75 of
1798 1893 38 75 12
1860 1893 173 75 lunations,
2058 1893 105 75 which
2180 1893 77 75 con-

1225 1940 66 75 tain
1313 1940 67 75 354
1398 1940 100 75 days;
1526 1940 32 75 at
1575 1940 55 75 the
1653 1940 63 75 end
1732 1940 40 75 of
1789 1940 118 75 which,
1933 1940 55 75 the
2005 1940 76 75 year
2096 1940 110 75 begins
2223 1940 34 75 a-

1225 1986 85 75 gain.
1358 1986 76 75 The
1452 1986 213 75 intercalary,
1682 1986 39 75 or
1732 1986 178 75 etnbolimic
1922 1986 75 75 year
2008 1986 26 75 is
2051 1986 69 75 that
2133 1986 123 75 where-

1223 2032 31 75 in
1265 2032 18 75 a
1291 2032 111 75 month
1415 2032 66 75 was
1491 2032 115 75 added,
1624 2032 35 75 to
1672 2032 101 75 adjuft
1788 2032 54 75 the
1852 2032 91 75 lunar
1954 2032 76 75 year
2040 2032 36 75 to
2088 2032 56 75 the
2159 2032 96 75 folar.

1223 2078 85 75 This
1327 2078 133 75 method
1476 2078 64 75 was
1564 2078 76 75 ufed
1656 2078 43 75 by
1716 2078 54 75 the
1788 2078 99 75 Jews,
1914 2078 72 75 who
2003 2078 76 75 kept
2095 2078 84 75 their
2202 2078 53 75 ac-

1225 2124 96 75 count
1348 2124 43 75 by
1416 2124 56 75 the
1497 2124 90 75 lunar
1611 2124 152 75 motions.
1812 2124 66 75 But
1904 2124 42 75 by
1968 2124 222 75 intercalating
2213 2124 43 75 no

1224 2170 88 75 more
1329 2170 76 75 than
1423 2170 18 75 a
1457 2170 111 75 month
1592 2170 40 75 of
1653 2170 44 75 30
1720 2170 92 75 days,
1837 2170 104 75 which
1967 2170 78 75 they
2068 2170 103 75 called
2193 2170 61 75 Ve-

1226 2216 108 75 Adar,
1360 2216 96 75 every
1474 2216 87 75 third
1578 2216 87 75 year,
1691 2216 77 75 they
1790 2216 58 75 fell
1867 2216 140 75 3^-days
2029 2216 87 75 ftiort
2139 2216 41 75 of
2196 2216 58 75 the

1223 2261 83 75 folar
1321 2261 77 75 year
1410 2261 31 75 in
1458 2261 70 75 that
1545 2261 90 75 time.

1270 2308 76 75 The
1362 2308 143 75 Romans
1529 2308 64 75 alfo
1616 2308 76 75 ufed
1716 2308 55 75 the
1794 2308 101 75 lunar
1919 2308 177 75 embolimic
2110 2308 83 75 year
2216 2308 34 75 at

1221 2356 75 75 firft,
1322 2356 36 75 as
1373 2356 25 75 it
1414 2356 64 75 was
1495 2356 114 75 fettled
1631 2356 44 75 by
1692 2356 158 75 Romulus
1867 2356 83 75 their
1973 2356 64 75 firft
2060 2356 90 75 king,
2176 2356 76 75 who

1221 2401 91 75 made
1328 2401 26 75 it
1370 2401 35 75 to
1422 2401 107 75 confift
1546 2401 76 75 only
1638 2401 41 75 of
1688 2401 54 75 ten
1760 2401 128 75 months
1902 2401 37 75 or
1955 2401 170 75 lunations,
2143 2401 108 75 which

1221 2447 54 75 fell
1295 2447 39 75 61
1350 2447 79 75 days
1445 2447 85 75 fhort
1547 2447 40 75 of
1606 2447 54 75 the
1673 2447 82 75 folar
1771 2447 88 75 year,
1885 2447 62 75 and
1959 2447 35 75 fo
2011 2447 83 75 their
2106 2447 75 75 year
2194 2447 55 75 be-

1225 2493 85 75 came
1328 2493 89 75 quite
1434 2493 100 75 vague
1558 2493 63 75 and
1643 2493 151 75 unfixed;
1822 2493 51 75 for
1897 2493 104 75 which
2025 2493 120 75 reafon,
2171 2493 79 75 they

1223 2539 81 75 were
1322 2539 109 75 forced
1448 2539 35 75 to
1500 2539 79 75 have
1596 2539 18 75 a
1630 2539 85 75 table
1732 2539 163 75 publiftied
1911 2539 42 75 by
1971 2539 55 75 the
2047 2539 200 75 high-prieft,

1223 2585 34 75 to
1273 2585 116 75 inform
1406 2585 88 75 them
1510 2585 92 75 when
1619 2585 56 75 the
1691 2585 104 75 fpring
1813 2585 61 75 and
1889 2585 93 75 other
2000 2585 121 75 feafons
2134 2585 113 75 began.

148 2728 35 75 or
198 2728 35 75 be
250 2728 138 75 reduced
401 2728 32 75 to
449 2728 67 75 fiat
532 2728 145 75 circular
687 2728 127 75 planes,
832 2728 38 75 fo
887 2728 70 75 thin
974 2728 35 75 as
1039 2728 31 75 to
1089 2728 35 75 be
1140 2728 89 75 quite
1245 2728 146 75 invifible
1417 2728 7 75 '
1424 2728 86 75 when
1531 2728 85 75 their
1642 2728 91 75 edges
1750 2728 58 75 are
1824 2728 121 75 turned
1958 2728 144 75 towards
2119 2728 36 75 us
2171 2728 9 75 ;
2206 2728 40 75 as

147 2773 155 75 Saturn's
319 2773 74 75 ring
409 2773 29 75 is
455 2773 36 75 in
496 2773 82 75 fuch
589 2773 165 75 pofitions.
804 2773 69 75 But
889 2773 94 75 when
999 2773 73 75 very
1088 2773 162 75 excentric
1271 2773 131 75 planets
1418 2773 37 75 or
1481 2773 116 75 comets
1618 2773 42 75 go
1685 2773 107 75 round
1814 2773 61 75 any
1893 2773 66 75 fiat
1976 2773 90 75 far,
2092 2773 35 75 in
2144 2773 101 75 orbits

137 2819 101 75 much
255 2819 145 75 inclined
411 2819 33 75 to
459 2819 45 75 its
519 2819 145 75 equator,
690 2819 52 75 the
758 2819 177 75 attraftion
952 2819 42 75 of
1000 2819 52 75 the
1062 2819 132 75 planets
1218 2819 35 75 or
1270 2819 113 75 comets
1401 2819 35 75 in
1453 2819 86 75 their
1549 2819 193 75 perihelions
1760 2819 82 75 mufi
1863 2819 88 75 alter
1974 2819 52 75 the
2049 2819 196 75 inclination

146 2865 43 75 of
196 2865 51 75 the
261 2865 73 75 axis
351 2865 42 75 of
398 2865 73 75 that
477 2865 79 75 far
571 2865 10 75 ;
606 2865 39 75 on
660 2865 106 75 which
781 2865 134 75 account
932 2865 27 75 it
976 2865 77 75 will
1065 2865 121 75 appear
1202 2865 84 75 more
1302 2865 36 75 or
1353 2865 57 75 lefs
1427 2865 91 75 large
1533 2865 69 75 and
1614 2865 175 75 luminous,
1814 2865 36 75 as
1869 2865 42 75 its
1928 2865 99 75 broad
2029 2865 74 75 fide
2118 2865 28 75 is
2160 2865 85 75 more

146 2911 37 75 or
198 2911 57 75 lefs
277 2911 120 75 turned
411 2911 142 75 towards
572 2911 48 75 us.
672 2911 80 75 And
765 2911 73 75 thus
855 2911 37 75 he
901 2911 156 75 imagines
1074 2911 51 75 we
1136 2911 69 75 may
1217 2911 133 75 account
1357 2911 64 75 for
1430 2911 53 75 the
1497 2911 159 75 apparent
1672 2911 135 75 changes
1817 2911 44 75 of
1866 2911 186 75 magnitude
2063 2911 70 75 and
2143 2911 102 75 lufire

145 2959 36 75 in
206 2959 81 75 thofe
292 2959 105 75 flars,
421 2959 70 75 and
503 2959 141 75 likewife
648 2959 64 75 for
726 2959 87 75 their
828 2959 176 75 appearing
1019 2959 70 75 and
1101 2959 234 75 difappearing.

208 3004 99 75 Vol.
331 3004 33 75 I.
410 3004 70 75 No.
499 3004 57 75 21.

1061 3004 19 75 3

1643 3004 5 75 '
1694 3004 23 75 <$
1740 3004 36 75 H

2179 3018 69 75 But
