<?xml version="1.0" encoding="UTF-8"?>
<alto xmlns="http://www.loc.gov/standards/alto/v3/alto.xsd"><Description><MeasurementUnit>pixel</MeasurementUnit><sourceImageInformation><fileName>./data/pdfs/c_188936619/i_144133901/188082693.23.pdf</fileName></sourceImageInformation><OCRProcessing ID="IdOcr"><ocrProcessingStep><processingDateTime>Fri Jul 12 10:37:55 2019
</processingDateTime><processingSoftware><softwareCreator>CONTRIBUTORS</softwareCreator><softwareName>pdfalto</softwareName><softwareVersion>0.1</softwareVersion></processingSoftware></ocrProcessingStep></OCRProcessing></Description><Styles><TextStyle ID="font0" FONTFAMILY="times" FONTSIZE="10.000" FONTTYPE="serif" FONTWIDTH="proportional" FONTCOLOR="#WWWWWW" FONTSTYLE=""/><TextStyle ID="font1" FONTFAMILY="times" FONTSIZE="6.500" FONTTYPE="serif" FONTWIDTH="proportional" FONTCOLOR="#WWWWWW" FONTSTYLE="superscript"/><TextStyle ID="font2" FONTFAMILY="times" FONTSIZE="6.500" FONTTYPE="serif" FONTWIDTH="proportional" FONTCOLOR="#WWWWWW" FONTSTYLE="subscript"/></Styles><Layout><Page ID="Page477" PHYSICAL_IMG_NR="477" WIDTH="2483" HEIGHT="3387"><PrintSpace><TextLine WIDTH="80" HEIGHT="75" ID="p477_t1" HPOS="2218" VPOS="162"><String ID="p477_w1" CONTENT="395." HPOS="2218" VPOS="162" WIDTH="80" HEIGHT="75" STYLEREFS="font0"/></TextLine><TextLine WIDTH="1169" HEIGHT="75" ID="p477_t2" HPOS="659" VPOS="154"><String ID="p477_w2" CONTENT="ARITHMETIC" HPOS="659" VPOS="154" WIDTH="1042" HEIGHT="75" STYLEREFS="font0"/><SP WIDTH="77" VPOS="154" HPOS="1701"/><String ID="p477_w3" CONTENT="K." HPOS="1778" VPOS="154" WIDTH="50" HEIGHT="75" STYLEREFS="font0"/></TextLine><TextLine WIDTH="983" HEIGHT="75" ID="p477_t3" HPOS="233" VPOS="223"><String ID="p477_w4" CONTENT="Rule" HPOS="233" VPOS="223" WIDTH="109" HEIGHT="75" STYLEREFS="font0"/><SP WIDTH="18" VPOS="223" HPOS="342"/><String ID="p477_w5" CONTENT="III." HPOS="360" VPOS="223" WIDTH="67" HEIGHT="75" STYLEREFS="font0"/><SP WIDTH="49" VPOS="223" HPOS="427"/><String ID="p477_w6" CONTENT="If" HPOS="476" VPOS="223" WIDTH="38" HEIGHT="75" STYLEREFS="font0"/><SP WIDTH="9" VPOS="223" HPOS="514"/><String ID="p477_w7" CONTENT="the" HPOS="523" VPOS="223" WIDTH="55" HEIGHT="75" STYLEREFS="font0"/><SP WIDTH="17" VPOS="223" HPOS="578"/><String ID="p477_w8" CONTENT="rate" HPOS="595" VPOS="223" WIDTH="67" HEIGHT="75" STYLEREFS="font0"/><SP WIDTH="15" VPOS="223" HPOS="662"/><String ID="p477_w9" CONTENT="be" HPOS="677" VPOS="223" WIDTH="41" HEIGHT="75" STYLEREFS="font0"/><SP WIDTH="16" VPOS="223" HPOS="718"/><String ID="p477_w10" CONTENT="no" HPOS="734" VPOS="223" WIDTH="42" HEIGHT="75" STYLEREFS="font0"/><SP WIDTH="16" VPOS="223" HPOS="776"/><String ID="p477_w11" CONTENT="aliquot" HPOS="792" VPOS="223" WIDTH="124" HEIGHT="75" STYLEREFS="font0"/><SP WIDTH="15" VPOS="223" HPOS="916"/><String ID="p477_w12" CONTENT="part" HPOS="931" VPOS="223" WIDTH="70" HEIGHT="75" STYLEREFS="font0"/><SP WIDTH="12" VPOS="223" HPOS="1001"/><String ID="p477_w13" CONTENT="of" HPOS="1013" VPOS="223" WIDTH="40" HEIGHT="75" STYLEREFS="font0"/><SP WIDTH="11" VPOS="223" HPOS="1053"/><String ID="p477_w14" CONTENT="a" HPOS="1064" VPOS="223" WIDTH="18" HEIGHT="75" STYLEREFS="font0"/><SP WIDTH="12" VPOS="223" HPOS="1082"/><String ID="p477_w15" CONTENT="pound," HPOS="1094" VPOS="223" WIDTH="122" HEIGHT="75" STYLEREFS="font0"/></TextLine><TextLine WIDTH="1031" HEIGHT="75" ID="p477_t4" HPOS="188" VPOS="268"><String ID="p477_w16" CONTENT="and" HPOS="188" VPOS="268" WIDTH="62" HEIGHT="75" STYLEREFS="font0"/><SP WIDTH="16" VPOS="268" HPOS="250"/><String ID="p477_w17" CONTENT="cannot" HPOS="266" VPOS="268" WIDTH="115" HEIGHT="75" STYLEREFS="font0"/><SP WIDTH="17" VPOS="268" HPOS="381"/><String ID="p477_w18" CONTENT="readily" HPOS="398" VPOS="268" WIDTH="122" HEIGHT="75" STYLEREFS="font0"/><SP WIDTH="15" VPOS="268" HPOS="520"/><String ID="p477_w19" CONTENT="be" HPOS="535" VPOS="268" WIDTH="39" HEIGHT="75" STYLEREFS="font0"/><SP WIDTH="23" VPOS="268" HPOS="574"/><String ID="p477_w20" CONTENT="divided" HPOS="597" VPOS="268" WIDTH="128" HEIGHT="75" STYLEREFS="font0"/><SP WIDTH="21" VPOS="268" HPOS="725"/><String ID="p477_w21" CONTENT="into" HPOS="746" VPOS="268" WIDTH="67" HEIGHT="75" STYLEREFS="font0"/><SP WIDTH="28" VPOS="268" HPOS="813"/><String ID="p477_w22" CONTENT="fuch" HPOS="841" VPOS="268" WIDTH="76" HEIGHT="75" STYLEREFS="font0"/><SP WIDTH="28" VPOS="268" HPOS="917"/><String ID="p477_w23" CONTENT="parts," HPOS="945" VPOS="268" WIDTH="100" HEIGHT="75" STYLEREFS="font0"/><SP WIDTH="24" VPOS="268" HPOS="1045"/><String ID="p477_w24" CONTENT="divide" HPOS="1069" VPOS="268" WIDTH="107" HEIGHT="75" STYLEREFS="font0"/><SP WIDTH="17" VPOS="268" HPOS="1176"/><String ID="p477_w25" CONTENT="it" HPOS="1193" VPOS="268" WIDTH="26" HEIGHT="75" STYLEREFS="font0"/></TextLine><TextLine WIDTH="1039" HEIGHT="75" ID="p477_t5" HPOS="186" VPOS="315"><String ID="p477_w26" CONTENT="into" HPOS="186" VPOS="315" WIDTH="68" HEIGHT="75" STYLEREFS="font0"/><SP WIDTH="17" VPOS="315" HPOS="254"/><String ID="p477_w27" CONTENT="parts" HPOS="271" VPOS="315" WIDTH="87" HEIGHT="75" STYLEREFS="font0"/><SP WIDTH="16" VPOS="315" HPOS="358"/><String ID="p477_w28" CONTENT="whereof" HPOS="374" VPOS="315" WIDTH="148" HEIGHT="75" STYLEREFS="font0"/><SP WIDTH="10" VPOS="315" HPOS="522"/><String ID="p477_w29" CONTENT="one" HPOS="532" VPOS="315" WIDTH="60" HEIGHT="75" STYLEREFS="font0"/><SP WIDTH="16" VPOS="315" HPOS="592"/><String ID="p477_w30" CONTENT="at" HPOS="608" VPOS="315" WIDTH="33" HEIGHT="75" STYLEREFS="font0"/><SP WIDTH="24" VPOS="315" HPOS="641"/><String ID="p477_w31" CONTENT="lead:" HPOS="665" VPOS="315" WIDTH="75" HEIGHT="75" STYLEREFS="font0"/><SP WIDTH="16" VPOS="315" HPOS="740"/><String ID="p477_w32" CONTENT="may" HPOS="756" VPOS="315" WIDTH="74" HEIGHT="75" STYLEREFS="font0"/><SP WIDTH="16" VPOS="315" HPOS="830"/><String ID="p477_w33" CONTENT="be" HPOS="846" VPOS="315" WIDTH="38" HEIGHT="75" STYLEREFS="font0"/><SP WIDTH="17" VPOS="315" HPOS="884"/><String ID="p477_w34" CONTENT="an" HPOS="901" VPOS="315" WIDTH="38" HEIGHT="75" STYLEREFS="font0"/><SP WIDTH="19" VPOS="315" HPOS="939"/><String ID="p477_w35" CONTENT="aliquot" HPOS="958" VPOS="315" WIDTH="123" HEIGHT="75" STYLEREFS="font0"/><SP WIDTH="16" VPOS="315" HPOS="1081"/><String ID="p477_w36" CONTENT="part" HPOS="1097" VPOS="315" WIDTH="70" HEIGHT="75" STYLEREFS="font0"/><SP WIDTH="16" VPOS="315" HPOS="1167"/><String ID="p477_w37" CONTENT="of" HPOS="1183" VPOS="315" WIDTH="42" HEIGHT="75" STYLEREFS="font0"/></TextLine><TextLine WIDTH="1031" HEIGHT="75" ID="p477_t6" HPOS="187" VPOS="361"><String ID="p477_w38" CONTENT="a" HPOS="187" VPOS="361" WIDTH="18" HEIGHT="75" STYLEREFS="font0"/><SP WIDTH="16" VPOS="361" HPOS="205"/><String ID="p477_w39" CONTENT="pound," HPOS="221" VPOS="361" WIDTH="117" HEIGHT="75" STYLEREFS="font0"/><SP WIDTH="26" VPOS="361" HPOS="338"/><String ID="p477_w40" CONTENT="and" HPOS="364" VPOS="361" WIDTH="61" HEIGHT="75" STYLEREFS="font0"/><SP WIDTH="17" VPOS="361" HPOS="425"/><String ID="p477_w41" CONTENT="the" HPOS="442" VPOS="361" WIDTH="55" HEIGHT="75" STYLEREFS="font0"/><SP WIDTH="17" VPOS="361" HPOS="497"/><String ID="p477_w42" CONTENT="fubfequent" HPOS="514" VPOS="361" WIDTH="187" HEIGHT="75" STYLEREFS="font0"/><SP WIDTH="17" VPOS="361" HPOS="701"/><String ID="p477_w43" CONTENT="part," HPOS="718" VPOS="361" WIDTH="84" HEIGHT="75" STYLEREFS="font0"/><SP WIDTH="21" VPOS="361" HPOS="802"/><String ID="p477_w44" CONTENT="or" HPOS="823" VPOS="361" WIDTH="38" HEIGHT="75" STYLEREFS="font0"/><SP WIDTH="16" VPOS="361" HPOS="861"/><String ID="p477_w45" CONTENT="parts," HPOS="877" VPOS="361" WIDTH="100" HEIGHT="75" STYLEREFS="font0"/><SP WIDTH="25" VPOS="361" HPOS="977"/><String ID="p477_w46" CONTENT="each" HPOS="1002" VPOS="361" WIDTH="77" HEIGHT="75" STYLEREFS="font0"/><SP WIDTH="23" VPOS="361" HPOS="1079"/><String ID="p477_w47" CONTENT="an" HPOS="1102" VPOS="361" WIDTH="40" HEIGHT="75" STYLEREFS="font0"/><SP WIDTH="17" VPOS="361" HPOS="1142"/><String ID="p477_w48" CONTENT="ali-" HPOS="1159" VPOS="361" WIDTH="59" HEIGHT="75" STYLEREFS="font0"/></TextLine><TextLine WIDTH="522" HEIGHT="75" ID="p477_t7" HPOS="187" VPOS="407"><String ID="p477_w49" CONTENT="quot" HPOS="187" VPOS="407" WIDTH="80" HEIGHT="75" STYLEREFS="font0"/><SP WIDTH="17" VPOS="407" HPOS="267"/><String ID="p477_w50" CONTENT="part" HPOS="284" VPOS="407" WIDTH="69" HEIGHT="75" STYLEREFS="font0"/><SP WIDTH="17" VPOS="407" HPOS="353"/><String ID="p477_w51" CONTENT="of" HPOS="370" VPOS="407" WIDTH="41" HEIGHT="75" STYLEREFS="font0"/><SP WIDTH="9" VPOS="407" HPOS="411"/><String ID="p477_w52" CONTENT="fome" HPOS="420" VPOS="407" WIDTH="87" HEIGHT="75" STYLEREFS="font0"/><SP WIDTH="15" VPOS="407" HPOS="507"/><String ID="p477_w53" CONTENT="prior" HPOS="522" VPOS="407" WIDTH="88" HEIGHT="75" STYLEREFS="font0"/><SP WIDTH="15" VPOS="407" HPOS="610"/><String ID="p477_w54" CONTENT="part." HPOS="625" VPOS="407" WIDTH="84" HEIGHT="75" STYLEREFS="font0"/></TextLine><TextLine WIDTH="62" HEIGHT="75" ID="p477_t8" HPOS="213" VPOS="665"><String ID="p477_w55" CONTENT="3" HPOS="213" VPOS="683" WIDTH="18" HEIGHT="75" STYLEREFS="font0"/><SP WIDTH="11" VPOS="683" HPOS="231"/><String ID="p477_w56" CONTENT="d" HPOS="242" VPOS="665" WIDTH="23" HEIGHT="49" STYLEREFS="font1"/><String ID="p477_w57" CONTENT="-" HPOS="265" VPOS="683" WIDTH="10" HEIGHT="75" STYLEREFS="font0"/></TextLine><TextLine WIDTH="117" HEIGHT="75" ID="p477_t9" HPOS="465" VPOS="488"><String ID="p477_w58" CONTENT="Fk." HPOS="465" VPOS="488" WIDTH="63" HEIGHT="75" STYLEREFS="font0"/><SP WIDTH="25" VPOS="488" HPOS="528"/><String ID="p477_w59" CONTENT="i." HPOS="553" VPOS="488" WIDTH="29" HEIGHT="75" STYLEREFS="font0"/></TextLine><TextLine WIDTH="297" HEIGHT="75" ID="p477_t10" HPOS="396" VPOS="536"><String ID="p477_w60" CONTENT="3yo|6," HPOS="396" VPOS="536" WIDTH="111" HEIGHT="75" STYLEREFS="font0"/><SP WIDTH="14" VPOS="536" HPOS="507"/><String ID="p477_w61" CONTENT="at" HPOS="521" VPOS="536" WIDTH="33" HEIGHT="75" STYLEREFS="font0"/><SP WIDTH="14" VPOS="536" HPOS="554"/><String ID="p477_w62" CONTENT="i" HPOS="568" VPOS="536" WIDTH="13" HEIGHT="75" STYLEREFS="font0"/><SP WIDTH="13" VPOS="536" HPOS="581"/><String ID="p477_w63" CONTENT="s." HPOS="594" VPOS="536" WIDTH="29" HEIGHT="75" STYLEREFS="font0"/><SP WIDTH="14" VPOS="536" HPOS="623"/><String ID="p477_w64" CONTENT="3d." HPOS="637" VPOS="536" WIDTH="56" HEIGHT="75" STYLEREFS="font0"/></TextLine><TextLine WIDTH="135" HEIGHT="75" ID="p477_t11" HPOS="397" VPOS="638"><String ID="p477_w65" CONTENT="*75" HPOS="397" VPOS="638" WIDTH="61" HEIGHT="75" STYLEREFS="font0"/><SP WIDTH="52" VPOS="638" HPOS="458"/><String ID="p477_w66" CONTENT="6" HPOS="510" VPOS="638" WIDTH="22" HEIGHT="75" STYLEREFS="font0"/></TextLine><TextLine WIDTH="188" HEIGHT="75" ID="p477_t12" HPOS="415" VPOS="675"><String ID="p477_w67" CONTENT="43" HPOS="415" VPOS="675" WIDTH="42" HEIGHT="75" STYLEREFS="font0"/><SP WIDTH="34" VPOS="675" HPOS="457"/><String ID="p477_w68" CONTENT="16" HPOS="491" VPOS="675" WIDTH="40" HEIGHT="75" STYLEREFS="font0"/><SP WIDTH="48" VPOS="675" HPOS="531"/><String ID="p477_w69" CONTENT="6" HPOS="579" VPOS="675" WIDTH="24" HEIGHT="75" STYLEREFS="font0"/></TextLine><TextLine WIDTH="256" HEIGHT="75" ID="p477_t13" HPOS="344" VPOS="768"><String ID="p477_w70" CONTENT="L.219" HPOS="344" VPOS="768" WIDTH="124" HEIGHT="75" STYLEREFS="font0"/><SP WIDTH="42" VPOS="768" HPOS="468"/><String ID="p477_w71" CONTENT="2" HPOS="510" VPOS="768" WIDTH="20" HEIGHT="75" STYLEREFS="font0"/><SP WIDTH="48" VPOS="768" HPOS="530"/><String ID="p477_w72" CONTENT="6" HPOS="578" VPOS="768" WIDTH="22" HEIGHT="75" STYLEREFS="font0"/></TextLine><TextLine WIDTH="120" HEIGHT="75" ID="p477_t14" HPOS="983" VPOS="488"><String ID="p477_w73" CONTENT="Ex." HPOS="983" VPOS="488" WIDTH="63" HEIGHT="75" STYLEREFS="font0"/><SP WIDTH="24" VPOS="488" HPOS="1046"/><String ID="p477_w74" CONTENT="2." HPOS="1070" VPOS="488" WIDTH="33" HEIGHT="75" STYLEREFS="font0"/></TextLine><TextLine WIDTH="201" HEIGHT="75" ID="p477_t15" HPOS="959" VPOS="534"><String ID="p477_w75" CONTENT="9(5," HPOS="959" VPOS="534" WIDTH="64" HEIGHT="75" STYLEREFS="font0"/><SP WIDTH="25" VPOS="534" HPOS="1023"/><String ID="p477_w76" CONTENT="at" HPOS="1048" VPOS="534" WIDTH="32" HEIGHT="75" STYLEREFS="font0"/><SP WIDTH="23" VPOS="534" HPOS="1080"/><String ID="p477_w77" CONTENT="x" HPOS="1103" VPOS="534" WIDTH="12" HEIGHT="75" STYLEREFS="font0"/><SP WIDTH="17" VPOS="534" HPOS="1115"/><String ID="p477_w78" CONTENT="s." HPOS="1132" VPOS="534" WIDTH="28" HEIGHT="75" STYLEREFS="font0"/></TextLine><TextLine WIDTH="111" HEIGHT="75" ID="p477_t16" HPOS="1056" VPOS="582"><String ID="p477_w79" CONTENT="lot" HPOS="1056" VPOS="582" WIDTH="64" HEIGHT="75" STYLEREFS="font0"/><SP WIDTH="12" VPOS="582" HPOS="1120"/><String ID="p477_w80" CONTENT="d." HPOS="1132" VPOS="582" WIDTH="35" HEIGHT="75" STYLEREFS="font0"/></TextLine><TextLine WIDTH="88" HEIGHT="75" ID="p477_t17" HPOS="955" VPOS="684"><String ID="p477_w81" CONTENT="4" HPOS="955" VPOS="684" WIDTH="20" HEIGHT="75" STYLEREFS="font0"/><SP WIDTH="29" VPOS="684" HPOS="975"/><String ID="p477_w82" CONTENT="15" HPOS="1004" VPOS="684" WIDTH="39" HEIGHT="75" STYLEREFS="font0"/></TextLine><TextLine WIDTH="161" HEIGHT="75" ID="p477_t18" HPOS="954" VPOS="721"><String ID="p477_w83" CONTENT="276" HPOS="954" VPOS="721" WIDTH="161" HEIGHT="75" STYLEREFS="font0"/></TextLine><TextLine WIDTH="157" HEIGHT="75" ID="p477_t19" HPOS="957" VPOS="776"><String ID="p477_w84" CONTENT="*" HPOS="957" VPOS="776" WIDTH="13" HEIGHT="75" STYLEREFS="font0"/><SP WIDTH="53" VPOS="776" HPOS="970"/><String ID="p477_w85" CONTENT="3" HPOS="1023" VPOS="776" WIDTH="17" HEIGHT="75" STYLEREFS="font0"/><SP WIDTH="52" VPOS="776" HPOS="1040"/><String ID="p477_w86" CONTENT="9" HPOS="1092" VPOS="776" WIDTH="22" HEIGHT="75" STYLEREFS="font0"/></TextLine><TextLine WIDTH="246" HEIGHT="75" ID="p477_t20" HPOS="893" VPOS="906"><String ID="p477_w87" CONTENT="L.8" HPOS="893" VPOS="906" WIDTH="79" HEIGHT="75" STYLEREFS="font0"/><SP WIDTH="31" VPOS="906" HPOS="972"/><String ID="p477_w88" CONTENT="18" HPOS="1003" VPOS="906" WIDTH="39" HEIGHT="75" STYLEREFS="font0"/><SP WIDTH="54" VPOS="906" HPOS="1042"/><String ID="p477_w89" CONTENT="it" HPOS="1096" VPOS="906" WIDTH="43" HEIGHT="75" STYLEREFS="font0"/></TextLine><TextLine WIDTH="61" HEIGHT="75" ID="p477_t21" HPOS="1303" VPOS="490"><String ID="p477_w90" CONTENT="3" HPOS="1303" VPOS="508" WIDTH="16" HEIGHT="75" STYLEREFS="font0"/><SP WIDTH="11" VPOS="508" HPOS="1319"/><String ID="p477_w91" CONTENT="d" HPOS="1330" VPOS="490" WIDTH="23" HEIGHT="49" STYLEREFS="font1"/><String ID="p477_w92" CONTENT="-" HPOS="1353" VPOS="508" WIDTH="11" HEIGHT="75" STYLEREFS="font0"/></TextLine><TextLine WIDTH="84" HEIGHT="75" ID="p477_t22" HPOS="1282" VPOS="543"><String ID="p477_w93" CONTENT="ltd." HPOS="1282" VPOS="543" WIDTH="84" HEIGHT="75" STYLEREFS="font0"/></TextLine><TextLine WIDTH="117" HEIGHT="75" ID="p477_t23" HPOS="1536" VPOS="221"><String ID="p477_w94" CONTENT="Ex." HPOS="1536" VPOS="221" WIDTH="64" HEIGHT="75" STYLEREFS="font0"/><SP WIDTH="23" VPOS="221" HPOS="1600"/><String ID="p477_w95" CONTENT="1." HPOS="1623" VPOS="221" WIDTH="30" HEIGHT="75" STYLEREFS="font0"/></TextLine><TextLine WIDTH="294" HEIGHT="75" ID="p477_t24" HPOS="1430" VPOS="269"><String ID="p477_w96" CONTENT="213," HPOS="1430" VPOS="269" WIDTH="81" HEIGHT="75" STYLEREFS="font0"/><SP WIDTH="25" VPOS="269" HPOS="1511"/><String ID="p477_w97" CONTENT="at" HPOS="1536" VPOS="269" WIDTH="33" HEIGHT="75" STYLEREFS="font0"/><SP WIDTH="21" VPOS="269" HPOS="1569"/><String ID="p477_w98" CONTENT="il." HPOS="1590" VPOS="269" WIDTH="49" HEIGHT="75" STYLEREFS="font0"/><SP WIDTH="30" VPOS="269" HPOS="1639"/><String ID="p477_w99" CONTENT="13:" HPOS="1669" VPOS="269" WIDTH="55" HEIGHT="75" STYLEREFS="font0"/></TextLine><TextLine WIDTH="88" HEIGHT="75" ID="p477_t25" HPOS="1633" VPOS="306"><String ID="p477_w100" CONTENT="4i" HPOS="1633" VPOS="324" WIDTH="44" HEIGHT="75" STYLEREFS="font0"/><String ID="p477_w101" CONTENT="d" HPOS="1677" VPOS="306" WIDTH="30" HEIGHT="49" STYLEREFS="font1"/><String ID="p477_w102" CONTENT="-" HPOS="1707" VPOS="324" WIDTH="14" HEIGHT="75" STYLEREFS="font0"/></TextLine><TextLine WIDTH="134" HEIGHT="75" ID="p477_t26" HPOS="1431" VPOS="361"><String ID="p477_w103" CONTENT="106" HPOS="1431" VPOS="361" WIDTH="63" HEIGHT="75" STYLEREFS="font0"/><SP WIDTH="30" VPOS="361" HPOS="1494"/><String ID="p477_w104" CONTENT="10" HPOS="1524" VPOS="361" WIDTH="41" HEIGHT="75" STYLEREFS="font0"/></TextLine><TextLine WIDTH="113" HEIGHT="75" ID="p477_t27" HPOS="1451" VPOS="408"><String ID="p477_w105" CONTENT="21" HPOS="1451" VPOS="408" WIDTH="40" HEIGHT="75" STYLEREFS="font0"/><SP WIDTH="52" VPOS="408" HPOS="1491"/><String ID="p477_w106" CONTENT="6" HPOS="1543" VPOS="408" WIDTH="21" HEIGHT="75" STYLEREFS="font0"/></TextLine><TextLine WIDTH="108" HEIGHT="75" ID="p477_t28" HPOS="1454" VPOS="452"><String ID="p477_w107" CONTENT="10" HPOS="1454" VPOS="452" WIDTH="41" HEIGHT="75" STYLEREFS="font0"/><SP WIDTH="29" VPOS="452" HPOS="1495"/><String ID="p477_w108" CONTENT="13" HPOS="1524" VPOS="452" WIDTH="38" HEIGHT="75" STYLEREFS="font0"/></TextLine><TextLine WIDTH="87" HEIGHT="75" ID="p477_t29" HPOS="1475" VPOS="500"><String ID="p477_w109" CONTENT="2" HPOS="1475" VPOS="500" WIDTH="18" HEIGHT="75" STYLEREFS="font0"/><SP WIDTH="32" VPOS="500" HPOS="1493"/><String ID="p477_w110" CONTENT="13" HPOS="1525" VPOS="500" WIDTH="37" HEIGHT="75" STYLEREFS="font0"/></TextLine><TextLine WIDTH="155" HEIGHT="75" ID="p477_t30" HPOS="1477" VPOS="509"><String ID="p477_w111" CONTENT="1" HPOS="1477" VPOS="546" WIDTH="13" HEIGHT="75" STYLEREFS="font0"/><SP WIDTH="51" VPOS="546" HPOS="1490"/><String ID="p477_w112" CONTENT="6" HPOS="1541" VPOS="546" WIDTH="22" HEIGHT="75" STYLEREFS="font0"/><SP WIDTH="53" VPOS="546" HPOS="1563"/><String ID="p477_w113" CONTENT="3" HPOS="1616" VPOS="509" WIDTH="16" HEIGHT="75" STYLEREFS="font0"/></TextLine><TextLine WIDTH="45" HEIGHT="75" ID="p477_t31" HPOS="1614" VPOS="553"><String ID="p477_w114" CONTENT="7t" HPOS="1614" VPOS="553" WIDTH="45" HEIGHT="75" STYLEREFS="font0"/></TextLine><TextLine WIDTH="284" HEIGHT="75" ID="p477_t32" HPOS="1376" VPOS="635"><String ID="p477_w115" CONTENT="L.355" HPOS="1376" VPOS="635" WIDTH="119" HEIGHT="75" STYLEREFS="font0"/><SP WIDTH="50" VPOS="635" HPOS="1495"/><String ID="p477_w116" CONTENT="8" HPOS="1545" VPOS="635" WIDTH="21" HEIGHT="75" STYLEREFS="font0"/><SP WIDTH="31" VPOS="635" HPOS="1566"/><String ID="p477_w117" CONTENT="iof" HPOS="1597" VPOS="635" WIDTH="63" HEIGHT="75" STYLEREFS="font0"/></TextLine><TextLine WIDTH="38" HEIGHT="75" ID="p477_t33" HPOS="1873" VPOS="417"><String ID="p477_w118" CONTENT="3l" HPOS="1873" VPOS="417" WIDTH="38" HEIGHT="75" STYLEREFS="font0"/></TextLine><TextLine WIDTH="53" HEIGHT="75" ID="p477_t34" HPOS="1867" VPOS="451"><String ID="p477_w119" CONTENT="6s," HPOS="1867" VPOS="451" WIDTH="53" HEIGHT="75" STYLEREFS="font0"/></TextLine><TextLine WIDTH="120" HEIGHT="75" ID="p477_t35" HPOS="1800" VPOS="498"><String ID="p477_w120" CONTENT="2s." HPOS="1800" VPOS="498" WIDTH="50" HEIGHT="75" STYLEREFS="font0"/><SP WIDTH="17" VPOS="498" HPOS="1850"/><String ID="p477_w121" CONTENT="6d," HPOS="1867" VPOS="498" WIDTH="53" HEIGHT="75" STYLEREFS="font0"/></TextLine><TextLine WIDTH="67" HEIGHT="75" ID="p477_t36" HPOS="1853" VPOS="647"><String ID="p477_w122" CONTENT="id-" HPOS="1853" VPOS="647" WIDTH="67" HEIGHT="75" STYLEREFS="font0"/></TextLine><TextLine WIDTH="126" HEIGHT="75" ID="p477_t37" HPOS="2054" VPOS="220"><String ID="p477_w123" CONTENT="Ex." HPOS="2054" VPOS="220" WIDTH="64" HEIGHT="75" STYLEREFS="font0"/><SP WIDTH="27" VPOS="220" HPOS="2118"/><String ID="p477_w124" CONTENT="2." HPOS="2145" VPOS="220" WIDTH="35" HEIGHT="75" STYLEREFS="font0"/></TextLine><TextLine WIDTH="256" HEIGHT="75" ID="p477_t38" HPOS="2025" VPOS="266"><String ID="p477_w125" CONTENT="37," HPOS="2025" VPOS="266" WIDTH="57" HEIGHT="75" STYLEREFS="font0"/><SP WIDTH="24" VPOS="266" HPOS="2082"/><String ID="p477_w126" CONTENT="at" HPOS="2106" VPOS="266" WIDTH="33" HEIGHT="75" STYLEREFS="font0"/><SP WIDTH="19" VPOS="266" HPOS="2139"/><String ID="p477_w127" CONTENT="3I." HPOS="2158" VPOS="266" WIDTH="56" HEIGHT="75" STYLEREFS="font0"/><SP WIDTH="19" VPOS="266" HPOS="2214"/><String ID="p477_w128" CONTENT="8" HPOS="2233" VPOS="266" WIDTH="20" HEIGHT="75" STYLEREFS="font0"/><SP WIDTH="14" VPOS="266" HPOS="2253"/><String ID="p477_w129" CONTENT="s" HPOS="2267" VPOS="266" WIDTH="14" HEIGHT="75" STYLEREFS="font0"/></TextLine><TextLine WIDTH="109" HEIGHT="75" ID="p477_t39" HPOS="2162" VPOS="311"><String ID="p477_w130" CONTENT="iot" HPOS="2162" VPOS="311" WIDTH="64" HEIGHT="75" STYLEREFS="font0"/><SP WIDTH="9" VPOS="311" HPOS="2226"/><String ID="p477_w131" CONTENT="d." HPOS="2235" VPOS="311" WIDTH="36" HEIGHT="75" STYLEREFS="font0"/></TextLine><TextLine WIDTH="161" HEIGHT="75" ID="p477_t40" HPOS="2031" VPOS="498"><String ID="p477_w132" CONTENT="412" HPOS="2031" VPOS="498" WIDTH="89" HEIGHT="75" STYLEREFS="font0"/><SP WIDTH="50" VPOS="498" HPOS="2120"/><String ID="p477_w133" CONTENT="6" HPOS="2170" VPOS="498" WIDTH="22" HEIGHT="75" STYLEREFS="font0"/></TextLine><TextLine WIDTH="90" HEIGHT="75" ID="p477_t41" HPOS="2100" VPOS="555"><String ID="p477_w134" CONTENT="9" HPOS="2100" VPOS="555" WIDTH="21" HEIGHT="75" STYLEREFS="font0"/><SP WIDTH="51" VPOS="555" HPOS="2121"/><String ID="p477_w135" CONTENT="3" HPOS="2172" VPOS="555" WIDTH="18" HEIGHT="75" STYLEREFS="font0"/></TextLine><TextLine WIDTH="87" HEIGHT="75" ID="p477_t42" HPOS="2102" VPOS="601"><String ID="p477_w136" CONTENT="3" HPOS="2102" VPOS="601" WIDTH="17" HEIGHT="75" STYLEREFS="font0"/><SP WIDTH="56" VPOS="601" HPOS="2119"/><String ID="p477_w137" CONTENT="*" HPOS="2175" VPOS="601" WIDTH="14" HEIGHT="75" STYLEREFS="font0"/></TextLine><TextLine WIDTH="47" HEIGHT="75" ID="p477_t43" HPOS="2171" VPOS="647"><String ID="p477_w138" CONTENT="9t" HPOS="2171" VPOS="647" WIDTH="47" HEIGHT="75" STYLEREFS="font0"/></TextLine><TextLine WIDTH="190" HEIGHT="75" ID="p477_t44" HPOS="1933" VPOS="731"><String ID="p477_w139" CONTENT="L.127" HPOS="1933" VPOS="731" WIDTH="120" HEIGHT="75" STYLEREFS="font0"/><SP WIDTH="51" VPOS="731" HPOS="2053"/><String ID="p477_w140" CONTENT="7" HPOS="2104" VPOS="731" WIDTH="19" HEIGHT="75" STYLEREFS="font0"/></TextLine><TextLine WIDTH="696" HEIGHT="75" ID="p477_t45" HPOS="227" VPOS="970"><String ID="p477_w141" CONTENT="Case" HPOS="227" VPOS="970" WIDTH="98" HEIGHT="75" STYLEREFS="font0"/><SP WIDTH="18" VPOS="970" HPOS="325"/><String ID="p477_w142" CONTENT="VI." HPOS="343" VPOS="970" WIDTH="64" HEIGHT="75" STYLEREFS="font0"/><SP WIDTH="50" VPOS="970" HPOS="407"/><String ID="p477_w143" CONTENT="When" HPOS="457" VPOS="970" WIDTH="110" HEIGHT="75" STYLEREFS="font0"/><SP WIDTH="16" VPOS="970" HPOS="567"/><String ID="p477_w144" CONTENT="the" HPOS="583" VPOS="970" WIDTH="56" HEIGHT="75" STYLEREFS="font0"/><SP WIDTH="17" VPOS="970" HPOS="639"/><String ID="p477_w145" CONTENT="rate" HPOS="656" VPOS="970" WIDTH="69" HEIGHT="75" STYLEREFS="font0"/><SP WIDTH="17" VPOS="970" HPOS="725"/><String ID="p477_w146" CONTENT="is" HPOS="742" VPOS="970" WIDTH="26" HEIGHT="75" STYLEREFS="font0"/><SP WIDTH="17" VPOS="970" HPOS="768"/><String ID="p477_w147" CONTENT="pounds." HPOS="785" VPOS="970" WIDTH="138" HEIGHT="75" STYLEREFS="font0"/></TextLine><TextLine WIDTH="988" HEIGHT="75" ID="p477_t46" HPOS="227" VPOS="1016"><String ID="p477_w148" CONTENT="Rule." HPOS="227" VPOS="1016" WIDTH="124" HEIGHT="75" STYLEREFS="font0"/><SP WIDTH="49" VPOS="1016" HPOS="351"/><String ID="p477_w149" CONTENT="Multiply" HPOS="400" VPOS="1016" WIDTH="157" HEIGHT="75" STYLEREFS="font0"/><SP WIDTH="17" VPOS="1016" HPOS="557"/><String ID="p477_w150" CONTENT="the" HPOS="574" VPOS="1016" WIDTH="54" HEIGHT="75" STYLEREFS="font0"/><SP WIDTH="17" VPOS="1016" HPOS="628"/><String ID="p477_w151" CONTENT="given" HPOS="645" VPOS="1016" WIDTH="93" HEIGHT="75" STYLEREFS="font0"/><SP WIDTH="17" VPOS="1016" HPOS="738"/><String ID="p477_w152" CONTENT="number" HPOS="755" VPOS="1016" WIDTH="132" HEIGHT="75" STYLEREFS="font0"/><SP WIDTH="23" VPOS="1016" HPOS="887"/><String ID="p477_w153" CONTENT="by" HPOS="910" VPOS="1016" WIDTH="43" HEIGHT="75" STYLEREFS="font0"/><SP WIDTH="17" VPOS="1016" HPOS="953"/><String ID="p477_w154" CONTENT="the" HPOS="970" VPOS="1016" WIDTH="54" HEIGHT="75" STYLEREFS="font0"/><SP WIDTH="18" VPOS="1016" HPOS="1024"/><String ID="p477_w155" CONTENT="rate," HPOS="1042" VPOS="1016" WIDTH="81" HEIGHT="75" STYLEREFS="font0"/><SP WIDTH="25" VPOS="1016" HPOS="1123"/><String ID="p477_w156" CONTENT="and" HPOS="1148" VPOS="1016" WIDTH="67" HEIGHT="75" STYLEREFS="font0"/></TextLine><TextLine WIDTH="623" HEIGHT="75" ID="p477_t47" HPOS="181" VPOS="1063"><String ID="p477_w157" CONTENT="the" HPOS="181" VPOS="1063" WIDTH="55" HEIGHT="75" STYLEREFS="font0"/><SP WIDTH="16" VPOS="1063" HPOS="236"/><String ID="p477_w158" CONTENT="product" HPOS="252" VPOS="1063" WIDTH="133" HEIGHT="75" STYLEREFS="font0"/><SP WIDTH="15" VPOS="1063" HPOS="385"/><String ID="p477_w159" CONTENT="is" HPOS="400" VPOS="1063" WIDTH="27" HEIGHT="75" STYLEREFS="font0"/><SP WIDTH="16" VPOS="1063" HPOS="427"/><String ID="p477_w160" CONTENT="the" HPOS="443" VPOS="1063" WIDTH="56" HEIGHT="75" STYLEREFS="font0"/><SP WIDTH="17" VPOS="1063" HPOS="499"/><String ID="p477_w161" CONTENT="price" HPOS="516" VPOS="1063" WIDTH="85" HEIGHT="75" STYLEREFS="font0"/><SP WIDTH="17" VPOS="1063" HPOS="601"/><String ID="p477_w162" CONTENT="in" HPOS="618" VPOS="1063" WIDTH="31" HEIGHT="75" STYLEREFS="font0"/><SP WIDTH="17" VPOS="1063" HPOS="649"/><String ID="p477_w163" CONTENT="pounds." HPOS="666" VPOS="1063" WIDTH="138" HEIGHT="75" STYLEREFS="font0"/></TextLine><TextLine WIDTH="116" HEIGHT="75" ID="p477_t48" HPOS="439" VPOS="1122"><String ID="p477_w164" CONTENT="Ex." HPOS="439" VPOS="1122" WIDTH="63" HEIGHT="75" STYLEREFS="font0"/><SP WIDTH="24" VPOS="1122" HPOS="502"/><String ID="p477_w165" CONTENT="1." HPOS="526" VPOS="1122" WIDTH="29" HEIGHT="75" STYLEREFS="font0"/></TextLine><TextLine WIDTH="117" HEIGHT="75" ID="p477_t49" HPOS="840" VPOS="1122"><String ID="p477_w166" CONTENT="Ex." HPOS="840" VPOS="1122" WIDTH="64" HEIGHT="75" STYLEREFS="font0"/><SP WIDTH="21" VPOS="1122" HPOS="904"/><String ID="p477_w167" CONTENT="2." HPOS="925" VPOS="1122" WIDTH="32" HEIGHT="75" STYLEREFS="font0"/></TextLine><TextLine WIDTH="191" HEIGHT="75" ID="p477_t50" HPOS="393" VPOS="1171"><String ID="p477_w168" CONTENT="42," HPOS="393" VPOS="1171" WIDTH="57" HEIGHT="75" STYLEREFS="font0"/><SP WIDTH="25" VPOS="1171" HPOS="450"/><String ID="p477_w169" CONTENT="at" HPOS="475" VPOS="1171" WIDTH="33" HEIGHT="75" STYLEREFS="font0"/><SP WIDTH="17" VPOS="1171" HPOS="508"/><String ID="p477_w170" CONTENT="2" HPOS="525" VPOS="1171" WIDTH="19" HEIGHT="75" STYLEREFS="font0"/><SP WIDTH="15" VPOS="1171" HPOS="544"/><String ID="p477_w171" CONTENT="!." HPOS="559" VPOS="1171" WIDTH="25" HEIGHT="75" STYLEREFS="font0"/></TextLine><TextLine WIDTH="187" HEIGHT="75" ID="p477_t51" HPOS="817" VPOS="1171"><String ID="p477_w172" CONTENT="13," HPOS="817" VPOS="1171" WIDTH="54" HEIGHT="75" STYLEREFS="font0"/><SP WIDTH="25" VPOS="1171" HPOS="871"/><String ID="p477_w173" CONTENT="at" HPOS="896" VPOS="1171" WIDTH="32" HEIGHT="75" STYLEREFS="font0"/><SP WIDTH="17" VPOS="1171" HPOS="928"/><String ID="p477_w174" CONTENT="8" HPOS="945" VPOS="1171" WIDTH="20" HEIGHT="75" STYLEREFS="font0"/><SP WIDTH="15" VPOS="1171" HPOS="965"/><String ID="p477_w175" CONTENT="I." HPOS="980" VPOS="1171" WIDTH="24" HEIGHT="75" STYLEREFS="font0"/></TextLine><TextLine WIDTH="967" HEIGHT="75" ID="p477_t52" HPOS="1307" VPOS="807"><String ID="p477_w176" CONTENT="Case" HPOS="1307" VPOS="807" WIDTH="98" HEIGHT="75" STYLEREFS="font0"/><SP WIDTH="27" VPOS="807" HPOS="1405"/><String ID="p477_w177" CONTENT="VIII." HPOS="1432" VPOS="807" WIDTH="102" HEIGHT="75" STYLEREFS="font0"/><SP WIDTH="47" VPOS="807" HPOS="1534"/><String ID="p477_w178" CONTENT="When" HPOS="1581" VPOS="807" WIDTH="111" HEIGHT="75" STYLEREFS="font0"/><SP WIDTH="17" VPOS="807" HPOS="1692"/><String ID="p477_w179" CONTENT="the" HPOS="1709" VPOS="807" WIDTH="55" HEIGHT="75" STYLEREFS="font0"/><SP WIDTH="17" VPOS="807" HPOS="1764"/><String ID="p477_w180" CONTENT="given" HPOS="1781" VPOS="807" WIDTH="95" HEIGHT="75" STYLEREFS="font0"/><SP WIDTH="20" VPOS="807" HPOS="1876"/><String ID="p477_w181" CONTENT="number" HPOS="1896" VPOS="807" WIDTH="134" HEIGHT="75" STYLEREFS="font0"/><SP WIDTH="16" VPOS="807" HPOS="2030"/><String ID="p477_w182" CONTENT="confills" HPOS="2046" VPOS="807" WIDTH="125" HEIGHT="75" STYLEREFS="font0"/><SP WIDTH="15" VPOS="807" HPOS="2171"/><String ID="p477_w183" CONTENT="of" HPOS="2186" VPOS="807" WIDTH="41" HEIGHT="75" STYLEREFS="font0"/><SP WIDTH="13" VPOS="807" HPOS="2227"/><String ID="p477_w184" CONTENT="in" HPOS="2240" VPOS="807" WIDTH="34" HEIGHT="75" STYLEREFS="font0"/></TextLine><TextLine WIDTH="299" HEIGHT="75" ID="p477_t53" HPOS="1258" VPOS="853"><String ID="p477_w185" CONTENT="tegers" HPOS="1258" VPOS="853" WIDTH="104" HEIGHT="75" STYLEREFS="font0"/><SP WIDTH="17" VPOS="853" HPOS="1362"/><String ID="p477_w186" CONTENT="and" HPOS="1379" VPOS="853" WIDTH="62" HEIGHT="75" STYLEREFS="font0"/><SP WIDTH="16" VPOS="853" HPOS="1441"/><String ID="p477_w187" CONTENT="parts." HPOS="1457" VPOS="853" WIDTH="100" HEIGHT="75" STYLEREFS="font0"/></TextLine><TextLine WIDTH="982" HEIGHT="75" ID="p477_t54" HPOS="1307" VPOS="900"><String ID="p477_w188" CONTENT="Rule." HPOS="1307" VPOS="900" WIDTH="123" HEIGHT="75" STYLEREFS="font0"/><SP WIDTH="50" VPOS="900" HPOS="1430"/><String ID="p477_w189" CONTENT="Work" HPOS="1480" VPOS="900" WIDTH="109" HEIGHT="75" STYLEREFS="font0"/><SP WIDTH="20" VPOS="900" HPOS="1589"/><String ID="p477_w190" CONTENT="for" HPOS="1609" VPOS="900" WIDTH="52" HEIGHT="75" STYLEREFS="font0"/><SP WIDTH="15" VPOS="900" HPOS="1661"/><String ID="p477_w191" CONTENT="the" HPOS="1676" VPOS="900" WIDTH="57" HEIGHT="75" STYLEREFS="font0"/><SP WIDTH="16" VPOS="900" HPOS="1733"/><String ID="p477_w192" CONTENT="price" HPOS="1749" VPOS="900" WIDTH="86" HEIGHT="75" STYLEREFS="font0"/><SP WIDTH="16" VPOS="900" HPOS="1835"/><String ID="p477_w193" CONTENT="of" HPOS="1851" VPOS="900" WIDTH="41" HEIGHT="75" STYLEREFS="font0"/><SP WIDTH="14" VPOS="900" HPOS="1892"/><String ID="p477_w194" CONTENT="the" HPOS="1906" VPOS="900" WIDTH="57" HEIGHT="75" STYLEREFS="font0"/><SP WIDTH="20" VPOS="900" HPOS="1963"/><String ID="p477_w195" CONTENT="integers" HPOS="1983" VPOS="900" WIDTH="139" HEIGHT="75" STYLEREFS="font0"/><SP WIDTH="16" VPOS="900" HPOS="2122"/><String ID="p477_w196" CONTENT="as" HPOS="2138" VPOS="900" WIDTH="35" HEIGHT="75" STYLEREFS="font0"/><SP WIDTH="17" VPOS="900" HPOS="2173"/><String ID="p477_w197" CONTENT="alrea-" HPOS="2190" VPOS="900" WIDTH="99" HEIGHT="75" STYLEREFS="font0"/></TextLine><TextLine WIDTH="1034" HEIGHT="75" ID="p477_t55" HPOS="1258" VPOS="945"><String ID="p477_w198" CONTENT="dy" HPOS="1258" VPOS="945" WIDTH="43" HEIGHT="75" STYLEREFS="font0"/><SP WIDTH="12" VPOS="945" HPOS="1301"/><String ID="p477_w199" CONTENT="taught;" HPOS="1313" VPOS="945" WIDTH="137" HEIGHT="75" STYLEREFS="font0"/><SP WIDTH="18" VPOS="945" HPOS="1450"/><String ID="p477_w200" CONTENT="and" HPOS="1468" VPOS="945" WIDTH="62" HEIGHT="75" STYLEREFS="font0"/><SP WIDTH="17" VPOS="945" HPOS="1530"/><String ID="p477_w201" CONTENT="for" HPOS="1547" VPOS="945" WIDTH="51" HEIGHT="75" STYLEREFS="font0"/><SP WIDTH="16" VPOS="945" HPOS="1598"/><String ID="p477_w202" CONTENT="the" HPOS="1614" VPOS="945" WIDTH="54" HEIGHT="75" STYLEREFS="font0"/><SP WIDTH="18" VPOS="945" HPOS="1668"/><String ID="p477_w203" CONTENT="part" HPOS="1686" VPOS="945" WIDTH="72" HEIGHT="75" STYLEREFS="font0"/><SP WIDTH="15" VPOS="945" HPOS="1758"/><String ID="p477_w204" CONTENT="or" HPOS="1773" VPOS="945" WIDTH="37" HEIGHT="75" STYLEREFS="font0"/><SP WIDTH="18" VPOS="945" HPOS="1810"/><String ID="p477_w205" CONTENT="parts," HPOS="1828" VPOS="945" WIDTH="98" HEIGHT="75" STYLEREFS="font0"/><SP WIDTH="19" VPOS="945" HPOS="1926"/><String ID="p477_w206" CONTENT="take" HPOS="1945" VPOS="945" WIDTH="73" HEIGHT="75" STYLEREFS="font0"/><SP WIDTH="18" VPOS="945" HPOS="2018"/><String ID="p477_w207" CONTENT="a" HPOS="2036" VPOS="945" WIDTH="18" HEIGHT="75" STYLEREFS="font0"/><SP WIDTH="17" VPOS="945" HPOS="2054"/><String ID="p477_w208" CONTENT="proportional" HPOS="2071" VPOS="945" WIDTH="221" HEIGHT="75" STYLEREFS="font0"/></TextLine><TextLine WIDTH="466" HEIGHT="75" ID="p477_t56" HPOS="1257" VPOS="992"><String ID="p477_w209" CONTENT="part" HPOS="1257" VPOS="992" WIDTH="76" HEIGHT="75" STYLEREFS="font0"/><SP WIDTH="18" VPOS="992" HPOS="1333"/><String ID="p477_w210" CONTENT="or" HPOS="1351" VPOS="992" WIDTH="38" HEIGHT="75" STYLEREFS="font0"/><SP WIDTH="17" VPOS="992" HPOS="1389"/><String ID="p477_w211" CONTENT="parts" HPOS="1406" VPOS="992" WIDTH="86" HEIGHT="75" STYLEREFS="font0"/><SP WIDTH="17" VPOS="992" HPOS="1492"/><String ID="p477_w212" CONTENT="of" HPOS="1509" VPOS="992" WIDTH="40" HEIGHT="75" STYLEREFS="font0"/><SP WIDTH="19" VPOS="992" HPOS="1549"/><String ID="p477_w213" CONTENT="the" HPOS="1568" VPOS="992" WIDTH="55" HEIGHT="75" STYLEREFS="font0"/><SP WIDTH="17" VPOS="992" HPOS="1623"/><String ID="p477_w214" CONTENT="rate." HPOS="1640" VPOS="992" WIDTH="83" HEIGHT="75" STYLEREFS="font0"/></TextLine><TextLine WIDTH="105" HEIGHT="75" ID="p477_t57" HPOS="335" VPOS="1261"><String ID="p477_w215" CONTENT="L." HPOS="335" VPOS="1261" WIDTH="45" HEIGHT="75" STYLEREFS="font0"/><SP WIDTH="13" VPOS="1261" HPOS="380"/><String ID="p477_w216" CONTENT="84" HPOS="393" VPOS="1261" WIDTH="47" HEIGHT="75" STYLEREFS="font0"/></TextLine><TextLine WIDTH="128" HEIGHT="75" ID="p477_t58" HPOS="734" VPOS="1261"><String ID="p477_w217" CONTENT="L." HPOS="734" VPOS="1261" WIDTH="45" HEIGHT="75" STYLEREFS="font0"/><SP WIDTH="19" VPOS="1261" HPOS="779"/><String ID="p477_w218" CONTENT="104" HPOS="798" VPOS="1261" WIDTH="64" HEIGHT="75" STYLEREFS="font0"/></TextLine><TextLine WIDTH="984" HEIGHT="75" ID="p477_t59" HPOS="225" VPOS="1322"><String ID="p477_w219" CONTENT="Case" HPOS="225" VPOS="1322" WIDTH="100" HEIGHT="75" STYLEREFS="font0"/><SP WIDTH="17" VPOS="1322" HPOS="325"/><String ID="p477_w220" CONTENT="VII." HPOS="342" VPOS="1322" WIDTH="85" HEIGHT="75" STYLEREFS="font0"/><SP WIDTH="46" VPOS="1322" HPOS="427"/><String ID="p477_w221" CONTENT="When" HPOS="473" VPOS="1322" WIDTH="110" HEIGHT="75" STYLEREFS="font0"/><SP WIDTH="26" VPOS="1322" HPOS="583"/><String ID="p477_w222" CONTENT="the" HPOS="609" VPOS="1322" WIDTH="55" HEIGHT="75" STYLEREFS="font0"/><SP WIDTH="17" VPOS="1322" HPOS="664"/><String ID="p477_w223" CONTENT="rate" HPOS="681" VPOS="1322" WIDTH="69" HEIGHT="75" STYLEREFS="font0"/><SP WIDTH="23" VPOS="1322" HPOS="750"/><String ID="p477_w224" CONTENT="is" HPOS="773" VPOS="1322" WIDTH="27" HEIGHT="75" STYLEREFS="font0"/><SP WIDTH="22" VPOS="1322" HPOS="800"/><String ID="p477_w225" CONTENT="pounds" HPOS="822" VPOS="1322" WIDTH="124" HEIGHT="75" STYLEREFS="font0"/><SP WIDTH="26" VPOS="1322" HPOS="946"/><String ID="p477_w226" CONTENT="and" HPOS="972" VPOS="1322" WIDTH="62" HEIGHT="75" STYLEREFS="font0"/><SP WIDTH="21" VPOS="1322" HPOS="1034"/><String ID="p477_w227" CONTENT="(hillings," HPOS="1055" VPOS="1322" WIDTH="154" HEIGHT="75" STYLEREFS="font0"/></TextLine><TextLine WIDTH="776" HEIGHT="75" ID="p477_t60" HPOS="178" VPOS="1368"><String ID="p477_w228" CONTENT="or" HPOS="178" VPOS="1368" WIDTH="37" HEIGHT="75" STYLEREFS="font0"/><SP WIDTH="15" VPOS="1368" HPOS="215"/><String ID="p477_w229" CONTENT="pounds," HPOS="230" VPOS="1368" WIDTH="138" HEIGHT="75" STYLEREFS="font0"/><SP WIDTH="24" VPOS="1368" HPOS="368"/><String ID="p477_w230" CONTENT="{hillings," HPOS="392" VPOS="1368" WIDTH="154" HEIGHT="75" STYLEREFS="font0"/><SP WIDTH="25" VPOS="1368" HPOS="546"/><String ID="p477_w231" CONTENT="pence," HPOS="571" VPOS="1368" WIDTH="109" HEIGHT="75" STYLEREFS="font0"/><SP WIDTH="26" VPOS="1368" HPOS="680"/><String ID="p477_w232" CONTENT="and" HPOS="706" VPOS="1368" WIDTH="61" HEIGHT="75" STYLEREFS="font0"/><SP WIDTH="17" VPOS="1368" HPOS="767"/><String ID="p477_w233" CONTENT="farthings." HPOS="784" VPOS="1368" WIDTH="170" HEIGHT="75" STYLEREFS="font0"/></TextLine><TextLine WIDTH="982" HEIGHT="75" ID="p477_t61" HPOS="226" VPOS="1414"><String ID="p477_w234" CONTENT="Rule" HPOS="226" VPOS="1414" WIDTH="108" HEIGHT="75" STYLEREFS="font0"/><SP WIDTH="18" VPOS="1414" HPOS="334"/><String ID="p477_w235" CONTENT="I.." HPOS="352" VPOS="1414" WIDTH="44" HEIGHT="75" STYLEREFS="font0"/><SP WIDTH="36" VPOS="1414" HPOS="396"/><String ID="p477_w236" CONTENT="If" HPOS="432" VPOS="1414" WIDTH="37" HEIGHT="75" STYLEREFS="font0"/><SP WIDTH="10" VPOS="1414" HPOS="469"/><String ID="p477_w237" CONTENT="the" HPOS="479" VPOS="1414" WIDTH="55" HEIGHT="75" STYLEREFS="font0"/><SP WIDTH="18" VPOS="1414" HPOS="534"/><String ID="p477_w238" CONTENT="rate" HPOS="552" VPOS="1414" WIDTH="66" HEIGHT="75" STYLEREFS="font0"/><SP WIDTH="18" VPOS="1414" HPOS="618"/><String ID="p477_w239" CONTENT="he" HPOS="636" VPOS="1414" WIDTH="38" HEIGHT="75" STYLEREFS="font0"/><SP WIDTH="25" VPOS="1414" HPOS="674"/><String ID="p477_w240" CONTENT="pounds" HPOS="699" VPOS="1414" WIDTH="122" HEIGHT="75" STYLEREFS="font0"/><SP WIDTH="16" VPOS="1414" HPOS="821"/><String ID="p477_w241" CONTENT="and" HPOS="837" VPOS="1414" WIDTH="63" HEIGHT="75" STYLEREFS="font0"/><SP WIDTH="24" VPOS="1414" HPOS="900"/><String ID="p477_w242" CONTENT="(hillings,-multi-" HPOS="924" VPOS="1414" WIDTH="284" HEIGHT="75" STYLEREFS="font0"/></TextLine><TextLine WIDTH="1031" HEIGHT="75" ID="p477_t62" HPOS="180" VPOS="1460"><String ID="p477_w243" CONTENT="ply" HPOS="180" VPOS="1460" WIDTH="56" HEIGHT="75" STYLEREFS="font0"/><SP WIDTH="16" VPOS="1460" HPOS="236"/><String ID="p477_w244" CONTENT="the" HPOS="252" VPOS="1460" WIDTH="57" HEIGHT="75" STYLEREFS="font0"/><SP WIDTH="16" VPOS="1460" HPOS="309"/><String ID="p477_w245" CONTENT="given" HPOS="325" VPOS="1460" WIDTH="91" HEIGHT="75" STYLEREFS="font0"/><SP WIDTH="18" VPOS="1460" HPOS="416"/><String ID="p477_w246" CONTENT="number" HPOS="434" VPOS="1460" WIDTH="133" HEIGHT="75" STYLEREFS="font0"/><SP WIDTH="22" VPOS="1460" HPOS="567"/><String ID="p477_w247" CONTENT="by" HPOS="589" VPOS="1460" WIDTH="46" HEIGHT="75" STYLEREFS="font0"/><SP WIDTH="15" VPOS="1460" HPOS="635"/><String ID="p477_w248" CONTENT="the" HPOS="650" VPOS="1460" WIDTH="54" HEIGHT="75" STYLEREFS="font0"/><SP WIDTH="21" VPOS="1460" HPOS="704"/><String ID="p477_w249" CONTENT="pounds," HPOS="725" VPOS="1460" WIDTH="138" HEIGHT="75" STYLEREFS="font0"/><SP WIDTH="24" VPOS="1460" HPOS="863"/><String ID="p477_w250" CONTENT="and" HPOS="887" VPOS="1460" WIDTH="63" HEIGHT="75" STYLEREFS="font0"/><SP WIDTH="21" VPOS="1460" HPOS="950"/><String ID="p477_w251" CONTENT="work" HPOS="971" VPOS="1460" WIDTH="91" HEIGHT="75" STYLEREFS="font0"/><SP WIDTH="22" VPOS="1460" HPOS="1062"/><String ID="p477_w252" CONTENT="for" HPOS="1084" VPOS="1460" WIDTH="52" HEIGHT="75" STYLEREFS="font0"/><SP WIDTH="16" VPOS="1460" HPOS="1136"/><String ID="p477_w253" CONTENT="the" HPOS="1152" VPOS="1460" WIDTH="59" HEIGHT="75" STYLEREFS="font0"/></TextLine><TextLine WIDTH="418" HEIGHT="75" ID="p477_t63" HPOS="178" VPOS="1506"><String ID="p477_w254" CONTENT="/hillings" HPOS="178" VPOS="1506" WIDTH="141" HEIGHT="75" STYLEREFS="font0"/><SP WIDTH="17" VPOS="1506" HPOS="319"/><String ID="p477_w255" CONTENT="as" HPOS="336" VPOS="1506" WIDTH="33" HEIGHT="75" STYLEREFS="font0"/><SP WIDTH="16" VPOS="1506" HPOS="369"/><String ID="p477_w256" CONTENT="in" HPOS="385" VPOS="1506" WIDTH="32" HEIGHT="75" STYLEREFS="font0"/><SP WIDTH="17" VPOS="1506" HPOS="417"/><String ID="p477_w257" CONTENT="Cafe" HPOS="434" VPOS="1506" WIDTH="82" HEIGHT="75" STYLEREFS="font0"/><SP WIDTH="15" VPOS="1506" HPOS="516"/><String ID="p477_w258" CONTENT="IV." HPOS="531" VPOS="1506" WIDTH="65" HEIGHT="75" STYLEREFS="font0"/></TextLine><TextLine WIDTH="119" HEIGHT="75" ID="p477_t64" HPOS="919" VPOS="1568"><String ID="p477_w259" CONTENT="Ex." HPOS="919" VPOS="1568" WIDTH="62" HEIGHT="75" STYLEREFS="font0"/><SP WIDTH="23" VPOS="1568" HPOS="981"/><String ID="p477_w260" CONTENT="2." HPOS="1004" VPOS="1568" WIDTH="34" HEIGHT="75" STYLEREFS="font0"/></TextLine><TextLine WIDTH="118" HEIGHT="75" ID="p477_t65" HPOS="1258" VPOS="1303"><String ID="p477_w261" CONTENT="6s." HPOS="1258" VPOS="1303" WIDTH="49" HEIGHT="75" STYLEREFS="font0"/><SP WIDTH="16" VPOS="1303" HPOS="1307"/><String ID="p477_w262" CONTENT="8d." HPOS="1323" VPOS="1303" WIDTH="53" HEIGHT="75" STYLEREFS="font0"/></TextLine><TextLine WIDTH="84" HEIGHT="75" ID="p477_t66" HPOS="1292" VPOS="1360"><String ID="p477_w263" CONTENT="i" HPOS="1292" VPOS="1360" WIDTH="20" HEIGHT="75" STYLEREFS="font0"/><SP WIDTH="14" VPOS="1360" HPOS="1312"/><String ID="p477_w264" CONTENT="yd'" HPOS="1326" VPOS="1360" WIDTH="50" HEIGHT="75" STYLEREFS="font0"/></TextLine><TextLine WIDTH="213" HEIGHT="75" ID="p477_t67" HPOS="1538" VPOS="1071"><String ID="p477_w265" CONTENT="Ex." HPOS="1538" VPOS="1071" WIDTH="65" HEIGHT="75" STYLEREFS="font0"/><SP WIDTH="29" VPOS="1071" HPOS="1603"/><String ID="p477_w266" CONTENT="1." HPOS="1632" VPOS="1071" WIDTH="32" HEIGHT="75" STYLEREFS="font0"/><SP WIDTH="82" VPOS="1071" HPOS="1664"/><String ID="p477_w267" CONTENT="i" HPOS="1746" VPOS="1071" WIDTH="5" HEIGHT="75" STYLEREFS="font0"/></TextLine><TextLine WIDTH="117" HEIGHT="75" ID="p477_t68" HPOS="1423" VPOS="1118"><String ID="p477_w268" CONTENT="Yards." HPOS="1423" VPOS="1118" WIDTH="117" HEIGHT="75" STYLEREFS="font0"/></TextLine><TextLine WIDTH="294" HEIGHT="75" ID="p477_t69" HPOS="1448" VPOS="1165"><String ID="p477_w269" CONTENT="T20\," HPOS="1448" VPOS="1165" WIDTH="102" HEIGHT="75" STYLEREFS="font0"/><SP WIDTH="19" VPOS="1165" HPOS="1550"/><String ID="p477_w270" CONTENT="at" HPOS="1569" VPOS="1165" WIDTH="32" HEIGHT="75" STYLEREFS="font0"/><SP WIDTH="18" VPOS="1165" HPOS="1601"/><String ID="p477_w271" CONTENT="6s." HPOS="1619" VPOS="1165" WIDTH="51" HEIGHT="75" STYLEREFS="font0"/><SP WIDTH="14" VPOS="1165" HPOS="1670"/><String ID="p477_w272" CONTENT="8d." HPOS="1684" VPOS="1165" WIDTH="58" HEIGHT="75" STYLEREFS="font0"/></TextLine><TextLine WIDTH="132" HEIGHT="75" ID="p477_t70" HPOS="1586" VPOS="1211"><String ID="p477_w273" CONTENT="per" HPOS="1586" VPOS="1211" WIDTH="61" HEIGHT="75" STYLEREFS="font0"/><SP WIDTH="15" VPOS="1211" HPOS="1647"/><String ID="p477_w274" CONTENT="yd." HPOS="1662" VPOS="1211" WIDTH="56" HEIGHT="75" STYLEREFS="font0"/></TextLine><TextLine WIDTH="70" HEIGHT="75" ID="p477_t71" HPOS="1443" VPOS="1303"><String ID="p477_w275" CONTENT="240" HPOS="1443" VPOS="1303" WIDTH="70" HEIGHT="75" STYLEREFS="font0"/></TextLine><TextLine WIDTH="123" HEIGHT="75" ID="p477_t72" HPOS="1394" VPOS="1440"><String ID="p477_w276" CONTENT="L." HPOS="1394" VPOS="1440" WIDTH="43" HEIGHT="75" STYLEREFS="font0"/><SP WIDTH="12" VPOS="1440" HPOS="1437"/><String ID="p477_w277" CONTENT="240" HPOS="1449" VPOS="1440" WIDTH="68" HEIGHT="75" STYLEREFS="font0"/></TextLine><TextLine WIDTH="120" HEIGHT="75" ID="p477_t73" HPOS="1772" VPOS="1303"><String ID="p477_w278" CONTENT="as." HPOS="1772" VPOS="1303" WIDTH="48" HEIGHT="75" STYLEREFS="font0"/><SP WIDTH="16" VPOS="1303" HPOS="1820"/><String ID="p477_w279" CONTENT="6d." HPOS="1836" VPOS="1303" WIDTH="56" HEIGHT="75" STYLEREFS="font0"/></TextLine><TextLine WIDTH="56" HEIGHT="75" ID="p477_t74" HPOS="1836" VPOS="1352"><String ID="p477_w280" CONTENT="2" HPOS="1836" VPOS="1352" WIDTH="16" HEIGHT="75" STYLEREFS="font0"/><SP WIDTH="15" VPOS="1352" HPOS="1852"/><String ID="p477_w281" CONTENT="s." HPOS="1867" VPOS="1352" WIDTH="25" HEIGHT="75" STYLEREFS="font0"/></TextLine><TextLine WIDTH="86" HEIGHT="75" ID="p477_t75" HPOS="1806" VPOS="1396"><String ID="p477_w282" CONTENT="4." HPOS="1806" VPOS="1396" WIDTH="24" HEIGHT="75" STYLEREFS="font0"/><SP WIDTH="10" VPOS="1396" HPOS="1830"/><String ID="p477_w283" CONTENT="yd." HPOS="1840" VPOS="1396" WIDTH="52" HEIGHT="75" STYLEREFS="font0"/></TextLine><TextLine WIDTH="126" HEIGHT="75" ID="p477_t76" HPOS="2057" VPOS="1072"><String ID="p477_w284" CONTENT="Ex." HPOS="2057" VPOS="1072" WIDTH="64" HEIGHT="75" STYLEREFS="font0"/><SP WIDTH="28" VPOS="1072" HPOS="2121"/><String ID="p477_w285" CONTENT="2." HPOS="2149" VPOS="1072" WIDTH="34" HEIGHT="75" STYLEREFS="font0"/></TextLine><TextLine WIDTH="115" HEIGHT="75" ID="p477_t77" HPOS="1937" VPOS="1118"><String ID="p477_w286" CONTENT="Yards." HPOS="1937" VPOS="1118" WIDTH="115" HEIGHT="75" STYLEREFS="font0"/></TextLine><TextLine WIDTH="321" HEIGHT="75" ID="p477_t78" HPOS="1965" VPOS="1167"><String ID="p477_w287" CONTENT="n6f," HPOS="1965" VPOS="1167" WIDTH="100" HEIGHT="75" STYLEREFS="font0"/><SP WIDTH="21" VPOS="1167" HPOS="2065"/><String ID="p477_w288" CONTENT="at" HPOS="2086" VPOS="1167" WIDTH="33" HEIGHT="75" STYLEREFS="font0"/><SP WIDTH="16" VPOS="1167" HPOS="2119"/><String ID="p477_w289" CONTENT="4" HPOS="2135" VPOS="1167" WIDTH="22" HEIGHT="75" STYLEREFS="font0"/><SP WIDTH="8" VPOS="1167" HPOS="2157"/><String ID="p477_w290" CONTENT="s." HPOS="2165" VPOS="1167" WIDTH="29" HEIGHT="75" STYLEREFS="font0"/><SP WIDTH="25" VPOS="1167" HPOS="2194"/><String ID="p477_w291" CONTENT="6d." HPOS="2219" VPOS="1167" WIDTH="67" HEIGHT="75" STYLEREFS="font0"/></TextLine><TextLine WIDTH="129" HEIGHT="75" ID="p477_t79" HPOS="2141" VPOS="1211"><String ID="p477_w292" CONTENT="per" HPOS="2141" VPOS="1211" WIDTH="62" HEIGHT="75" STYLEREFS="font0"/><SP WIDTH="10" VPOS="1211" HPOS="2203"/><String ID="p477_w293" CONTENT="yd." HPOS="2213" VPOS="1211" WIDTH="57" HEIGHT="75" STYLEREFS="font0"/></TextLine><TextLine WIDTH="134" HEIGHT="75" ID="p477_t80" HPOS="1984" VPOS="1305"><String ID="p477_w294" CONTENT="14" HPOS="1984" VPOS="1305" WIDTH="40" HEIGHT="75" STYLEREFS="font0"/><SP WIDTH="52" VPOS="1305" HPOS="2024"/><String ID="p477_w295" CONTENT="10" HPOS="2076" VPOS="1305" WIDTH="42" HEIGHT="75" STYLEREFS="font0"/></TextLine><TextLine WIDTH="261" HEIGHT="85" ID="p477_t81" HPOS="1920" VPOS="1489"><String ID="p477_w296" CONTENT="L.26" HPOS="1920" VPOS="1489" WIDTH="101" HEIGHT="75" STYLEREFS="font0"/><SP WIDTH="72" VPOS="1489" HPOS="2021"/><String ID="p477_w297" CONTENT="4" HPOS="2093" VPOS="1499" WIDTH="21" HEIGHT="75" STYLEREFS="font0"/><SP WIDTH="50" VPOS="1499" HPOS="2114"/><String ID="p477_w298" CONTENT="3" HPOS="2164" VPOS="1499" WIDTH="17" HEIGHT="75" STYLEREFS="font0"/></TextLine><TextLine WIDTH="117" HEIGHT="75" ID="p477_t82" HPOS="388" VPOS="1568"><String ID="p477_w299" CONTENT="Ex." HPOS="388" VPOS="1568" WIDTH="64" HEIGHT="75" STYLEREFS="font0"/><SP WIDTH="23" VPOS="1568" HPOS="452"/><String ID="p477_w300" CONTENT="1." HPOS="475" VPOS="1568" WIDTH="30" HEIGHT="75" STYLEREFS="font0"/></TextLine><TextLine WIDTH="273" HEIGHT="75" ID="p477_t83" HPOS="317" VPOS="1616"><String ID="p477_w301" CONTENT="46," HPOS="317" VPOS="1616" WIDTH="59" HEIGHT="75" STYLEREFS="font0"/><SP WIDTH="24" VPOS="1616" HPOS="376"/><String ID="p477_w302" CONTENT="at" HPOS="400" VPOS="1616" WIDTH="33" HEIGHT="75" STYLEREFS="font0"/><SP WIDTH="22" VPOS="1616" HPOS="433"/><String ID="p477_w303" CONTENT="1" HPOS="455" VPOS="1616" WIDTH="12" HEIGHT="75" STYLEREFS="font0"/><SP WIDTH="16" VPOS="1616" HPOS="467"/><String ID="p477_w304" CONTENT="1." HPOS="483" VPOS="1616" WIDTH="25" HEIGHT="75" STYLEREFS="font0"/><SP WIDTH="19" VPOS="1616" HPOS="508"/><String ID="p477_w305" CONTENT="4" HPOS="527" VPOS="1616" WIDTH="21" HEIGHT="75" STYLEREFS="font0"/><SP WIDTH="13" VPOS="1616" HPOS="548"/><String ID="p477_w306" CONTENT="s." HPOS="561" VPOS="1616" WIDTH="29" HEIGHT="75" STYLEREFS="font0"/></TextLine><TextLine WIDTH="91" HEIGHT="75" ID="p477_t84" HPOS="344" VPOS="1672"><String ID="p477_w307" CONTENT="9" HPOS="344" VPOS="1672" WIDTH="20" HEIGHT="75" STYLEREFS="font0"/><SP WIDTH="49" VPOS="1672" HPOS="364"/><String ID="p477_w308" CONTENT="4" HPOS="413" VPOS="1672" WIDTH="22" HEIGHT="75" STYLEREFS="font0"/></TextLine><TextLine WIDTH="106" HEIGHT="75" ID="p477_t85" HPOS="256" VPOS="1762"><String ID="p477_w309" CONTENT="L-" HPOS="256" VPOS="1762" WIDTH="42" HEIGHT="75" STYLEREFS="font0"/><SP WIDTH="21" VPOS="1762" HPOS="298"/><String ID="p477_w310" CONTENT="55" HPOS="319" VPOS="1762" WIDTH="43" HEIGHT="75" STYLEREFS="font0"/></TextLine><TextLine WIDTH="299" HEIGHT="75" ID="p477_t86" HPOS="849" VPOS="1617"><String ID="p477_w311" CONTENT="82," HPOS="849" VPOS="1617" WIDTH="58" HEIGHT="75" STYLEREFS="font0"/><SP WIDTH="25" VPOS="1617" HPOS="907"/><String ID="p477_w312" CONTENT="at" HPOS="932" VPOS="1617" WIDTH="32" HEIGHT="75" STYLEREFS="font0"/><SP WIDTH="18" VPOS="1617" HPOS="964"/><String ID="p477_w313" CONTENT="41." HPOS="982" VPOS="1617" WIDTH="58" HEIGHT="75" STYLEREFS="font0"/><SP WIDTH="24" VPOS="1617" HPOS="1040"/><String ID="p477_w314" CONTENT="10" HPOS="1064" VPOS="1617" WIDTH="41" HEIGHT="75" STYLEREFS="font0"/><SP WIDTH="13" VPOS="1617" HPOS="1105"/><String ID="p477_w315" CONTENT="s." HPOS="1118" VPOS="1617" WIDTH="30" HEIGHT="75" STYLEREFS="font0"/></TextLine><TextLine WIDTH="65" HEIGHT="75" ID="p477_t87" HPOS="826" VPOS="1708"><String ID="p477_w316" CONTENT="328" HPOS="826" VPOS="1708" WIDTH="65" HEIGHT="75" STYLEREFS="font0"/></TextLine><TextLine WIDTH="40" HEIGHT="75" ID="p477_t88" HPOS="847" VPOS="1754"><String ID="p477_w317" CONTENT="41" HPOS="847" VPOS="1754" WIDTH="40" HEIGHT="75" STYLEREFS="font0"/></TextLine><TextLine WIDTH="116" HEIGHT="75" ID="p477_t89" HPOS="777" VPOS="1845"><String ID="p477_w318" CONTENT="L" HPOS="777" VPOS="1845" WIDTH="29" HEIGHT="75" STYLEREFS="font0"/><SP WIDTH="20" VPOS="1845" HPOS="806"/><String ID="p477_w319" CONTENT="369" HPOS="826" VPOS="1845" WIDTH="67" HEIGHT="75" STYLEREFS="font0"/></TextLine><TextLine WIDTH="990" HEIGHT="75" ID="p477_t90" HPOS="224" VPOS="1900"><String ID="p477_w320" CONTENT="Note." HPOS="224" VPOS="1900" WIDTH="100" HEIGHT="75" STYLEREFS="font0"/><SP WIDTH="48" VPOS="1900" HPOS="324"/><String ID="p477_w321" CONTENT="When" HPOS="372" VPOS="1900" WIDTH="112" HEIGHT="75" STYLEREFS="font0"/><SP WIDTH="17" VPOS="1900" HPOS="484"/><String ID="p477_w322" CONTENT="the" HPOS="501" VPOS="1900" WIDTH="54" HEIGHT="75" STYLEREFS="font0"/><SP WIDTH="17" VPOS="1900" HPOS="555"/><String ID="p477_w323" CONTENT="rate" HPOS="572" VPOS="1900" WIDTH="66" HEIGHT="75" STYLEREFS="font0"/><SP WIDTH="16" VPOS="1900" HPOS="638"/><String ID="p477_w324" CONTENT="is" HPOS="654" VPOS="1900" WIDTH="26" HEIGHT="75" STYLEREFS="font0"/><SP WIDTH="13" VPOS="1900" HPOS="680"/><String ID="p477_w325" CONTENT="more" HPOS="693" VPOS="1900" WIDTH="88" HEIGHT="75" STYLEREFS="font0"/><SP WIDTH="13" VPOS="1900" HPOS="781"/><String ID="p477_w326" CONTENT="than" HPOS="794" VPOS="1900" WIDTH="76" HEIGHT="75" STYLEREFS="font0"/><SP WIDTH="23" VPOS="1900" HPOS="870"/><String ID="p477_w327" CONTENT="1" HPOS="893" VPOS="1900" WIDTH="12" HEIGHT="75" STYLEREFS="font0"/><SP WIDTH="16" VPOS="1900" HPOS="905"/><String ID="p477_w328" CONTENT="1" HPOS="921" VPOS="1900" WIDTH="11" HEIGHT="75" STYLEREFS="font0"/><SP WIDTH="40" VPOS="1900" HPOS="932"/><String ID="p477_w329" CONTENT="and" HPOS="972" VPOS="1900" WIDTH="62" HEIGHT="75" STYLEREFS="font0"/><SP WIDTH="16" VPOS="1900" HPOS="1034"/><String ID="p477_w330" CONTENT="lefs" HPOS="1050" VPOS="1900" WIDTH="60" HEIGHT="75" STYLEREFS="font0"/><SP WIDTH="16" VPOS="1900" HPOS="1110"/><String ID="p477_w331" CONTENT="than-" HPOS="1126" VPOS="1900" WIDTH="88" HEIGHT="75" STYLEREFS="font0"/></TextLine><TextLine WIDTH="1025" HEIGHT="75" ID="p477_t91" HPOS="179" VPOS="1949"><String ID="p477_w332" CONTENT="2" HPOS="179" VPOS="1949" WIDTH="19" HEIGHT="75" STYLEREFS="font0"/><SP WIDTH="9" VPOS="1949" HPOS="198"/><String ID="p477_w333" CONTENT="l." HPOS="207" VPOS="1949" WIDTH="25" HEIGHT="75" STYLEREFS="font0"/><SP WIDTH="26" VPOS="1949" HPOS="232"/><String ID="p477_w334" CONTENT="as" HPOS="258" VPOS="1949" WIDTH="34" HEIGHT="75" STYLEREFS="font0"/><SP WIDTH="16" VPOS="1949" HPOS="292"/><String ID="p477_w335" CONTENT="in" HPOS="308" VPOS="1949" WIDTH="32" HEIGHT="75" STYLEREFS="font0"/><SP WIDTH="16" VPOS="1949" HPOS="340"/><String ID="p477_w336" CONTENT="Ex." HPOS="356" VPOS="1949" WIDTH="70" HEIGHT="75" STYLEREFS="font0"/><SP WIDTH="21" VPOS="1949" HPOS="426"/><String ID="p477_w337" CONTENT="1." HPOS="447" VPOS="1949" WIDTH="32" HEIGHT="75" STYLEREFS="font0"/><SP WIDTH="25" VPOS="1949" HPOS="479"/><String ID="p477_w338" CONTENT="we" HPOS="504" VPOS="1949" WIDTH="49" HEIGHT="75" STYLEREFS="font0"/><SP WIDTH="14" VPOS="1949" HPOS="553"/><String ID="p477_w339" CONTENT="have" HPOS="567" VPOS="1949" WIDTH="82" HEIGHT="75" STYLEREFS="font0"/><SP WIDTH="17" VPOS="1949" HPOS="649"/><String ID="p477_w340" CONTENT="no" HPOS="666" VPOS="1949" WIDTH="41" HEIGHT="75" STYLEREFS="font0"/><SP WIDTH="15" VPOS="1949" HPOS="707"/><String ID="p477_w341" CONTENT="occafibn" HPOS="722" VPOS="1949" WIDTH="141" HEIGHT="75" STYLEREFS="font0"/><SP WIDTH="17" VPOS="1949" HPOS="863"/><String ID="p477_w342" CONTENT="to" HPOS="880" VPOS="1949" WIDTH="37" HEIGHT="75" STYLEREFS="font0"/><SP WIDTH="11" VPOS="1949" HPOS="917"/><String ID="p477_w343" CONTENT="draw" HPOS="928" VPOS="1949" WIDTH="88" HEIGHT="75" STYLEREFS="font0"/><SP WIDTH="16" VPOS="1949" HPOS="1016"/><String ID="p477_w344" CONTENT="a" HPOS="1032" VPOS="1949" WIDTH="19" HEIGHT="75" STYLEREFS="font0"/><SP WIDTH="14" VPOS="1949" HPOS="1051"/><String ID="p477_w345" CONTENT="line" HPOS="1065" VPOS="1949" WIDTH="64" HEIGHT="75" STYLEREFS="font0"/><SP WIDTH="17" VPOS="1949" HPOS="1129"/><String ID="p477_w346" CONTENT="un-" HPOS="1146" VPOS="1949" WIDTH="58" HEIGHT="75" STYLEREFS="font0"/></TextLine><TextLine WIDTH="1043" HEIGHT="75" ID="p477_t92" HPOS="177" VPOS="1992"><String ID="p477_w347" CONTENT="der" HPOS="177" VPOS="1992" WIDTH="57" HEIGHT="75" STYLEREFS="font0"/><SP WIDTH="17" VPOS="1992" HPOS="234"/><String ID="p477_w348" CONTENT="the" HPOS="251" VPOS="1992" WIDTH="55" HEIGHT="75" STYLEREFS="font0"/><SP WIDTH="16" VPOS="1992" HPOS="306"/><String ID="p477_w349" CONTENT="given" HPOS="322" VPOS="1992" WIDTH="93" HEIGHT="75" STYLEREFS="font0"/><SP WIDTH="11" VPOS="1992" HPOS="415"/><String ID="p477_w350" CONTENT="number," HPOS="426" VPOS="1992" WIDTH="144" HEIGHT="75" STYLEREFS="font0"/><SP WIDTH="25" VPOS="1992" HPOS="570"/><String ID="p477_w351" CONTENT="it" HPOS="595" VPOS="1992" WIDTH="25" HEIGHT="75" STYLEREFS="font0"/><SP WIDTH="13" VPOS="1992" HPOS="620"/><String ID="p477_w352" CONTENT="being" HPOS="633" VPOS="1992" WIDTH="94" HEIGHT="75" STYLEREFS="font0"/><SP WIDTH="12" VPOS="1992" HPOS="727"/><String ID="p477_w353" CONTENT="efteemed" HPOS="739" VPOS="1992" WIDTH="154" HEIGHT="75" STYLEREFS="font0"/><SP WIDTH="11" VPOS="1992" HPOS="893"/><String ID="p477_w354" CONTENT="fo" HPOS="904" VPOS="1992" WIDTH="34" HEIGHT="75" STYLEREFS="font0"/><SP WIDTH="17" VPOS="1992" HPOS="938"/><String ID="p477_w355" CONTENT="many" HPOS="955" VPOS="1992" WIDTH="95" HEIGHT="75" STYLEREFS="font0"/><SP WIDTH="16" VPOS="1992" HPOS="1050"/><String ID="p477_w356" CONTENT="pounds,," HPOS="1066" VPOS="1992" WIDTH="154" HEIGHT="75" STYLEREFS="font0"/></TextLine><TextLine WIDTH="1028" HEIGHT="75" ID="p477_t93" HPOS="177" VPOS="2037"><String ID="p477_w357" CONTENT="and" HPOS="177" VPOS="2037" WIDTH="62" HEIGHT="75" STYLEREFS="font0"/><SP WIDTH="23" VPOS="2037" HPOS="239"/><String ID="p477_w358" CONTENT="the" HPOS="262" VPOS="2037" WIDTH="55" HEIGHT="75" STYLEREFS="font0"/><SP WIDTH="27" VPOS="2037" HPOS="317"/><String ID="p477_w359" CONTENT="parts" HPOS="344" VPOS="2037" WIDTH="87" HEIGHT="75" STYLEREFS="font0"/><SP WIDTH="24" VPOS="2037" HPOS="431"/><String ID="p477_w360" CONTENT="for" HPOS="455" VPOS="2037" WIDTH="52" HEIGHT="75" STYLEREFS="font0"/><SP WIDTH="26" VPOS="2037" HPOS="507"/><String ID="p477_w361" CONTENT="the" HPOS="533" VPOS="2037" WIDTH="57" HEIGHT="75" STYLEREFS="font0"/><SP WIDTH="25" VPOS="2037" HPOS="590"/><String ID="p477_w362" CONTENT="(hillings" HPOS="615" VPOS="2037" WIDTH="141" HEIGHT="75" STYLEREFS="font0"/><SP WIDTH="23" VPOS="2037" HPOS="756"/><String ID="p477_w363" CONTENT="or" HPOS="779" VPOS="2037" WIDTH="38" HEIGHT="75" STYLEREFS="font0"/><SP WIDTH="27" VPOS="2037" HPOS="817"/><String ID="p477_w364" CONTENT="pence" HPOS="844" VPOS="2037" WIDTH="98" HEIGHT="75" STYLEREFS="font0"/><SP WIDTH="24" VPOS="2037" HPOS="942"/><String ID="p477_w365" CONTENT="are" HPOS="966" VPOS="2037" WIDTH="53" HEIGHT="75" STYLEREFS="font0"/><SP WIDTH="21" VPOS="2037" HPOS="1019"/><String ID="p477_w366" CONTENT="added" HPOS="1040" VPOS="2037" WIDTH="105" HEIGHT="75" STYLEREFS="font0"/><SP WIDTH="16" VPOS="2037" HPOS="1145"/><String ID="p477_w367" CONTENT="up" HPOS="1161" VPOS="2037" WIDTH="44" HEIGHT="75" STYLEREFS="font0"/></TextLine><TextLine WIDTH="137" HEIGHT="75" ID="p477_t94" HPOS="177" VPOS="2083"><String ID="p477_w368" CONTENT="with" HPOS="177" VPOS="2083" WIDTH="78" HEIGHT="75" STYLEREFS="font0"/><SP WIDTH="20" VPOS="2083" HPOS="255"/><String ID="p477_w369" CONTENT="it." HPOS="275" VPOS="2083" WIDTH="39" HEIGHT="75" STYLEREFS="font0"/></TextLine><TextLine WIDTH="984" HEIGHT="75" ID="p477_t95" HPOS="224" VPOS="2129"><String ID="p477_w370" CONTENT="Rule" HPOS="224" VPOS="2129" WIDTH="109" HEIGHT="75" STYLEREFS="font0"/><SP WIDTH="26" VPOS="2129" HPOS="333"/><String ID="p477_w371" CONTENT="II." HPOS="359" VPOS="2129" WIDTH="49" HEIGHT="75" STYLEREFS="font0"/><SP WIDTH="48" VPOS="2129" HPOS="408"/><String ID="p477_w372" CONTENT="If" HPOS="456" VPOS="2129" WIDTH="37" HEIGHT="75" STYLEREFS="font0"/><SP WIDTH="11" VPOS="2129" HPOS="493"/><String ID="p477_w373" CONTENT="the" HPOS="504" VPOS="2129" WIDTH="56" HEIGHT="75" STYLEREFS="font0"/><SP WIDTH="16" VPOS="2129" HPOS="560"/><String ID="p477_w374" CONTENT="rate" HPOS="576" VPOS="2129" WIDTH="67" HEIGHT="75" STYLEREFS="font0"/><SP WIDTH="24" VPOS="2129" HPOS="643"/><String ID="p477_w375" CONTENT="be" HPOS="667" VPOS="2129" WIDTH="39" HEIGHT="75" STYLEREFS="font0"/><SP WIDTH="17" VPOS="2129" HPOS="706"/><String ID="p477_w376" CONTENT="pounds," HPOS="723" VPOS="2129" WIDTH="136" HEIGHT="75" STYLEREFS="font0"/><SP WIDTH="25" VPOS="2129" HPOS="859"/><String ID="p477_w377" CONTENT="with" HPOS="884" VPOS="2129" WIDTH="78" HEIGHT="75" STYLEREFS="font0"/><SP WIDTH="25" VPOS="2129" HPOS="962"/><String ID="p477_w378" CONTENT="(hillings" HPOS="987" VPOS="2129" WIDTH="138" HEIGHT="75" STYLEREFS="font0"/><SP WIDTH="17" VPOS="2129" HPOS="1125"/><String ID="p477_w379" CONTENT="and" HPOS="1142" VPOS="2129" WIDTH="66" HEIGHT="75" STYLEREFS="font0"/></TextLine><TextLine WIDTH="1027" HEIGHT="75" ID="p477_t96" HPOS="177" VPOS="2175"><String ID="p477_w380" CONTENT="pfence" HPOS="177" VPOS="2175" WIDTH="98" HEIGHT="75" STYLEREFS="font0"/><SP WIDTH="16" VPOS="2175" HPOS="275"/><String ID="p477_w381" CONTENT="that" HPOS="291" VPOS="2175" WIDTH="71" HEIGHT="75" STYLEREFS="font0"/><SP WIDTH="15" VPOS="2175" HPOS="362"/><String ID="p477_w382" CONTENT="make" HPOS="377" VPOS="2175" WIDTH="93" HEIGHT="75" STYLEREFS="font0"/><SP WIDTH="12" VPOS="2175" HPOS="470"/><String ID="p477_w383" CONTENT="fome" HPOS="482" VPOS="2175" WIDTH="87" HEIGHT="75" STYLEREFS="font0"/><SP WIDTH="11" VPOS="2175" HPOS="569"/><String ID="p477_w384" CONTENT="aliquot" HPOS="580" VPOS="2175" WIDTH="123" HEIGHT="75" STYLEREFS="font0"/><SP WIDTH="15" VPOS="2175" HPOS="703"/><String ID="p477_w385" CONTENT="part" HPOS="718" VPOS="2175" WIDTH="71" HEIGHT="75" STYLEREFS="font0"/><SP WIDTH="12" VPOS="2175" HPOS="789"/><String ID="p477_w386" CONTENT="of" HPOS="801" VPOS="2175" WIDTH="41" HEIGHT="75" STYLEREFS="font0"/><SP WIDTH="11" VPOS="2175" HPOS="842"/><String ID="p477_w387" CONTENT="a" HPOS="853" VPOS="2175" WIDTH="19" HEIGHT="75" STYLEREFS="font0"/><SP WIDTH="15" VPOS="2175" HPOS="872"/><String ID="p477_w388" CONTENT="pound," HPOS="887" VPOS="2175" WIDTH="120" HEIGHT="75" STYLEREFS="font0"/><SP WIDTH="25" VPOS="2175" HPOS="1007"/><String ID="p477_w389" CONTENT="or" HPOS="1032" VPOS="2175" WIDTH="36" HEIGHT="75" STYLEREFS="font0"/><SP WIDTH="17" VPOS="2175" HPOS="1068"/><String ID="p477_w390" CONTENT="are" HPOS="1085" VPOS="2175" WIDTH="53" HEIGHT="75" STYLEREFS="font0"/><SP WIDTH="15" VPOS="2175" HPOS="1138"/><String ID="p477_w391" CONTENT="di-" HPOS="1153" VPOS="2175" WIDTH="51" HEIGHT="75" STYLEREFS="font0"/></TextLine><TextLine WIDTH="1028" HEIGHT="75" ID="p477_t97" HPOS="176" VPOS="2221"><String ID="p477_w392" CONTENT="vifible" HPOS="176" VPOS="2221" WIDTH="106" HEIGHT="75" STYLEREFS="font0"/><SP WIDTH="14" VPOS="2221" HPOS="282"/><String ID="p477_w393" CONTENT="into" HPOS="296" VPOS="2221" WIDTH="69" HEIGHT="75" STYLEREFS="font0"/><SP WIDTH="17" VPOS="2221" HPOS="365"/><String ID="p477_w394" CONTENT="aliquot" HPOS="382" VPOS="2221" WIDTH="123" HEIGHT="75" STYLEREFS="font0"/><SP WIDTH="23" VPOS="2221" HPOS="505"/><String ID="p477_w395" CONTENT="parts," HPOS="528" VPOS="2221" WIDTH="98" HEIGHT="75" STYLEREFS="font0"/><SP WIDTH="27" VPOS="2221" HPOS="626"/><String ID="p477_w396" CONTENT="or" HPOS="653" VPOS="2221" WIDTH="37" HEIGHT="75" STYLEREFS="font0"/><SP WIDTH="21" VPOS="2221" HPOS="690"/><String ID="p477_w397" CONTENT="into" HPOS="711" VPOS="2221" WIDTH="68" HEIGHT="75" STYLEREFS="font0"/><SP WIDTH="23" VPOS="2221" HPOS="779"/><String ID="p477_w398" CONTENT="(hillings" HPOS="802" VPOS="2221" WIDTH="138" HEIGHT="75" STYLEREFS="font0"/><SP WIDTH="17" VPOS="2221" HPOS="940"/><String ID="p477_w399" CONTENT="and" HPOS="957" VPOS="2221" WIDTH="62" HEIGHT="75" STYLEREFS="font0"/><SP WIDTH="25" VPOS="2221" HPOS="1019"/><String ID="p477_w400" CONTENT="fome" HPOS="1044" VPOS="2221" WIDTH="85" HEIGHT="75" STYLEREFS="font0"/><SP WIDTH="17" VPOS="2221" HPOS="1129"/><String ID="p477_w401" CONTENT="ali-" HPOS="1146" VPOS="2221" WIDTH="58" HEIGHT="75" STYLEREFS="font0"/></TextLine><TextLine WIDTH="1031" HEIGHT="75" ID="p477_t98" HPOS="175" VPOS="2268"><String ID="p477_w402" CONTENT="quot" HPOS="175" VPOS="2268" WIDTH="82" HEIGHT="75" STYLEREFS="font0"/><SP WIDTH="16" VPOS="2268" HPOS="257"/><String ID="p477_w403" CONTENT="part" HPOS="273" VPOS="2268" WIDTH="71" HEIGHT="75" STYLEREFS="font0"/><SP WIDTH="23" VPOS="2268" HPOS="344"/><String ID="p477_w404" CONTENT="or" HPOS="367" VPOS="2268" WIDTH="38" HEIGHT="75" STYLEREFS="font0"/><SP WIDTH="23" VPOS="2268" HPOS="405"/><String ID="p477_w405" CONTENT="parts" HPOS="428" VPOS="2268" WIDTH="87" HEIGHT="75" STYLEREFS="font0"/><SP WIDTH="14" VPOS="2268" HPOS="515"/><String ID="p477_w406" CONTENT=";" HPOS="529" VPOS="2268" WIDTH="11" HEIGHT="75" STYLEREFS="font0"/><SP WIDTH="25" VPOS="2268" HPOS="540"/><String ID="p477_w407" CONTENT="then" HPOS="565" VPOS="2268" WIDTH="79" HEIGHT="75" STYLEREFS="font0"/><SP WIDTH="14" VPOS="2268" HPOS="644"/><String ID="p477_w408" CONTENT="multiply" HPOS="658" VPOS="2268" WIDTH="150" HEIGHT="75" STYLEREFS="font0"/><SP WIDTH="15" VPOS="2268" HPOS="808"/><String ID="p477_w409" CONTENT="the" HPOS="823" VPOS="2268" WIDTH="56" HEIGHT="75" STYLEREFS="font0"/><SP WIDTH="24" VPOS="2268" HPOS="879"/><String ID="p477_w410" CONTENT="given" HPOS="903" VPOS="2268" WIDTH="93" HEIGHT="75" STYLEREFS="font0"/><SP WIDTH="16" VPOS="2268" HPOS="996"/><String ID="p477_w411" CONTENT="number" HPOS="1012" VPOS="2268" WIDTH="133" HEIGHT="75" STYLEREFS="font0"/><SP WIDTH="16" VPOS="2268" HPOS="1145"/><String ID="p477_w412" CONTENT="by" HPOS="1161" VPOS="2268" WIDTH="45" HEIGHT="75" STYLEREFS="font0"/></TextLine><TextLine WIDTH="1035" HEIGHT="75" ID="p477_t99" HPOS="174" VPOS="2314"><String ID="p477_w413" CONTENT="the" HPOS="174" VPOS="2314" WIDTH="57" HEIGHT="75" STYLEREFS="font0"/><SP WIDTH="23" VPOS="2314" HPOS="231"/><String ID="p477_w414" CONTENT="pounds," HPOS="254" VPOS="2314" WIDTH="138" HEIGHT="75" STYLEREFS="font0"/><SP WIDTH="22" VPOS="2314" HPOS="392"/><String ID="p477_w415" CONTENT="and" HPOS="414" VPOS="2314" WIDTH="62" HEIGHT="75" STYLEREFS="font0"/><SP WIDTH="23" VPOS="2314" HPOS="476"/><String ID="p477_w416" CONTENT="work" HPOS="499" VPOS="2314" WIDTH="90" HEIGHT="75" STYLEREFS="font0"/><SP WIDTH="24" VPOS="2314" HPOS="589"/><String ID="p477_w417" CONTENT="for" HPOS="613" VPOS="2314" WIDTH="52" HEIGHT="75" STYLEREFS="font0"/><SP WIDTH="23" VPOS="2314" HPOS="665"/><String ID="p477_w418" CONTENT="the" HPOS="688" VPOS="2314" WIDTH="54" HEIGHT="75" STYLEREFS="font0"/><SP WIDTH="16" VPOS="2314" HPOS="742"/><String ID="p477_w419" CONTENT="(hillings" HPOS="758" VPOS="2314" WIDTH="141" HEIGHT="75" STYLEREFS="font0"/><SP WIDTH="17" VPOS="2314" HPOS="899"/><String ID="p477_w420" CONTENT="and" HPOS="916" VPOS="2314" WIDTH="62" HEIGHT="75" STYLEREFS="font0"/><SP WIDTH="23" VPOS="2314" HPOS="978"/><String ID="p477_w421" CONTENT="pence" HPOS="1001" VPOS="2314" WIDTH="97" HEIGHT="75" STYLEREFS="font0"/><SP WIDTH="24" VPOS="2314" HPOS="1098"/><String ID="p477_w422" CONTENT="as" HPOS="1122" VPOS="2314" WIDTH="34" HEIGHT="75" STYLEREFS="font0"/><SP WIDTH="16" VPOS="2314" HPOS="1156"/><String ID="p477_w423" CONTENT="in" HPOS="1172" VPOS="2314" WIDTH="37" HEIGHT="75" STYLEREFS="font0"/></TextLine><TextLine WIDTH="420" HEIGHT="75" ID="p477_t100" HPOS="175" VPOS="2361"><String ID="p477_w424" CONTENT="Cafe" HPOS="175" VPOS="2361" WIDTH="82" HEIGHT="75" STYLEREFS="font0"/><SP WIDTH="15" VPOS="2361" HPOS="257"/><String ID="p477_w425" CONTENT="V." HPOS="272" VPOS="2361" WIDTH="46" HEIGHT="75" STYLEREFS="font0"/><SP WIDTH="25" VPOS="2361" HPOS="318"/><String ID="p477_w426" CONTENT="Rule" HPOS="343" VPOS="2361" WIDTH="86" HEIGHT="75" STYLEREFS="font0"/><SP WIDTH="16" VPOS="2361" HPOS="429"/><String ID="p477_w427" CONTENT="L" HPOS="445" VPOS="2361" WIDTH="31" HEIGHT="75" STYLEREFS="font0"/><SP WIDTH="17" VPOS="2361" HPOS="476"/><String ID="p477_w428" CONTENT="or" HPOS="493" VPOS="2361" WIDTH="37" HEIGHT="75" STYLEREFS="font0"/><SP WIDTH="16" VPOS="2361" HPOS="530"/><String ID="p477_w429" CONTENT="II." HPOS="546" VPOS="2361" WIDTH="49" HEIGHT="75" STYLEREFS="font0"/></TextLine><TextLine WIDTH="247" HEIGHT="75" ID="p477_t101" HPOS="443" VPOS="2420"><String ID="p477_w430" CONTENT="Ex." HPOS="443" VPOS="2420" WIDTH="63" HEIGHT="75" STYLEREFS="font0"/><SP WIDTH="24" VPOS="2420" HPOS="506"/><String ID="p477_w431" CONTENT="1." HPOS="530" VPOS="2420" WIDTH="30" HEIGHT="75" STYLEREFS="font0"/><SP WIDTH="122" VPOS="2420" HPOS="560"/><String ID="p477_w432" CONTENT="1" HPOS="682" VPOS="2420" WIDTH="8" HEIGHT="75" STYLEREFS="font0"/></TextLine><TextLine WIDTH="118" HEIGHT="75" ID="p477_t102" HPOS="974" VPOS="2420"><String ID="p477_w433" CONTENT="Ex." HPOS="974" VPOS="2420" WIDTH="64" HEIGHT="75" STYLEREFS="font0"/><SP WIDTH="20" VPOS="2420" HPOS="1038"/><String ID="p477_w434" CONTENT="2." HPOS="1058" VPOS="2420" WIDTH="34" HEIGHT="75" STYLEREFS="font0"/></TextLine><TextLine WIDTH="315" HEIGHT="75" ID="p477_t103" HPOS="374" VPOS="2468"><String ID="p477_w435" CONTENT="54," HPOS="374" VPOS="2468" WIDTH="56" HEIGHT="75" STYLEREFS="font0"/><SP WIDTH="13" VPOS="2468" HPOS="430"/><String ID="p477_w436" CONTENT="at" HPOS="443" VPOS="2468" WIDTH="32" HEIGHT="75" STYLEREFS="font0"/><SP WIDTH="12" VPOS="2468" HPOS="475"/><String ID="p477_w437" CONTENT="L," HPOS="487" VPOS="2468" WIDTH="43" HEIGHT="75" STYLEREFS="font0"/><SP WIDTH="18" VPOS="2468" HPOS="530"/><String ID="p477_w438" CONTENT="3:2:6/" HPOS="548" VPOS="2468" WIDTH="141" HEIGHT="75" STYLEREFS="font0"/></TextLine><TextLine WIDTH="295" HEIGHT="75" ID="p477_t104" HPOS="908" VPOS="2468"><String ID="p477_w439" CONTENT="43,atL." HPOS="908" VPOS="2468" WIDTH="155" HEIGHT="75" STYLEREFS="font0"/><SP WIDTH="14" VPOS="2468" HPOS="1063"/><String ID="p477_w440" CONTENT="5:3" HPOS="1077" VPOS="2468" WIDTH="61" HEIGHT="75" STYLEREFS="font0"/><SP WIDTH="14" VPOS="2468" HPOS="1138"/><String ID="p477_w441" CONTENT=":4." HPOS="1152" VPOS="2468" WIDTH="51" HEIGHT="75" STYLEREFS="font0"/></TextLine><TextLine WIDTH="54" HEIGHT="75" ID="p477_t105" HPOS="234" VPOS="2551"><String ID="p477_w442" CONTENT="3" HPOS="234" VPOS="2569" WIDTH="17" HEIGHT="75" STYLEREFS="font0"/><String ID="p477_w443" CONTENT="1" HPOS="251" VPOS="2551" WIDTH="24" HEIGHT="49" STYLEREFS="font1"/><String ID="p477_w444" CONTENT="-" HPOS="275" VPOS="2569" WIDTH="13" HEIGHT="75" STYLEREFS="font0"/></TextLine><TextLine WIDTH="112" HEIGHT="75" ID="p477_t106" HPOS="176" VPOS="2605"><String ID="p477_w445" CONTENT="28.6d." HPOS="176" VPOS="2605" WIDTH="112" HEIGHT="75" STYLEREFS="font0"/></TextLine><TextLine WIDTH="62" HEIGHT="75" ID="p477_t107" HPOS="354" VPOS="2559"><String ID="p477_w446" CONTENT="162" HPOS="354" VPOS="2559" WIDTH="62" HEIGHT="75" STYLEREFS="font0"/></TextLine><TextLine WIDTH="89" HEIGHT="75" ID="p477_t108" HPOS="396" VPOS="2605"><String ID="p477_w447" CONTENT="6" HPOS="396" VPOS="2605" WIDTH="21" HEIGHT="75" STYLEREFS="font0"/><SP WIDTH="29" VPOS="2605" HPOS="417"/><String ID="p477_w448" CONTENT="15" HPOS="446" VPOS="2605" WIDTH="39" HEIGHT="75" STYLEREFS="font0"/></TextLine><TextLine WIDTH="40" HEIGHT="75" ID="p477_t109" HPOS="770" VPOS="2569"><String ID="p477_w449" CONTENT="5l" HPOS="770" VPOS="2569" WIDTH="40" HEIGHT="75" STYLEREFS="font0"/></TextLine><TextLine WIDTH="108" HEIGHT="81" ID="p477_t110" HPOS="712" VPOS="2605"><String ID="p477_w450" CONTENT="3s." HPOS="712" VPOS="2605" WIDTH="48" HEIGHT="75" STYLEREFS="font0"/><SP WIDTH="8" VPOS="2605" HPOS="760"/><String ID="p477_w451" CONTENT="4" HPOS="768" VPOS="2637" WIDTH="22" HEIGHT="49" STYLEREFS="font2"/><String ID="p477_w452" CONTENT="d." HPOS="790" VPOS="2605" WIDTH="30" HEIGHT="75" STYLEREFS="font0"/></TextLine><TextLine WIDTH="65" HEIGHT="75" ID="p477_t111" HPOS="885" VPOS="2562"><String ID="p477_w453" CONTENT="215" HPOS="885" VPOS="2562" WIDTH="65" HEIGHT="75" STYLEREFS="font0"/></TextLine><TextLine WIDTH="158" HEIGHT="75" ID="p477_t112" HPOS="933" VPOS="2619"><String ID="p477_w454" CONTENT="7" HPOS="933" VPOS="2619" WIDTH="17" HEIGHT="75" STYLEREFS="font0"/><SP WIDTH="52" VPOS="2619" HPOS="950"/><String ID="p477_w455" CONTENT="3" HPOS="1002" VPOS="2619" WIDTH="17" HEIGHT="75" STYLEREFS="font0"/><SP WIDTH="51" VPOS="2619" HPOS="1019"/><String ID="p477_w456" CONTENT="4" HPOS="1070" VPOS="2619" WIDTH="21" HEIGHT="75" STYLEREFS="font0"/></TextLine><TextLine WIDTH="183" HEIGHT="75" ID="p477_t113" HPOS="302" VPOS="2697"><String ID="p477_w457" CONTENT="L.I68" HPOS="302" VPOS="2697" WIDTH="115" HEIGHT="75" STYLEREFS="font0"/><SP WIDTH="29" VPOS="2697" HPOS="417"/><String ID="p477_w458" CONTENT="15" HPOS="446" VPOS="2697" WIDTH="39" HEIGHT="75" STYLEREFS="font0"/></TextLine><TextLine WIDTH="253" HEIGHT="75" ID="p477_t114" HPOS="839" VPOS="2697"><String ID="p477_w459" CONTENT="L.222" HPOS="839" VPOS="2697" WIDTH="111" HEIGHT="75" STYLEREFS="font0"/><SP WIDTH="52" VPOS="2697" HPOS="950"/><String ID="p477_w460" CONTENT="3" HPOS="1002" VPOS="2697" WIDTH="18" HEIGHT="75" STYLEREFS="font0"/><SP WIDTH="49" VPOS="2697" HPOS="1020"/><String ID="p477_w461" CONTENT="4" HPOS="1069" VPOS="2697" WIDTH="23" HEIGHT="75" STYLEREFS="font0"/></TextLine><TextLine WIDTH="979" HEIGHT="75" ID="p477_t115" HPOS="222" VPOS="2751"><String ID="p477_w462" CONTENT="Rule" HPOS="222" VPOS="2751" WIDTH="110" HEIGHT="75" STYLEREFS="font0"/><SP WIDTH="27" VPOS="2751" HPOS="332"/><String ID="p477_w463" CONTENT="III." HPOS="359" VPOS="2751" WIDTH="67" HEIGHT="75" STYLEREFS="font0"/><SP WIDTH="57" VPOS="2751" HPOS="426"/><String ID="p477_w464" CONTENT="If" HPOS="483" VPOS="2751" WIDTH="37" HEIGHT="75" STYLEREFS="font0"/><SP WIDTH="17" VPOS="2751" HPOS="520"/><String ID="p477_w465" CONTENT="the" HPOS="537" VPOS="2751" WIDTH="56" HEIGHT="75" STYLEREFS="font0"/><SP WIDTH="24" VPOS="2751" HPOS="593"/><String ID="p477_w466" CONTENT="rate" HPOS="617" VPOS="2751" WIDTH="68" HEIGHT="75" STYLEREFS="font0"/><SP WIDTH="25" VPOS="2751" HPOS="685"/><String ID="p477_w467" CONTENT="be" HPOS="710" VPOS="2751" WIDTH="39" HEIGHT="75" STYLEREFS="font0"/><SP WIDTH="24" VPOS="2751" HPOS="749"/><String ID="p477_w468" CONTENT="poundsi," HPOS="773" VPOS="2751" WIDTH="136" HEIGHT="75" STYLEREFS="font0"/><SP WIDTH="33" VPOS="2751" HPOS="909"/><String ID="p477_w469" CONTENT="with" HPOS="942" VPOS="2751" WIDTH="78" HEIGHT="75" STYLEREFS="font0"/><SP WIDTH="27" VPOS="2751" HPOS="1020"/><String ID="p477_w470" CONTENT="(hillings," HPOS="1047" VPOS="2751" WIDTH="154" HEIGHT="75" STYLEREFS="font0"/></TextLine><TextLine WIDTH="1026" HEIGHT="75" ID="p477_t116" HPOS="173" VPOS="2797"><String ID="p477_w471" CONTENT="pence," HPOS="173" VPOS="2797" WIDTH="111" HEIGHT="75" STYLEREFS="font0"/><SP WIDTH="24" VPOS="2797" HPOS="284"/><String ID="p477_w472" CONTENT="and" HPOS="308" VPOS="2797" WIDTH="62" HEIGHT="75" STYLEREFS="font0"/><SP WIDTH="16" VPOS="2797" HPOS="370"/><String ID="p477_w473" CONTENT="farthings," HPOS="386" VPOS="2797" WIDTH="171" HEIGHT="75" STYLEREFS="font0"/><SP WIDTH="24" VPOS="2797" HPOS="557"/><String ID="p477_w474" CONTENT="that" HPOS="581" VPOS="2797" WIDTH="71" HEIGHT="75" STYLEREFS="font0"/><SP WIDTH="16" VPOS="2797" HPOS="652"/><String ID="p477_w475" CONTENT="cannot" HPOS="668" VPOS="2797" WIDTH="116" HEIGHT="75" STYLEREFS="font0"/><SP WIDTH="16" VPOS="2797" HPOS="784"/><String ID="p477_w476" CONTENT="readily" HPOS="800" VPOS="2797" WIDTH="122" HEIGHT="75" STYLEREFS="font0"/><SP WIDTH="16" VPOS="2797" HPOS="922"/><String ID="p477_w477" CONTENT="be" HPOS="938" VPOS="2797" WIDTH="40" HEIGHT="75" STYLEREFS="font0"/><SP WIDTH="13" VPOS="2797" HPOS="978"/><String ID="p477_w478" CONTENT="refolved" HPOS="991" VPOS="2797" WIDTH="145" HEIGHT="75" STYLEREFS="font0"/><SP WIDTH="16" VPOS="2797" HPOS="1136"/><String ID="p477_w479" CONTENT="in-" HPOS="1152" VPOS="2797" WIDTH="47" HEIGHT="75" STYLEREFS="font0"/></TextLine><TextLine WIDTH="1026" HEIGHT="75" ID="p477_t117" HPOS="174" VPOS="2842"><String ID="p477_w480" CONTENT="to" HPOS="174" VPOS="2842" WIDTH="35" HEIGHT="75" STYLEREFS="font0"/><SP WIDTH="16" VPOS="2842" HPOS="209"/><String ID="p477_w481" CONTENT="aliquot" HPOS="225" VPOS="2842" WIDTH="123" HEIGHT="75" STYLEREFS="font0"/><SP WIDTH="15" VPOS="2842" HPOS="348"/><String ID="p477_w482" CONTENT="parts" HPOS="363" VPOS="2842" WIDTH="88" HEIGHT="75" STYLEREFS="font0"/><SP WIDTH="17" VPOS="2842" HPOS="451"/><String ID="p477_w483" CONTENT="of" HPOS="468" VPOS="2842" WIDTH="39" HEIGHT="75" STYLEREFS="font0"/><SP WIDTH="11" VPOS="2842" HPOS="507"/><String ID="p477_w484" CONTENT="a" HPOS="518" VPOS="2842" WIDTH="19" HEIGHT="75" STYLEREFS="font0"/><SP WIDTH="15" VPOS="2842" HPOS="537"/><String ID="p477_w485" CONTENT="pound" HPOS="552" VPOS="2842" WIDTH="108" HEIGHT="75" STYLEREFS="font0"/><SP WIDTH="13" VPOS="2842" HPOS="660"/><String ID="p477_w486" CONTENT=";" HPOS="673" VPOS="2842" WIDTH="11" HEIGHT="75" STYLEREFS="font0"/><SP WIDTH="34" VPOS="2842" HPOS="684"/><String ID="p477_w487" CONTENT="multiply" HPOS="718" VPOS="2842" WIDTH="148" HEIGHT="75" STYLEREFS="font0"/><SP WIDTH="15" VPOS="2842" HPOS="866"/><String ID="p477_w488" CONTENT="the" HPOS="881" VPOS="2842" WIDTH="55" HEIGHT="75" STYLEREFS="font0"/><SP WIDTH="24" VPOS="2842" HPOS="936"/><String ID="p477_w489" CONTENT="given" HPOS="960" VPOS="2842" WIDTH="92" HEIGHT="75" STYLEREFS="font0"/><SP WIDTH="16" VPOS="2842" HPOS="1052"/><String ID="p477_w490" CONTENT="number" HPOS="1068" VPOS="2842" WIDTH="132" HEIGHT="75" STYLEREFS="font0"/></TextLine><TextLine WIDTH="1024" HEIGHT="75" ID="p477_t118" HPOS="173" VPOS="2888"><String ID="p477_w491" CONTENT="by" HPOS="173" VPOS="2888" WIDTH="42" HEIGHT="75" STYLEREFS="font0"/><SP WIDTH="16" VPOS="2888" HPOS="215"/><String ID="p477_w492" CONTENT="the" HPOS="231" VPOS="2888" WIDTH="55" HEIGHT="75" STYLEREFS="font0"/><SP WIDTH="16" VPOS="2888" HPOS="286"/><String ID="p477_w493" CONTENT="pounds;" HPOS="302" VPOS="2888" WIDTH="146" HEIGHT="75" STYLEREFS="font0"/><SP WIDTH="27" VPOS="2888" HPOS="448"/><String ID="p477_w494" CONTENT="and" HPOS="475" VPOS="2888" WIDTH="64" HEIGHT="75" STYLEREFS="font0"/><SP WIDTH="16" VPOS="2888" HPOS="539"/><String ID="p477_w495" CONTENT="then" HPOS="555" VPOS="2888" WIDTH="75" HEIGHT="75" STYLEREFS="font0"/><SP WIDTH="16" VPOS="2888" HPOS="630"/><String ID="p477_w496" CONTENT="work" HPOS="646" VPOS="2888" WIDTH="91" HEIGHT="75" STYLEREFS="font0"/><SP WIDTH="23" VPOS="2888" HPOS="737"/><String ID="p477_w497" CONTENT="for" HPOS="760" VPOS="2888" WIDTH="51" HEIGHT="75" STYLEREFS="font0"/><SP WIDTH="24" VPOS="2888" HPOS="811"/><String ID="p477_w498" CONTENT="the" HPOS="835" VPOS="2888" WIDTH="55" HEIGHT="75" STYLEREFS="font0"/><SP WIDTH="16" VPOS="2888" HPOS="890"/><String ID="p477_w499" CONTENT="(hillings," HPOS="906" VPOS="2888" WIDTH="152" HEIGHT="75" STYLEREFS="font0"/><SP WIDTH="27" VPOS="2888" HPOS="1058"/><String ID="p477_w500" CONTENT="pence," HPOS="1085" VPOS="2888" WIDTH="112" HEIGHT="75" STYLEREFS="font0"/></TextLine><TextLine WIDTH="707" HEIGHT="75" ID="p477_t119" HPOS="175" VPOS="2936"><String ID="p477_w501" CONTENT="and" HPOS="175" VPOS="2936" WIDTH="62" HEIGHT="75" STYLEREFS="font0"/><SP WIDTH="14" VPOS="2936" HPOS="237"/><String ID="p477_w502" CONTENT="farthings," HPOS="251" VPOS="2936" WIDTH="169" HEIGHT="75" STYLEREFS="font0"/><SP WIDTH="27" VPOS="2936" HPOS="420"/><String ID="p477_w503" CONTENT="as" HPOS="447" VPOS="2936" WIDTH="37" HEIGHT="75" STYLEREFS="font0"/><SP WIDTH="11" VPOS="2936" HPOS="484"/><String ID="p477_w504" CONTENT="in" HPOS="495" VPOS="2936" WIDTH="33" HEIGHT="75" STYLEREFS="font0"/><SP WIDTH="17" VPOS="2936" HPOS="528"/><String ID="p477_w505" CONTENT="Cafe" HPOS="545" VPOS="2936" WIDTH="82" HEIGHT="75" STYLEREFS="font0"/><SP WIDTH="13" VPOS="2936" HPOS="627"/><String ID="p477_w506" CONTENT="V." HPOS="640" VPOS="2936" WIDTH="50" HEIGHT="75" STYLEREFS="font0"/><SP WIDTH="25" VPOS="2936" HPOS="690"/><String ID="p477_w507" CONTENT="Rule" HPOS="715" VPOS="2936" WIDTH="85" HEIGHT="75" STYLEREFS="font0"/><SP WIDTH="16" VPOS="2936" HPOS="800"/><String ID="p477_w508" CONTENT="III." HPOS="816" VPOS="2936" WIDTH="66" HEIGHT="75" STYLEREFS="font0"/></TextLine><TextLine WIDTH="986" HEIGHT="75" ID="p477_t120" HPOS="1301" VPOS="1566"><String ID="p477_w509" CONTENT="An" HPOS="1301" VPOS="1566" WIDTH="53" HEIGHT="75" STYLEREFS="font0"/><SP WIDTH="17" VPOS="1566" HPOS="1354"/><String ID="p477_w510" CONTENT="operation" HPOS="1371" VPOS="1566" WIDTH="165" HEIGHT="75" STYLEREFS="font0"/><SP WIDTH="16" VPOS="1566" HPOS="1536"/><String ID="p477_w511" CONTENT="in" HPOS="1552" VPOS="1566" WIDTH="33" HEIGHT="75" STYLEREFS="font0"/><SP WIDTH="16" VPOS="1566" HPOS="1585"/><String ID="p477_w512" CONTENT="the" HPOS="1601" VPOS="1566" WIDTH="55" HEIGHT="75" STYLEREFS="font0"/><SP WIDTH="18" VPOS="1566" HPOS="1656"/><String ID="p477_w513" CONTENT="rules" HPOS="1674" VPOS="1566" WIDTH="85" HEIGHT="75" STYLEREFS="font0"/><SP WIDTH="24" VPOS="1566" HPOS="1759"/><String ID="p477_w514" CONTENT="of" HPOS="1783" VPOS="1566" WIDTH="41" HEIGHT="75" STYLEREFS="font0"/><SP WIDTH="17" VPOS="1566" HPOS="1824"/><String ID="p477_w515" CONTENT="practice" HPOS="1841" VPOS="1566" WIDTH="137" HEIGHT="75" STYLEREFS="font0"/><SP WIDTH="27" VPOS="1566" HPOS="1978"/><String ID="p477_w516" CONTENT="may" HPOS="2005" VPOS="1566" WIDTH="74" HEIGHT="75" STYLEREFS="font0"/><SP WIDTH="26" VPOS="1566" HPOS="2079"/><String ID="p477_w517" CONTENT="be" HPOS="2105" VPOS="1566" WIDTH="39" HEIGHT="75" STYLEREFS="font0"/><SP WIDTH="20" VPOS="1566" HPOS="2144"/><String ID="p477_w518" CONTENT="proved" HPOS="2164" VPOS="1566" WIDTH="123" HEIGHT="75" STYLEREFS="font0"/></TextLine><TextLine WIDTH="1034" HEIGHT="75" ID="p477_t121" HPOS="1253" VPOS="1612"><String ID="p477_w519" CONTENT="by" HPOS="1253" VPOS="1612" WIDTH="44" HEIGHT="75" STYLEREFS="font0"/><SP WIDTH="27" VPOS="1612" HPOS="1297"/><String ID="p477_w520" CONTENT="running" HPOS="1324" VPOS="1612" WIDTH="136" HEIGHT="75" STYLEREFS="font0"/><SP WIDTH="28" VPOS="1612" HPOS="1460"/><String ID="p477_w521" CONTENT="over" HPOS="1488" VPOS="1612" WIDTH="77" HEIGHT="75" STYLEREFS="font0"/><SP WIDTH="28" VPOS="1612" HPOS="1565"/><String ID="p477_w522" CONTENT="the" HPOS="1593" VPOS="1612" WIDTH="56" HEIGHT="75" STYLEREFS="font0"/><SP WIDTH="26" VPOS="1612" HPOS="1649"/><String ID="p477_w523" CONTENT="feveral" HPOS="1675" VPOS="1612" WIDTH="118" HEIGHT="75" STYLEREFS="font0"/><SP WIDTH="28" VPOS="1612" HPOS="1793"/><String ID="p477_w524" CONTENT="(leps" HPOS="1821" VPOS="1612" WIDTH="80" HEIGHT="75" STYLEREFS="font0"/><SP WIDTH="28" VPOS="1612" HPOS="1901"/><String ID="p477_w525" CONTENT="a" HPOS="1929" VPOS="1612" WIDTH="19" HEIGHT="75" STYLEREFS="font0"/><SP WIDTH="24" VPOS="1612" HPOS="1948"/><String ID="p477_w526" CONTENT="fecond" HPOS="1972" VPOS="1612" WIDTH="116" HEIGHT="75" STYLEREFS="font0"/><SP WIDTH="30" VPOS="1612" HPOS="2088"/><String ID="p477_w527" CONTENT="time," HPOS="2118" VPOS="1612" WIDTH="90" HEIGHT="75" STYLEREFS="font0"/><SP WIDTH="32" VPOS="1612" HPOS="2208"/><String ID="p477_w528" CONTENT="by" HPOS="2240" VPOS="1612" WIDTH="47" HEIGHT="75" STYLEREFS="font0"/></TextLine><TextLine WIDTH="1051" HEIGHT="75" ID="p477_t122" HPOS="1253" VPOS="1657"><String ID="p477_w529" CONTENT="working" HPOS="1253" VPOS="1657" WIDTH="145" HEIGHT="75" STYLEREFS="font0"/><SP WIDTH="17" VPOS="1657" HPOS="1398"/><String ID="p477_w530" CONTENT="the" HPOS="1415" VPOS="1657" WIDTH="55" HEIGHT="75" STYLEREFS="font0"/><SP WIDTH="24" VPOS="1657" HPOS="1470"/><String ID="p477_w531" CONTENT="fame" HPOS="1494" VPOS="1657" WIDTH="84" HEIGHT="75" STYLEREFS="font0"/><SP WIDTH="24" VPOS="1657" HPOS="1578"/><String ID="p477_w532" CONTENT="queftion" HPOS="1602" VPOS="1657" WIDTH="142" HEIGHT="75" STYLEREFS="font0"/><SP WIDTH="25" VPOS="1657" HPOS="1744"/><String ID="p477_w533" CONTENT="a" HPOS="1769" VPOS="1657" WIDTH="19" HEIGHT="75" STYLEREFS="font0"/><SP WIDTH="22" VPOS="1657" HPOS="1788"/><String ID="p477_w534" CONTENT="different" HPOS="1810" VPOS="1657" WIDTH="152" HEIGHT="75" STYLEREFS="font0"/><SP WIDTH="26" VPOS="1657" HPOS="1962"/><String ID="p477_w535" CONTENT="way," HPOS="1988" VPOS="1657" WIDTH="84" HEIGHT="75" STYLEREFS="font0"/><SP WIDTH="24" VPOS="1657" HPOS="2072"/><String ID="p477_w536" CONTENT="or" HPOS="2096" VPOS="1657" WIDTH="38" HEIGHT="75" STYLEREFS="font0"/><SP WIDTH="23" VPOS="1657" HPOS="2134"/><String ID="p477_w537" CONTENT="by" HPOS="2157" VPOS="1657" WIDTH="44" HEIGHT="75" STYLEREFS="font0"/><SP WIDTH="27" VPOS="1657" HPOS="2201"/><String ID="p477_w538" CONTENT="the:" HPOS="2228" VPOS="1657" WIDTH="76" HEIGHT="75" STYLEREFS="font0"/></TextLine><TextLine WIDTH="253" HEIGHT="75" ID="p477_t123" HPOS="1254" VPOS="1706"><String ID="p477_w539" CONTENT="rule" HPOS="1254" VPOS="1706" WIDTH="71" HEIGHT="75" STYLEREFS="font0"/><SP WIDTH="20" VPOS="1706" HPOS="1325"/><String ID="p477_w540" CONTENT="of" HPOS="1345" VPOS="1706" WIDTH="39" HEIGHT="75" STYLEREFS="font0"/><SP WIDTH="20" VPOS="1706" HPOS="1384"/><String ID="p477_w541" CONTENT="three." HPOS="1404" VPOS="1706" WIDTH="103" HEIGHT="75" STYLEREFS="font0"/></TextLine><TextLine WIDTH="745" HEIGHT="75" ID="p477_t124" HPOS="1394" VPOS="1830"><String ID="p477_w542" CONTENT="Chap." HPOS="1394" VPOS="1848" WIDTH="165" HEIGHT="75" STYLEREFS="font0"/><SP WIDTH="32" VPOS="1848" HPOS="1559"/><String ID="p477_w543" CONTENT="XI." HPOS="1591" VPOS="1848" WIDTH="71" HEIGHT="75" STYLEREFS="font0"/><SP WIDTH="59" VPOS="1848" HPOS="1662"/><String ID="p477_w544" CONTENT="Q/" HPOS="1721" VPOS="1848" WIDTH="59" HEIGHT="75" STYLEREFS="font0"/><String ID="p477_w545" CONTENT="-" HPOS="1780" VPOS="1830" WIDTH="7" HEIGHT="49" STYLEREFS="font1"/><String ID="p477_w546" CONTENT="Decimals." HPOS="1787" VPOS="1848" WIDTH="352" HEIGHT="75" STYLEREFS="font0"/></TextLine><TextLine WIDTH="256" HEIGHT="75" ID="p477_t125" HPOS="1630" VPOS="1945"><String ID="p477_w547" CONTENT="I." HPOS="1630" VPOS="1945" WIDTH="31" HEIGHT="75" STYLEREFS="font0"/><SP WIDTH="49" VPOS="1945" HPOS="1661"/><String ID="p477_w548" CONTENT="Notation." HPOS="1710" VPOS="1945" WIDTH="176" HEIGHT="75" STYLEREFS="font0"/></TextLine><TextLine WIDTH="1003" HEIGHT="75" ID="p477_t126" HPOS="1296" VPOS="2024"><String ID="p477_w549" CONTENT="A" HPOS="1296" VPOS="2024" WIDTH="34" HEIGHT="75" STYLEREFS="font0"/><SP WIDTH="15" VPOS="2024" HPOS="1330"/><String ID="p477_w550" CONTENT="Fraction" HPOS="1345" VPOS="2024" WIDTH="206" HEIGHT="75" STYLEREFS="font0"/><SP WIDTH="18" VPOS="2024" HPOS="1551"/><String ID="p477_w551" CONTENT="having" HPOS="1569" VPOS="2024" WIDTH="120" HEIGHT="75" STYLEREFS="font0"/><SP WIDTH="27" VPOS="2024" HPOS="1689"/><String ID="p477_w552" CONTENT="10," HPOS="1716" VPOS="2024" WIDTH="54" HEIGHT="75" STYLEREFS="font0"/><SP WIDTH="23" VPOS="2024" HPOS="1770"/><String ID="p477_w553" CONTENT="100," HPOS="1793" VPOS="2024" WIDTH="78" HEIGHT="75" STYLEREFS="font0"/><SP WIDTH="22" VPOS="2024" HPOS="1871"/><String ID="p477_w554" CONTENT="1000," HPOS="1893" VPOS="2024" WIDTH="103" HEIGHT="75" STYLEREFS="font0"/><SP WIDTH="24" VPOS="2024" HPOS="1996"/><String ID="p477_w555" CONTENT="or" HPOS="2020" VPOS="2024" WIDTH="40" HEIGHT="75" STYLEREFS="font0"/><SP WIDTH="9" VPOS="2024" HPOS="2060"/><String ID="p477_w556" CONTENT=".unity" HPOS="2069" VPOS="2024" WIDTH="108" HEIGHT="75" STYLEREFS="font0"/><SP WIDTH="22" VPOS="2024" HPOS="2177"/><String ID="p477_w557" CONTENT="with:" HPOS="2199" VPOS="2024" WIDTH="100" HEIGHT="75" STYLEREFS="font0"/></TextLine><TextLine WIDTH="1029" HEIGHT="75" ID="p477_t127" HPOS="1249" VPOS="2068"><String ID="p477_w558" CONTENT="aftiy" HPOS="1249" VPOS="2068" WIDTH="61" HEIGHT="75" STYLEREFS="font0"/><SP WIDTH="16" VPOS="2068" HPOS="1310"/><String ID="p477_w559" CONTENT="number" HPOS="1326" VPOS="2068" WIDTH="132" HEIGHT="75" STYLEREFS="font0"/><SP WIDTH="16" VPOS="2068" HPOS="1458"/><String ID="p477_w560" CONTENT="of" HPOS="1474" VPOS="2068" WIDTH="40" HEIGHT="75" STYLEREFS="font0"/><SP WIDTH="12" VPOS="2068" HPOS="1514"/><String ID="p477_w561" CONTENT="ciphers" HPOS="1526" VPOS="2068" WIDTH="123" HEIGHT="75" STYLEREFS="font0"/><SP WIDTH="29" VPOS="2068" HPOS="1649"/><String ID="p477_w562" CONTENT="annexed" HPOS="1678" VPOS="2068" WIDTH="145" HEIGHT="75" STYLEREFS="font0"/><SP WIDTH="24" VPOS="2068" HPOS="1823"/><String ID="p477_w563" CONTENT="to" HPOS="1847" VPOS="2068" WIDTH="35" HEIGHT="75" STYLEREFS="font0"/><SP WIDTH="27" VPOS="2068" HPOS="1882"/><String ID="p477_w564" CONTENT="it," HPOS="1909" VPOS="2068" WIDTH="38" HEIGHT="75" STYLEREFS="font0"/><SP WIDTH="27" VPOS="2068" HPOS="1947"/><String ID="p477_w565" CONTENT="for" HPOS="1974" VPOS="2068" WIDTH="53" HEIGHT="75" STYLEREFS="font0"/><SP WIDTH="26" VPOS="2068" HPOS="2027"/><String ID="p477_w566" CONTENT="a" HPOS="2053" VPOS="2068" WIDTH="18" HEIGHT="75" STYLEREFS="font0"/><SP WIDTH="23" VPOS="2068" HPOS="2071"/><String ID="p477_w567" CONTENT="denomina-" HPOS="2094" VPOS="2068" WIDTH="184" HEIGHT="75" STYLEREFS="font0"/></TextLine><TextLine WIDTH="883" HEIGHT="81" ID="p477_t128" HPOS="1248" VPOS="2114"><String ID="p477_w568" CONTENT="tor," HPOS="1248" VPOS="2114" WIDTH="64" HEIGHT="75" STYLEREFS="font0"/><SP WIDTH="28" VPOS="2114" HPOS="1312"/><String ID="p477_w569" CONTENT="is" HPOS="1340" VPOS="2114" WIDTH="27" HEIGHT="75" STYLEREFS="font0"/><SP WIDTH="24" VPOS="2114" HPOS="1367"/><String ID="p477_w570" CONTENT="called" HPOS="1391" VPOS="2114" WIDTH="102" HEIGHT="75" STYLEREFS="font0"/><SP WIDTH="32" VPOS="2114" HPOS="1493"/><String ID="p477_w571" CONTENT="2." HPOS="1525" VPOS="2114" WIDTH="19" HEIGHT="75" STYLEREFS="font0"/><SP WIDTH="23" VPOS="2114" HPOS="1544"/><String ID="p477_w572" CONTENT="deci?nal" HPOS="1567" VPOS="2114" WIDTH="141" HEIGHT="75" STYLEREFS="font0"/><SP WIDTH="10" VPOS="2114" HPOS="1708"/><String ID="p477_w573" CONTENT="fraftion;" HPOS="1718" VPOS="2114" WIDTH="177" HEIGHT="75" STYLEREFS="font0"/><SP WIDTH="42" VPOS="2114" HPOS="1895"/><String ID="p477_w574" CONTENT="fuch" HPOS="1937" VPOS="2114" WIDTH="75" HEIGHT="75" STYLEREFS="font0"/><SP WIDTH="25" VPOS="2114" HPOS="2012"/><String ID="p477_w575" CONTENT="as," HPOS="2037" VPOS="2114" WIDTH="47" HEIGHT="75" STYLEREFS="font0"/><SP WIDTH="24" VPOS="2114" HPOS="2084"/><String ID="p477_w576" CONTENT="T" HPOS="2108" VPOS="2146" WIDTH="23" HEIGHT="49" STYLEREFS="font2"/></TextLine><TextLine WIDTH="37" HEIGHT="93" ID="p477_t129" HPOS="2131" VPOS="2096"><String ID="p477_w577" CONTENT="7^-" HPOS="2131" VPOS="2096" WIDTH="30" HEIGHT="49" STYLEREFS="font1"/><String ID="p477_w578" CONTENT="," HPOS="2161" VPOS="2114" WIDTH="7" HEIGHT="75" STYLEREFS="font0"/></TextLine><TextLine WIDTH="264" HEIGHT="75" ID="p477_t130" HPOS="1253" VPOS="2170"><String ID="p477_w579" CONTENT="1000" HPOS="1253" VPOS="2170" WIDTH="87" HEIGHT="75" STYLEREFS="font0"/><SP WIDTH="5" VPOS="2170" HPOS="1340"/><String ID="p477_w580" CONTENT="*" HPOS="1345" VPOS="2170" WIDTH="10" HEIGHT="75" STYLEREFS="font0"/><SP WIDTH="36" VPOS="2170" HPOS="1355"/><String ID="p477_w581" CONTENT="1" HPOS="1391" VPOS="2170" WIDTH="9" HEIGHT="75" STYLEREFS="font0"/><SP WIDTH="11" VPOS="2170" HPOS="1400"/><String ID="p477_w582" CONTENT="a" HPOS="1411" VPOS="2170" WIDTH="16" HEIGHT="75" STYLEREFS="font0"/><SP WIDTH="7" VPOS="2170" HPOS="1427"/><String ID="p477_w583" CONTENT="oio" HPOS="1434" VPOS="2170" WIDTH="64" HEIGHT="75" STYLEREFS="font0"/><SP WIDTH="8" VPOS="2170" HPOS="1498"/><String ID="p477_w584" CONTENT="*" HPOS="1506" VPOS="2170" WIDTH="11" HEIGHT="75" STYLEREFS="font0"/></TextLine><TextLine WIDTH="983" HEIGHT="75" ID="p477_t131" HPOS="1296" VPOS="2206"><String ID="p477_w585" CONTENT="In" HPOS="1296" VPOS="2206" WIDTH="37" HEIGHT="75" STYLEREFS="font0"/><SP WIDTH="24" VPOS="2206" HPOS="1333"/><String ID="p477_w586" CONTENT="decimal" HPOS="1357" VPOS="2206" WIDTH="134" HEIGHT="75" STYLEREFS="font0"/><SP WIDTH="24" VPOS="2206" HPOS="1491"/><String ID="p477_w587" CONTENT="fra&amp;ions," HPOS="1515" VPOS="2206" WIDTH="162" HEIGHT="75" STYLEREFS="font0"/><SP WIDTH="25" VPOS="2206" HPOS="1677"/><String ID="p477_w588" CONTENT="as" HPOS="1702" VPOS="2206" WIDTH="34" HEIGHT="75" STYLEREFS="font0"/><SP WIDTH="28" VPOS="2206" HPOS="1736"/><String ID="p477_w589" CONTENT="in" HPOS="1764" VPOS="2206" WIDTH="32" HEIGHT="75" STYLEREFS="font0"/><SP WIDTH="27" VPOS="2206" HPOS="1796"/><String ID="p477_w590" CONTENT="vulgar," HPOS="1823" VPOS="2206" WIDTH="125" HEIGHT="75" STYLEREFS="font0"/><SP WIDTH="25" VPOS="2206" HPOS="1948"/><String ID="p477_w591" CONTENT="the" HPOS="1973" VPOS="2206" WIDTH="55" HEIGHT="75" STYLEREFS="font0"/><SP WIDTH="26" VPOS="2206" HPOS="2028"/><String ID="p477_w592" CONTENT="denominator" HPOS="2054" VPOS="2206" WIDTH="225" HEIGHT="75" STYLEREFS="font0"/></TextLine><TextLine WIDTH="1028" HEIGHT="75" ID="p477_t132" HPOS="1248" VPOS="2256"><String ID="p477_w593" CONTENT="(hews" HPOS="1248" VPOS="2256" WIDTH="97" HEIGHT="75" STYLEREFS="font0"/><SP WIDTH="16" VPOS="2256" HPOS="1345"/><String ID="p477_w594" CONTENT="into" HPOS="1361" VPOS="2256" WIDTH="72" HEIGHT="75" STYLEREFS="font0"/><SP WIDTH="13" VPOS="2256" HPOS="1433"/><String ID="p477_w595" CONTENT="how" HPOS="1446" VPOS="2256" WIDTH="74" HEIGHT="75" STYLEREFS="font0"/><SP WIDTH="17" VPOS="2256" HPOS="1520"/><String ID="p477_w596" CONTENT="many" HPOS="1537" VPOS="2256" WIDTH="93" HEIGHT="75" STYLEREFS="font0"/><SP WIDTH="16" VPOS="2256" HPOS="1630"/><String ID="p477_w597" CONTENT="parts" HPOS="1646" VPOS="2256" WIDTH="86" HEIGHT="75" STYLEREFS="font0"/><SP WIDTH="18" VPOS="2256" HPOS="1732"/><String ID="p477_w598" CONTENT="the" HPOS="1750" VPOS="2256" WIDTH="55" HEIGHT="75" STYLEREFS="font0"/><SP WIDTH="28" VPOS="2256" HPOS="1805"/><String ID="p477_w599" CONTENT="unit" HPOS="1833" VPOS="2256" WIDTH="69" HEIGHT="75" STYLEREFS="font0"/><SP WIDTH="24" VPOS="2256" HPOS="1902"/><String ID="p477_w600" CONTENT="or" HPOS="1926" VPOS="2256" WIDTH="39" HEIGHT="75" STYLEREFS="font0"/><SP WIDTH="26" VPOS="2256" HPOS="1965"/><String ID="p477_w601" CONTENT="integer" HPOS="1991" VPOS="2256" WIDTH="123" HEIGHT="75" STYLEREFS="font0"/><SP WIDTH="27" VPOS="2256" HPOS="2114"/><String ID="p477_w602" CONTENT="is" HPOS="2141" VPOS="2256" WIDTH="25" HEIGHT="75" STYLEREFS="font0"/><SP WIDTH="27" VPOS="2256" HPOS="2166"/><String ID="p477_w603" CONTENT="divi-" HPOS="2193" VPOS="2256" WIDTH="83" HEIGHT="75" STYLEREFS="font0"/></TextLine><TextLine WIDTH="1029" HEIGHT="75" ID="p477_t133" HPOS="1249" VPOS="2298"><String ID="p477_w604" CONTENT="ded," HPOS="1249" VPOS="2298" WIDTH="75" HEIGHT="75" STYLEREFS="font0"/><SP WIDTH="39" VPOS="2298" HPOS="1324"/><String ID="p477_w605" CONTENT="and" HPOS="1363" VPOS="2298" WIDTH="62" HEIGHT="75" STYLEREFS="font0"/><SP WIDTH="32" VPOS="2298" HPOS="1425"/><String ID="p477_w606" CONTENT="the" HPOS="1457" VPOS="2298" WIDTH="55" HEIGHT="75" STYLEREFS="font0"/><SP WIDTH="35" VPOS="2298" HPOS="1512"/><String ID="p477_w607" CONTENT="numerator" HPOS="1547" VPOS="2298" WIDTH="182" HEIGHT="75" STYLEREFS="font0"/><SP WIDTH="30" VPOS="2298" HPOS="1729"/><String ID="p477_w608" CONTENT="(hews" HPOS="1759" VPOS="2298" WIDTH="99" HEIGHT="75" STYLEREFS="font0"/><SP WIDTH="33" VPOS="2298" HPOS="1858"/><String ID="p477_w609" CONTENT="how" HPOS="1891" VPOS="2298" WIDTH="76" HEIGHT="75" STYLEREFS="font0"/><SP WIDTH="33" VPOS="2298" HPOS="1967"/><String ID="p477_w610" CONTENT="many" HPOS="2000" VPOS="2298" WIDTH="95" HEIGHT="75" STYLEREFS="font0"/><SP WIDTH="23" VPOS="2298" HPOS="2095"/><String ID="p477_w611" CONTENT="of" HPOS="2118" VPOS="2298" WIDTH="41" HEIGHT="75" STYLEREFS="font0"/><SP WIDTH="29" VPOS="2298" HPOS="2159"/><String ID="p477_w612" CONTENT="thefe" HPOS="2188" VPOS="2298" WIDTH="90" HEIGHT="75" STYLEREFS="font0"/></TextLine><TextLine WIDTH="1027" HEIGHT="75" ID="p477_t134" HPOS="1248" VPOS="2344"><String ID="p477_w613" CONTENT="parts" HPOS="1248" VPOS="2344" WIDTH="86" HEIGHT="75" STYLEREFS="font0"/><SP WIDTH="28" VPOS="2344" HPOS="1334"/><String ID="p477_w614" CONTENT="the" HPOS="1362" VPOS="2344" WIDTH="55" HEIGHT="75" STYLEREFS="font0"/><SP WIDTH="27" VPOS="2344" HPOS="1417"/><String ID="p477_w615" CONTENT="fraction" HPOS="1444" VPOS="2344" WIDTH="132" HEIGHT="75" STYLEREFS="font0"/><SP WIDTH="25" VPOS="2344" HPOS="1576"/><String ID="p477_w616" CONTENT="contains." HPOS="1601" VPOS="2344" WIDTH="156" HEIGHT="75" STYLEREFS="font0"/><SP WIDTH="47" VPOS="2344" HPOS="1757"/><String ID="p477_w617" CONTENT="Thus," HPOS="1804" VPOS="2344" WIDTH="109" HEIGHT="75" STYLEREFS="font0"/><SP WIDTH="25" VPOS="2344" HPOS="1913"/><String ID="p477_w618" CONTENT="if" HPOS="1938" VPOS="2344" WIDTH="30" HEIGHT="75" STYLEREFS="font0"/><SP WIDTH="22" VPOS="2344" HPOS="1968"/><String ID="p477_w619" CONTENT="the" HPOS="1990" VPOS="2344" WIDTH="56" HEIGHT="75" STYLEREFS="font0"/><SP WIDTH="27" VPOS="2344" HPOS="2046"/><String ID="p477_w620" CONTENT="fradion" HPOS="2073" VPOS="2344" WIDTH="135" HEIGHT="75" STYLEREFS="font0"/><SP WIDTH="27" VPOS="2344" HPOS="2208"/><String ID="p477_w621" CONTENT="be" HPOS="2235" VPOS="2344" WIDTH="40" HEIGHT="75" STYLEREFS="font0"/></TextLine><TextLine WIDTH="942" HEIGHT="75" ID="p477_t135" HPOS="1333" VPOS="2391"><String ID="p477_w622" CONTENT="the" HPOS="1333" VPOS="2391" WIDTH="54" HEIGHT="75" STYLEREFS="font0"/><SP WIDTH="28" VPOS="2391" HPOS="1387"/><String ID="p477_w623" CONTENT="unit" HPOS="1415" VPOS="2391" WIDTH="69" HEIGHT="75" STYLEREFS="font0"/><SP WIDTH="27" VPOS="2391" HPOS="1484"/><String ID="p477_w624" CONTENT="is" HPOS="1511" VPOS="2391" WIDTH="30" HEIGHT="75" STYLEREFS="font0"/><SP WIDTH="22" VPOS="2391" HPOS="1541"/><String ID="p477_w625" CONTENT="divided" HPOS="1563" VPOS="2391" WIDTH="128" HEIGHT="75" STYLEREFS="font0"/><SP WIDTH="23" VPOS="2391" HPOS="1691"/><String ID="p477_w626" CONTENT="into" HPOS="1714" VPOS="2391" WIDTH="69" HEIGHT="75" STYLEREFS="font0"/><SP WIDTH="23" VPOS="2391" HPOS="1783"/><String ID="p477_w627" CONTENT="ten" HPOS="1806" VPOS="2391" WIDTH="53" HEIGHT="75" STYLEREFS="font0"/><SP WIDTH="28" VPOS="2391" HPOS="1859"/><String ID="p477_w628" CONTENT="equal" HPOS="1887" VPOS="2391" WIDTH="94" HEIGHT="75" STYLEREFS="font0"/><SP WIDTH="25" VPOS="2391" HPOS="1981"/><String ID="p477_w629" CONTENT="parts," HPOS="2006" VPOS="2391" WIDTH="99" HEIGHT="75" STYLEREFS="font0"/><SP WIDTH="25" VPOS="2391" HPOS="2105"/><String ID="p477_w630" CONTENT="and" HPOS="2130" VPOS="2391" WIDTH="63" HEIGHT="75" STYLEREFS="font0"/><SP WIDTH="25" VPOS="2391" HPOS="2193"/><String ID="p477_w631" CONTENT="the" HPOS="2218" VPOS="2391" WIDTH="57" HEIGHT="75" STYLEREFS="font0"/></TextLine><TextLine WIDTH="1025" HEIGHT="75" ID="p477_t136" HPOS="1247" VPOS="2436"><String ID="p477_w632" CONTENT="fradion" HPOS="1247" VPOS="2436" WIDTH="132" HEIGHT="75" STYLEREFS="font0"/><SP WIDTH="17" VPOS="2436" HPOS="1379"/><String ID="p477_w633" CONTENT="contains" HPOS="1396" VPOS="2436" WIDTH="143" HEIGHT="75" STYLEREFS="font0"/><SP WIDTH="16" VPOS="2436" HPOS="1539"/><String ID="p477_w634" CONTENT="nine" HPOS="1555" VPOS="2436" WIDTH="71" HEIGHT="75" STYLEREFS="font0"/><SP WIDTH="23" VPOS="2436" HPOS="1626"/><String ID="p477_w635" CONTENT="of" HPOS="1649" VPOS="2436" WIDTH="40" HEIGHT="75" STYLEREFS="font0"/><SP WIDTH="12" VPOS="2436" HPOS="1689"/><String ID="p477_w636" CONTENT="thefe" HPOS="1701" VPOS="2436" WIDTH="88" HEIGHT="75" STYLEREFS="font0"/><SP WIDTH="23" VPOS="2436" HPOS="1789"/><String ID="p477_w637" CONTENT="parts;" HPOS="1812" VPOS="2436" WIDTH="107" HEIGHT="75" STYLEREFS="font0"/><SP WIDTH="27" VPOS="2436" HPOS="1919"/><String ID="p477_w638" CONTENT="and" HPOS="1946" VPOS="2436" WIDTH="62" HEIGHT="75" STYLEREFS="font0"/><SP WIDTH="25" VPOS="2436" HPOS="2008"/><String ID="p477_w639" CONTENT="confequently," HPOS="2033" VPOS="2436" WIDTH="239" HEIGHT="75" STYLEREFS="font0"/></TextLine><TextLine WIDTH="1032" HEIGHT="75" ID="p477_t137" HPOS="1247" VPOS="2481"><String ID="p477_w640" CONTENT="if" HPOS="1247" VPOS="2481" WIDTH="31" HEIGHT="75" STYLEREFS="font0"/><SP WIDTH="11" VPOS="2481" HPOS="1278"/><String ID="p477_w641" CONTENT="the" HPOS="1289" VPOS="2481" WIDTH="55" HEIGHT="75" STYLEREFS="font0"/><SP WIDTH="24" VPOS="2481" HPOS="1344"/><String ID="p477_w642" CONTENT="unit" HPOS="1368" VPOS="2481" WIDTH="67" HEIGHT="75" STYLEREFS="font0"/><SP WIDTH="17" VPOS="2481" HPOS="1435"/><String ID="p477_w643" CONTENT="or" HPOS="1452" VPOS="2481" WIDTH="37" HEIGHT="75" STYLEREFS="font0"/><SP WIDTH="14" VPOS="2481" HPOS="1489"/><String ID="p477_w644" CONTENT="integer" HPOS="1503" VPOS="2481" WIDTH="123" HEIGHT="75" STYLEREFS="font0"/><SP WIDTH="16" VPOS="2481" HPOS="1626"/><String ID="p477_w645" CONTENT="be" HPOS="1642" VPOS="2481" WIDTH="38" HEIGHT="75" STYLEREFS="font0"/><SP WIDTH="24" VPOS="2481" HPOS="1680"/><String ID="p477_w646" CONTENT="a." HPOS="1704" VPOS="2481" WIDTH="29" HEIGHT="75" STYLEREFS="font0"/><SP WIDTH="16" VPOS="2481" HPOS="1733"/><String ID="p477_w647" CONTENT="pound" HPOS="1749" VPOS="2481" WIDTH="107" HEIGHT="75" STYLEREFS="font0"/><SP WIDTH="24" VPOS="2481" HPOS="1856"/><String ID="p477_w648" CONTENT="Sterling," HPOS="1880" VPOS="2481" WIDTH="153" HEIGHT="75" STYLEREFS="font0"/><SP WIDTH="25" VPOS="2481" HPOS="2033"/><String ID="p477_w649" CONTENT="the" HPOS="2058" VPOS="2481" WIDTH="55" HEIGHT="75" STYLEREFS="font0"/><SP WIDTH="16" VPOS="2481" HPOS="2113"/><String ID="p477_w650" CONTENT="value" HPOS="2129" VPOS="2481" WIDTH="92" HEIGHT="75" STYLEREFS="font0"/><SP WIDTH="15" VPOS="2481" HPOS="2221"/><String ID="p477_w651" CONTENT="of" HPOS="2236" VPOS="2481" WIDTH="43" HEIGHT="75" STYLEREFS="font0"/></TextLine><TextLine WIDTH="641" HEIGHT="75" ID="p477_t138" HPOS="1247" VPOS="2528"><String ID="p477_w652" CONTENT="fuch" HPOS="1247" VPOS="2528" WIDTH="74" HEIGHT="75" STYLEREFS="font0"/><SP WIDTH="23" VPOS="2528" HPOS="1321"/><String ID="p477_w653" CONTENT="a" HPOS="1344" VPOS="2528" WIDTH="17" HEIGHT="75" STYLEREFS="font0"/><SP WIDTH="16" VPOS="2528" HPOS="1361"/><String ID="p477_w654" CONTENT="fradion" HPOS="1377" VPOS="2528" WIDTH="134" HEIGHT="75" STYLEREFS="font0"/><SP WIDTH="16" VPOS="2528" HPOS="1511"/><String ID="p477_w655" CONTENT="is" HPOS="1527" VPOS="2528" WIDTH="27" HEIGHT="75" STYLEREFS="font0"/><SP WIDTH="22" VPOS="2528" HPOS="1554"/><String ID="p477_w656" CONTENT="eighteen" HPOS="1576" VPOS="2528" WIDTH="146" HEIGHT="75" STYLEREFS="font0"/><SP WIDTH="16" VPOS="2528" HPOS="1722"/><String ID="p477_w657" CONTENT="(hillings." HPOS="1738" VPOS="2528" WIDTH="150" HEIGHT="75" STYLEREFS="font0"/></TextLine><TextLine WIDTH="974" HEIGHT="75" ID="p477_t139" HPOS="1299" VPOS="2575"><String ID="p477_w658" CONTENT="We" HPOS="1299" VPOS="2575" WIDTH="68" HEIGHT="75" STYLEREFS="font0"/><SP WIDTH="30" VPOS="2575" HPOS="1367"/><String ID="p477_w659" CONTENT="may" HPOS="1397" VPOS="2575" WIDTH="74" HEIGHT="75" STYLEREFS="font0"/><SP WIDTH="30" VPOS="2575" HPOS="1471"/><String ID="p477_w660" CONTENT="conceive" HPOS="1501" VPOS="2575" WIDTH="148" HEIGHT="75" STYLEREFS="font0"/><SP WIDTH="32" VPOS="2575" HPOS="1649"/><String ID="p477_w661" CONTENT="the" HPOS="1681" VPOS="2575" WIDTH="54" HEIGHT="75" STYLEREFS="font0"/><SP WIDTH="31" VPOS="2575" HPOS="1735"/><String ID="p477_w662" CONTENT="denominator" HPOS="1766" VPOS="2575" WIDTH="221" HEIGHT="75" STYLEREFS="font0"/><SP WIDTH="32" VPOS="2575" HPOS="1987"/><String ID="p477_w663" CONTENT="of" HPOS="2019" VPOS="2575" WIDTH="43" HEIGHT="75" STYLEREFS="font0"/><SP WIDTH="25" VPOS="2575" HPOS="2062"/><String ID="p477_w664" CONTENT="a" HPOS="2087" VPOS="2575" WIDTH="17" HEIGHT="75" STYLEREFS="font0"/><SP WIDTH="31" VPOS="2575" HPOS="2104"/><String ID="p477_w665" CONTENT="decimal" HPOS="2135" VPOS="2575" WIDTH="138" HEIGHT="75" STYLEREFS="font0"/></TextLine><TextLine WIDTH="1025" HEIGHT="75" ID="p477_t140" HPOS="1248" VPOS="2621"><String ID="p477_w666" CONTENT="fradion" HPOS="1248" VPOS="2621" WIDTH="133" HEIGHT="75" STYLEREFS="font0"/><SP WIDTH="16" VPOS="2621" HPOS="1381"/><String ID="p477_w667" CONTENT="to" HPOS="1397" VPOS="2621" WIDTH="35" HEIGHT="75" STYLEREFS="font0"/><SP WIDTH="16" VPOS="2621" HPOS="1432"/><String ID="p477_w668" CONTENT="be" HPOS="1448" VPOS="2621" WIDTH="38" HEIGHT="75" STYLEREFS="font0"/><SP WIDTH="16" VPOS="2621" HPOS="1486"/><String ID="p477_w669" CONTENT="formed" HPOS="1502" VPOS="2621" WIDTH="125" HEIGHT="75" STYLEREFS="font0"/><SP WIDTH="19" VPOS="2621" HPOS="1627"/><String ID="p477_w670" CONTENT="by" HPOS="1646" VPOS="2621" WIDTH="43" HEIGHT="75" STYLEREFS="font0"/><SP WIDTH="24" VPOS="2621" HPOS="1689"/><String ID="p477_w671" CONTENT="dividing" HPOS="1713" VPOS="2621" WIDTH="142" HEIGHT="75" STYLEREFS="font0"/><SP WIDTH="14" VPOS="2621" HPOS="1855"/><String ID="p477_w672" CONTENT="the" HPOS="1869" VPOS="2621" WIDTH="57" HEIGHT="75" STYLEREFS="font0"/><SP WIDTH="21" VPOS="2621" HPOS="1926"/><String ID="p477_w673" CONTENT="unit" HPOS="1947" VPOS="2621" WIDTH="69" HEIGHT="75" STYLEREFS="font0"/><SP WIDTH="14" VPOS="2621" HPOS="2016"/><String ID="p477_w674" CONTENT="into" HPOS="2030" VPOS="2621" WIDTH="70" HEIGHT="75" STYLEREFS="font0"/><SP WIDTH="19" VPOS="2621" HPOS="2100"/><String ID="p477_w675" CONTENT="10" HPOS="2119" VPOS="2621" WIDTH="42" HEIGHT="75" STYLEREFS="font0"/><SP WIDTH="15" VPOS="2621" HPOS="2161"/><String ID="p477_w676" CONTENT="equal" HPOS="2176" VPOS="2621" WIDTH="97" HEIGHT="75" STYLEREFS="font0"/></TextLine><TextLine WIDTH="1022" HEIGHT="75" ID="p477_t141" HPOS="1248" VPOS="2667"><String ID="p477_w677" CONTENT="parts," HPOS="1248" VPOS="2667" WIDTH="99" HEIGHT="75" STYLEREFS="font0"/><SP WIDTH="25" VPOS="2667" HPOS="1347"/><String ID="p477_w678" CONTENT="and" HPOS="1372" VPOS="2667" WIDTH="61" HEIGHT="75" STYLEREFS="font0"/><SP WIDTH="17" VPOS="2667" HPOS="1433"/><String ID="p477_w679" CONTENT="each" HPOS="1450" VPOS="2667" WIDTH="76" HEIGHT="75" STYLEREFS="font0"/><SP WIDTH="17" VPOS="2667" HPOS="1526"/><String ID="p477_w680" CONTENT="of" HPOS="1543" VPOS="2667" WIDTH="42" HEIGHT="75" STYLEREFS="font0"/><SP WIDTH="10" VPOS="2667" HPOS="1585"/><String ID="p477_w681" CONTENT="thefe" HPOS="1595" VPOS="2667" WIDTH="87" HEIGHT="75" STYLEREFS="font0"/><SP WIDTH="16" VPOS="2667" HPOS="1682"/><String ID="p477_w682" CONTENT="parts" HPOS="1698" VPOS="2667" WIDTH="86" HEIGHT="75" STYLEREFS="font0"/><SP WIDTH="16" VPOS="2667" HPOS="1784"/><String ID="p477_w683" CONTENT="into" HPOS="1800" VPOS="2667" WIDTH="68" HEIGHT="75" STYLEREFS="font0"/><SP WIDTH="24" VPOS="2667" HPOS="1868"/><String ID="p477_w684" CONTENT="10" HPOS="1892" VPOS="2667" WIDTH="41" HEIGHT="75" STYLEREFS="font0"/><SP WIDTH="18" VPOS="2667" HPOS="1933"/><String ID="p477_w685" CONTENT="other" HPOS="1951" VPOS="2667" WIDTH="94" HEIGHT="75" STYLEREFS="font0"/><SP WIDTH="15" VPOS="2667" HPOS="2045"/><String ID="p477_w686" CONTENT="equal" HPOS="2060" VPOS="2667" WIDTH="94" HEIGHT="75" STYLEREFS="font0"/><SP WIDTH="15" VPOS="2667" HPOS="2154"/><String ID="p477_w687" CONTENT="parts," HPOS="2169" VPOS="2667" WIDTH="101" HEIGHT="75" STYLEREFS="font0"/></TextLine><TextLine WIDTH="1022" HEIGHT="75" ID="p477_t142" HPOS="1247" VPOS="2713"><String ID="p477_w688" CONTENT="each" HPOS="1247" VPOS="2713" WIDTH="77" HEIGHT="75" STYLEREFS="font0"/><SP WIDTH="17" VPOS="2713" HPOS="1324"/><String ID="p477_w689" CONTENT="of" HPOS="1341" VPOS="2713" WIDTH="39" HEIGHT="75" STYLEREFS="font0"/><SP WIDTH="18" VPOS="2713" HPOS="1380"/><String ID="p477_w690" CONTENT="thefe" HPOS="1398" VPOS="2713" WIDTH="88" HEIGHT="75" STYLEREFS="font0"/><SP WIDTH="11" VPOS="2713" HPOS="1486"/><String ID="p477_w691" CONTENT="again" HPOS="1497" VPOS="2713" WIDTH="90" HEIGHT="75" STYLEREFS="font0"/><SP WIDTH="16" VPOS="2713" HPOS="1587"/><String ID="p477_w692" CONTENT="into" HPOS="1603" VPOS="2713" WIDTH="70" HEIGHT="75" STYLEREFS="font0"/><SP WIDTH="16" VPOS="2713" HPOS="1673"/><String ID="p477_w693" CONTENT="10" HPOS="1689" VPOS="2713" WIDTH="41" HEIGHT="75" STYLEREFS="font0"/><SP WIDTH="10" VPOS="2713" HPOS="1730"/><String ID="p477_w694" CONTENT="other" HPOS="1740" VPOS="2713" WIDTH="96" HEIGHT="75" STYLEREFS="font0"/><SP WIDTH="16" VPOS="2713" HPOS="1836"/><String ID="p477_w695" CONTENT="equal" HPOS="1852" VPOS="2713" WIDTH="94" HEIGHT="75" STYLEREFS="font0"/><SP WIDTH="16" VPOS="2713" HPOS="1946"/><String ID="p477_w696" CONTENT="parts," HPOS="1962" VPOS="2713" WIDTH="99" HEIGHT="75" STYLEREFS="font0"/><SP WIDTH="26" VPOS="2713" HPOS="2061"/><String ID="p477_w697" CONTENT="and" HPOS="2087" VPOS="2713" WIDTH="61" HEIGHT="75" STYLEREFS="font0"/><SP WIDTH="15" VPOS="2713" HPOS="2148"/><String ID="p477_w698" CONTENT="fo" HPOS="2163" VPOS="2713" WIDTH="35" HEIGHT="75" STYLEREFS="font0"/><SP WIDTH="16" VPOS="2713" HPOS="2198"/><String ID="p477_w699" CONTENT="on," HPOS="2214" VPOS="2713" WIDTH="55" HEIGHT="75" STYLEREFS="font0"/></TextLine><TextLine WIDTH="1023" HEIGHT="75" ID="p477_t143" HPOS="1247" VPOS="2759"><String ID="p477_w700" CONTENT="as" HPOS="1247" VPOS="2759" WIDTH="32" HEIGHT="75" STYLEREFS="font0"/><SP WIDTH="17" VPOS="2759" HPOS="1279"/><String ID="p477_w701" CONTENT="far" HPOS="1296" VPOS="2759" WIDTH="51" HEIGHT="75" STYLEREFS="font0"/><SP WIDTH="18" VPOS="2759" HPOS="1347"/><String ID="p477_w702" CONTENT="as" HPOS="1365" VPOS="2759" WIDTH="35" HEIGHT="75" STYLEREFS="font0"/><SP WIDTH="14" VPOS="2759" HPOS="1400"/><String ID="p477_w703" CONTENT="neceffary" HPOS="1414" VPOS="2759" WIDTH="157" HEIGHT="75" STYLEREFS="font0"/><SP WIDTH="16" VPOS="2759" HPOS="1571"/><String ID="p477_w704" CONTENT=";" HPOS="1587" VPOS="2759" WIDTH="10" HEIGHT="75" STYLEREFS="font0"/><SP WIDTH="27" VPOS="2759" HPOS="1597"/><String ID="p477_w705" CONTENT="and" HPOS="1624" VPOS="2759" WIDTH="62" HEIGHT="75" STYLEREFS="font0"/><SP WIDTH="21" VPOS="2759" HPOS="1686"/><String ID="p477_w706" CONTENT="hence" HPOS="1707" VPOS="2759" WIDTH="99" HEIGHT="75" STYLEREFS="font0"/><SP WIDTH="27" VPOS="2759" HPOS="1806"/><String ID="p477_w707" CONTENT="a" HPOS="1833" VPOS="2759" WIDTH="19" HEIGHT="75" STYLEREFS="font0"/><SP WIDTH="27" VPOS="2759" HPOS="1852"/><String ID="p477_w708" CONTENT="decimal" HPOS="1879" VPOS="2759" WIDTH="133" HEIGHT="75" STYLEREFS="font0"/><SP WIDTH="27" VPOS="2759" HPOS="2012"/><String ID="p477_w709" CONTENT="fradion" HPOS="2039" VPOS="2759" WIDTH="135" HEIGHT="75" STYLEREFS="font0"/><SP WIDTH="27" VPOS="2759" HPOS="2174"/><String ID="p477_w710" CONTENT="will" HPOS="2201" VPOS="2759" WIDTH="69" HEIGHT="75" STYLEREFS="font0"/></TextLine><TextLine WIDTH="1024" HEIGHT="81" ID="p477_t144" HPOS="1247" VPOS="2806"><String ID="p477_w711" CONTENT="always" HPOS="1247" VPOS="2806" WIDTH="116" HEIGHT="75" STYLEREFS="font0"/><SP WIDTH="16" VPOS="2806" HPOS="1363"/><String ID="p477_w712" CONTENT="be" HPOS="1379" VPOS="2806" WIDTH="40" HEIGHT="75" STYLEREFS="font0"/><SP WIDTH="16" VPOS="2806" HPOS="1419"/><String ID="p477_w713" CONTENT="fo" HPOS="1435" VPOS="2806" WIDTH="34" HEIGHT="75" STYLEREFS="font0"/><SP WIDTH="17" VPOS="2806" HPOS="1469"/><String ID="p477_w714" CONTENT="many" HPOS="1486" VPOS="2806" WIDTH="93" HEIGHT="75" STYLEREFS="font0"/><SP WIDTH="15" VPOS="2806" HPOS="1579"/><String ID="p477_w715" CONTENT="tenths," HPOS="1594" VPOS="2806" WIDTH="119" HEIGHT="75" STYLEREFS="font0"/><SP WIDTH="25" VPOS="2806" HPOS="1713"/><String ID="p477_w716" CONTENT="or" HPOS="1738" VPOS="2806" WIDTH="38" HEIGHT="75" STYLEREFS="font0"/><SP WIDTH="16" VPOS="2806" HPOS="1776"/><String ID="p477_w717" CONTENT="fo" HPOS="1792" VPOS="2806" WIDTH="33" HEIGHT="75" STYLEREFS="font0"/><SP WIDTH="17" VPOS="2806" HPOS="1825"/><String ID="p477_w718" CONTENT="many" HPOS="1842" VPOS="2806" WIDTH="94" HEIGHT="75" STYLEREFS="font0"/><SP WIDTH="23" VPOS="2806" HPOS="1936"/><String ID="p477_w719" CONTENT="tenths" HPOS="1959" VPOS="2806" WIDTH="107" HEIGHT="75" STYLEREFS="font0"/><SP WIDTH="25" VPOS="2806" HPOS="2066"/><String ID="p477_w720" CONTENT="of" HPOS="2091" VPOS="2806" WIDTH="41" HEIGHT="75" STYLEREFS="font0"/><SP WIDTH="18" VPOS="2806" HPOS="2132"/><String ID="p477_w721" CONTENT="T" HPOS="2150" VPOS="2838" WIDTH="17" HEIGHT="49" STYLEREFS="font2"/><String ID="p477_w722" CONTENT="'," HPOS="2167" VPOS="2806" WIDTH="39" HEIGHT="75" STYLEREFS="font0"/><SP WIDTH="25" VPOS="2806" HPOS="2206"/><String ID="p477_w723" CONTENT="or" HPOS="2231" VPOS="2806" WIDTH="40" HEIGHT="75" STYLEREFS="font0"/></TextLine><TextLine WIDTH="1026" HEIGHT="75" ID="p477_t145" HPOS="1245" VPOS="2852"><String ID="p477_w724" CONTENT="fo" HPOS="1245" VPOS="2852" WIDTH="34" HEIGHT="75" STYLEREFS="font0"/><SP WIDTH="24" VPOS="2852" HPOS="1279"/><String ID="p477_w725" CONTENT="many" HPOS="1303" VPOS="2852" WIDTH="93" HEIGHT="75" STYLEREFS="font0"/><SP WIDTH="19" VPOS="2852" HPOS="1396"/><String ID="p477_w726" CONTENT="tenths" HPOS="1415" VPOS="2852" WIDTH="105" HEIGHT="75" STYLEREFS="font0"/><SP WIDTH="18" VPOS="2852" HPOS="1520"/><String ID="p477_w727" CONTENT="of" HPOS="1538" VPOS="2852" WIDTH="40" HEIGHT="75" STYLEREFS="font0"/><SP WIDTH="9" VPOS="2852" HPOS="1578"/><String ID="p477_w728" CONTENT="-Ay" HPOS="1587" VPOS="2852" WIDTH="49" HEIGHT="75" STYLEREFS="font0"/><SP WIDTH="15" VPOS="2852" HPOS="1636"/><String ID="p477_w729" CONTENT="of" HPOS="1651" VPOS="2852" WIDTH="40" HEIGHT="75" STYLEREFS="font0"/><SP WIDTH="96" VPOS="2852" HPOS="1691"/><String ID="p477_w730" CONTENT="&lt;bc.;" HPOS="1787" VPOS="2852" WIDTH="87" HEIGHT="75" STYLEREFS="font0"/><SP WIDTH="27" VPOS="2852" HPOS="1874"/><String ID="p477_w731" CONTENT="and" HPOS="1901" VPOS="2852" WIDTH="61" HEIGHT="75" STYLEREFS="font0"/><SP WIDTH="27" VPOS="2852" HPOS="1962"/><String ID="p477_w732" CONTENT="by" HPOS="1989" VPOS="2852" WIDTH="43" HEIGHT="75" STYLEREFS="font0"/><SP WIDTH="16" VPOS="2852" HPOS="2032"/><String ID="p477_w733" CONTENT="reducing" HPOS="2048" VPOS="2852" WIDTH="150" HEIGHT="75" STYLEREFS="font0"/><SP WIDTH="16" VPOS="2852" HPOS="2198"/><String ID="p477_w734" CONTENT="the" HPOS="2214" VPOS="2852" WIDTH="57" HEIGHT="75" STYLEREFS="font0"/></TextLine><TextLine WIDTH="1024" HEIGHT="75" ID="p477_t146" HPOS="1246" VPOS="2899"><String ID="p477_w735" CONTENT="compound" HPOS="1246" VPOS="2899" WIDTH="178" HEIGHT="75" STYLEREFS="font0"/><SP WIDTH="19" VPOS="2899" HPOS="1424"/><String ID="p477_w736" CONTENT="fradion" HPOS="1443" VPOS="2899" WIDTH="134" HEIGHT="75" STYLEREFS="font0"/><SP WIDTH="16" VPOS="2899" HPOS="1577"/><String ID="p477_w737" CONTENT="to" HPOS="1593" VPOS="2899" WIDTH="35" HEIGHT="75" STYLEREFS="font0"/><SP WIDTH="13" VPOS="2899" HPOS="1628"/><String ID="p477_w738" CONTENT="a" HPOS="1641" VPOS="2899" WIDTH="16" HEIGHT="75" STYLEREFS="font0"/><SP WIDTH="13" VPOS="2899" HPOS="1657"/><String ID="p477_w739" CONTENT="fimple" HPOS="1670" VPOS="2899" WIDTH="106" HEIGHT="75" STYLEREFS="font0"/><SP WIDTH="16" VPOS="2899" HPOS="1776"/><String ID="p477_w740" CONTENT="one," HPOS="1792" VPOS="2899" WIDTH="73" HEIGHT="75" STYLEREFS="font0"/><SP WIDTH="25" VPOS="2899" HPOS="1865"/><String ID="p477_w741" CONTENT="we" HPOS="1890" VPOS="2899" WIDTH="49" HEIGHT="75" STYLEREFS="font0"/><SP WIDTH="16" VPOS="2899" HPOS="1939"/><String ID="p477_w742" CONTENT="have" HPOS="1955" VPOS="2899" WIDTH="79" HEIGHT="75" STYLEREFS="font0"/><SP WIDTH="16" VPOS="2899" HPOS="2034"/><String ID="p477_w743" CONTENT="the" HPOS="2050" VPOS="2899" WIDTH="55" HEIGHT="75" STYLEREFS="font0"/><SP WIDTH="16" VPOS="2899" HPOS="2105"/><String ID="p477_w744" CONTENT="decimal." HPOS="2121" VPOS="2899" WIDTH="149" HEIGHT="75" STYLEREFS="font0"/></TextLine><TextLine WIDTH="566" HEIGHT="75" ID="p477_t147" HPOS="1243" VPOS="2945"><String ID="p477_w745" CONTENT="Thus," HPOS="1243" VPOS="2945" WIDTH="107" HEIGHT="75" STYLEREFS="font0"/><SP WIDTH="24" VPOS="2945" HPOS="1350"/><String ID="p477_w746" CONTENT="A" HPOS="1374" VPOS="2945" WIDTH="48" HEIGHT="75" STYLEREFS="font0"/><SP WIDTH="16" VPOS="2945" HPOS="1422"/><String ID="p477_w747" CONTENT="of" HPOS="1438" VPOS="2945" WIDTH="40" HEIGHT="75" STYLEREFS="font0"/><SP WIDTH="9" VPOS="2945" HPOS="1478"/><String ID="p477_w748" CONTENT="Ay" HPOS="1487" VPOS="2945" WIDTH="48" HEIGHT="75" STYLEREFS="font0"/><SP WIDTH="15" VPOS="2945" HPOS="1535"/><String ID="p477_w749" CONTENT="of" HPOS="1550" VPOS="2945" WIDTH="41" HEIGHT="75" STYLEREFS="font0"/><SP WIDTH="9" VPOS="2945" HPOS="1591"/><String ID="p477_w750" CONTENT="-j" HPOS="1600" VPOS="2945" WIDTH="16" HEIGHT="75" STYLEREFS="font0"/><String ID="p477_w751" CONTENT="-j" HPOS="1616" VPOS="2945" WIDTH="24" HEIGHT="75" STYLEREFS="font0"/><String ID="p477_w752" CONTENT="-" HPOS="1640" VPOS="2945" WIDTH="8" HEIGHT="75" STYLEREFS="font0"/><SP WIDTH="8" VPOS="2945" HPOS="1648"/><String ID="p477_w753" CONTENT="=" HPOS="1656" VPOS="2945" WIDTH="37" HEIGHT="75" STYLEREFS="font0"/><SP WIDTH="10" VPOS="2945" HPOS="1693"/><String ID="p477_w754" CONTENT="t'A'u-" HPOS="1703" VPOS="2945" WIDTH="106" HEIGHT="75" STYLEREFS="font0"/></TextLine><TextLine WIDTH="51" HEIGHT="75" ID="p477_t148" HPOS="2218" VPOS="3000"><String ID="p477_w755" CONTENT="Or" HPOS="2218" VPOS="3000" WIDTH="51" HEIGHT="75" STYLEREFS="font0"/></TextLine></PrintSpace></Page></Layout></alto>