2428 3377
138 137 101 75 Part
257 137 70 75 III.

709 137 42 75 A
867 137 41 75 N
1028 137 41 75 A

137 201 189 75 diftributed
339 201 37 75 to
398 201 61 75 the'
459 201 218 75 petioftetifm,
703 201 63 75 and
791 201 259 75 penetrates'the
1073 201 95 75 bone,

138 246 144 75 between
298 246 55 75 the
368 246 159 75 mufculus
543 246 174 75 brachiaeus
742 246 63 75 and
831 246 166 75 anconasus
1014 246 155 75 internus.

189 293 110 75 About
323 293 38 75 an
385 293 73 75 inch
486 293 111 75 lower,
629 293 25 75 it
683 293 86 75 gives
798 293 52 75 off
875 293 135 75 another
1037 293 133 75 branch,

138 339 106 75 which
260 339 118 75 having
393 339 161 75 furnifhed
569 339 224 75 ramifications
811 339 34 75 to
862 339 55 75 the
941 339 165 75 anconaeus
1123 339 47 75 in-

138 386 122 75 ternus,
286 386 73 75 runs
376 386 77 75 over
470 386 55 75 the
550 386 89 75 inner
663 386 148 75 condyle,
836 386 63 75 and
923 386 139 75 likewife
1084 386 87 75 com-

138 433 175 75 municates
330 433 80 75 with
422 433 156 75 branches
595 433 39 75 of
656 433 54 75 the
722 433 132 75 arteries
871 433 41 75 of
931 433 54 75 the
1001 433 169 75 fore-arm.

187 478 129 75 Having
331 478 57 75 got
404 478 105 75 below
521 478 54 75 the
592 478 119 75 middle
729 478 39 75 of
781 478 53 75 the
851 478 80 75 arm,
956 478 55 75 the
1028 478 142 75 brachial

139 525 108 75 attery
270 525 152 75 detaches
448 525 133 75 another
605 525 136 75 branch,
767 525 103 75 which
888 525 74 75 runs
981 525 117 75 behind
1115 525 55 75 the

137 570 91 75 inner
250 570 150 75 condyle,
424 570 33 75 in
482 570 157 75 company
663 570 77 75 with
766 570 20 75 a
808 570 212 75 confiderable
1048 570 119 75 nerve;

138 616 63 75 and
224 616 118 75 having
358 616 105 75 paffed
480 616 76 75 over
573 616 56 75 the
652 616 132 75 mufcles
809 616 136 75 inferred
965 616 30 75 in
1013 616 65 75 this
1095 616 75 75 con-

139 663 88 75 dyle,
252 663 26 75 it
303 663 244 75 communicates
574 663 78 75 with
676 663 71 75 that
771 663 119 75 branch
915 663 40 75 of
974 663 55 75 the
1053 663 119 75 cubital

141 708 108 75 artery
265 708 105 75 which
388 708 209 75 encompaffes
611 708 55 75 the
683 708 70 75 fold
769 708 41 75 of
829 708 55 75 the
902 708 80 75 arm.

187 755 32 75 A
235 755 84 75 little
335 755 111 75 lower,
470 755 25 75 it
512 755 179 75 fometimes
708 755 90 75 fends
815 755 59 75 out
886 755 135 75 another
1036 755 132 75 branch,

139 800 105 75 which
262 800 98 75 paffes
376 800 43 75 on
436 800 54 75 the
508 800 148 75 fore-fide
681 800 41 75 of
741 800 55 75 the
820 800 90 75 inner
933 800 149 75 condyle,
1107 800 63 75 and

138 847 76 75 then
228 847 246 75 communicates
491 847 78 75 with
587 847 18 75 a
616 847 120 75 branch
750 847 105 75 which
872 847 75 75 runs
960 847 41 75 up
1014 847 84 75 from
1115 847 61 75 the'

138 894 116 75 cubital
272 894 120 75 artery.
432 894 108 75 Thefe
557 894 91 75 three
664 894 267 75 communicating
944 894 154 75 branches
1117 894 52 75 are

137 939 125 75 termed
277 939 174 75 collateral
466 939 155 75 arteries.

185 985 76 75 The
288 985 148 75 common
463 985 98 75 trunk
589 985 40 75 of
656 985 55 75 the
738 985 143 75 brachial
913 985 108 75 artery
1052 985 118 75 having

138 1031 137 75 reached
287 1031 55 75 the
359 1031 69 75 fold
445 1031 40 75 of
503 1031 56 75 the
576 1031 79 75 arm,
682 1031 87 75 runs,
796 1031 148 75 together
960 1031 79 75 with
1063 1031 17 75 a
1099 1031 68 75 vein

138 1077 65 75 and
218 1077 19 75 a
253 1077 108 75 nerve,
386 1077 216 75 immediately
626 1077 101 75 under
750 1077 56 75 the
830 1077 199 75 aponeurofis
1054 1077 40 75 of
1113 1077 55 75 the

139 1124 118 75 biceps,
284 1124 62 75 and
373 1124 100 75 paffes
500 1124 103 75 under
626 1124 56 75 the
704 1124 79 75 vena
808 1124 155 75 mediana,
997 1124 171 75 detaching

137 1170 156 75 branches
310 1170 40 75 on
368 1170 78 75 each
463 1170 63 75 fide
543 1170 34 75 to
594 1170 55 75 the
666 1170 233 75 neighbouring
915 1170 146 75 mufdes.

184 1215 113 75 About
314 1215 18 75 a
350 1215 88 75 large
454 1215 127 75 finger’s
599 1215 134 75 breadth
750 1215 128 75 beyond
897 1215 54 75 the
967 1215 71 75 fold
1053 1215 41 75 of
1114 1215 54 75 the

137 1261 81 75 arm,
243 1261 65 75 this
325 1261 107 75 artery
448 1261 121 75 divides
587 1261 69 75 into
672 1261 65 75 two
753 1261 152 75 principal
923 1261 167 75 branches,
1108 1261 61 75 one

137 1307 90 75 inner
243 1307 36 75 or
296 1307 166 75 pofferior,
487 1307 113 75 named
618 1307 174 75 cubitalis;
819 1307 56 75 the
899 1307 95 75 other
1018 1307 92 75 outer
1132 1307 38 75 or

139 1352 152 75 anterior,
317 1352 114 75 named
449 1352 151 75 radialis.

187 1399 98 75 From
318 1399 64 75 this
414 1399 205 75 bifurcation,
661 1399 54 75 the
755 1399 138 75 brachial
936 1399 106 75 artery
1077 1399 91 75 fends

139 1445 154 75 branches
310 1445 42 75 on
368 1445 77 75 each
466 1445 77 75 fide,
568 1445 35 75 to
619 1445 55 75 the
691 1445 160 75 fupinator
867 1445 125 75 longus,
1018 1445 152 75 pronator

139 1491 96 75 teres,
261 1491 59 75 fat,
346 1491 62 75 and
420 1491 82 75 Ikin.
551 1491 33 75 It
599 1491 193 75 fometimes,
815 1491 124 75 though
957 1491 76 75 very
1050 1491 118 75 rarely,

138 1537 152 75 happens,
316 1537 69 75 that
406 1537 64 75 this
491 1537 107 75 artery
620 1537 26 75 is
671 1537 129 75 divided
822 1537 83 75 from
923 1537 40 75 its
981 1537 103 75 origin
1100 1537 70 75 into

138 1583 67 75 two
221 1583 87 75 large
325 1583 168 75 branches,
511 1583 104 75 which
632 1583 59 75 run
708 1583 94 75 down
821 1583 40 75 on
879 1583 54 75 the
947 1583 79 75 arm,
1044 1583 62 75 and
1122 1583 48 75 af-

137 1630 157 75 terwards
320 1630 41 75 on
389 1630 54 75 the
469 1630 167 75 fore-arm,
663 1630 105 75 where
791 1630 76 75 they
884 1630 81 75 have
990 1630 53 75 the
1061 1630 106 75 names

138 1676 40 75 of
198 1676 87 75 cubit
287 1676 65 75 alis
370 1676 63 75 and
450 1676 150 75 radialis.

185 1722 76 75 The
277 1722 117 75 cubital
413 1722 107 75 artery
539 1722 130 75 finks-in
692 1722 145 75 between
862 1722 55 75 the
939 1722 75 75 ulna
1031 1722 62 75 and
1113 1722 55 75 the

137 1766 100 75 upper
261 1766 87 75 parts
373 1766 40 75 of
441 1766 54 75 the
520 1766 152 75 pronator
698 1766 98 75 teres,
826 1766 192 75 perforatus,
1049 1766 119 75 ulnaris

136 1813 139 75 gracilis,
302 1813 62 75 and
381 1813 126 75 radialis
525 1813 163 75 internus;
715 1813 76 75 then
808 1813 127 75 leaving
950 1813 56 75 the
1024 1813 93 75 bone,
1143 1813 24 75 it

136 1859 76 75 runs
228 1859 95 75 down
342 1859 143 75 between
508 1859 54 75 the
581 1859 178 75 perforatus
783 1859 62 75 and
868 1859 117 75 ulnaris
1011 1859 155 75 intemus,

137 1906 42 75 all
197 1906 54 75 the
268 1906 71 75 way
355 1906 34 75 to
406 1906 56 75 the
485 1906 112 75 carpus
615 1906 62 75 and
693 1906 89 75 great
806 1906 173 75 tranfyerfe
1001 1906 165 75 ligament,

136 1951 61 75 and
214 1951 90 75 fends
318 1951 56 75 out
390 1951 117 75 feveral
527 1951 167 75 branches.

181 1998 77 75 The
275 1998 63 75 firft
353 1998 27 75 is
398 1998 18 75 a
432 1998 88 75 fmall
543 1998 120 75 artery,
688 1998 105 75 which
819 1998 73 75 runs
915 1998 120 75 inward
1060 1998 35 75 to
1111 1998 55 75 the

135 2042 90 75 inner
242 2042 147 75 condyle,
415 2042 60 75 and
494 2042 76 75 then
587 2042 88 75 turns
689 2042 142 75 upward,
857 2042 64 75 like
936 2042 19 75 a
971 2042 77 75 kind
1064 2042 41 75 of
1116 2042 50 75 re-

135 2087 140 75 current,
300 2087 37 75 to
363 2087 232 75 communicate
618 2087 42 75 by
683 2087 119 75 feveral
825 2087 156 75 branches
1007 2087 78 75 with
1110 2087 55 75 the

135 2135 163 75 collateral
327 2135 130 75 arteries
486 2135 39 75 of
543 2135 55 75 the
624 2135 79 75 arm,
729 2135 130 75 already
883 2135 194 75 mentioned,
1103 2135 62 75 arid

133 2181 208 75 particularly
357 2181 77 75 with
453 2181 54 75 the
524 2181 100 75 third.
673 2181 32 75 A
724 2181 84 75 little
831 2181 101 75 lower
956 2181 106 75 down,
1088 2181 76 75 ano-

132 2227 75 75 ther
221 2227 88 75 fmall
326 2227 121 75 branch
464 2227 75 75 goes
557 2227 58 75 off,
642 2227 104 75 which
763 2227 117 75 having
908 2227 57 75 run
991 2227 132 75 upward
1145 2227 19 75 a

131 2273 85 75 little
233 2273 82 75 way,
341 2273 62 75 and
422 2273 110 75 almoft
549 2273 197 75 furrounded
763 2273 54 75 the
838 2273 213 75 articulation,
1077 2273 87 75 com-

131 2320 174 75 municates
330 2320 77 75 with
433 2320 54 75 the
503 2320 118 75 fecond
645 2320 164 75 collateral
827 2320 106 75 artery
951 2320 39 75 of
1009 2320 55 75 the
1079 2320 83 75 arm,

131 2366 143 75 between
291 2366 55 75 the
363 2366 181 75 olecranum
561 2366 62 75 and
639 2366 90 75 inner
744 2366 150 75 condyle.

177 2413 217 75 Afterwards,
419 2413 56 75 the
498 2413 119 75 cubital
641 2413 106 75 artery
770 2413 129 75 having,
924 2413 32 75 in
984 2413 41 75 its
1053 2413 65 75 cou'
1118 2413 45 75 rfe

129 2459 143 75 between
296 2459 56 75 the
374 2459 98 75 heads
497 2459 41 75 of
557 2459 55 75 the
635 2459 75 75 ulna
727 2459 61 75 and
806 2459 120 75 radius,
951 2459 138 75 reached
1105 2459 56 75 the

129 2505 206 75 interoffeous
351 2505 182 75 ligaments,
558 2505 90 75 fends
665 2505 52 75 off
735 2505 66 75 two
820 2505 154 75 principal
991 2505 169 75 branches,

129 2551 61 75 one
213 2551 148 75 internal,
386 2551 56 75 the
459 2551 94 75 other
569 2551 156 75 external,
751 2551 105 75 called
876 2551 56 75 the
954 2551 207 75 interoffeous

129 2597 132 75 arteries
274 2597 41 75 of
333 2597 55 75 the
406 2597 165 75 fore-arm.

175 2642 76 75 Tire
275 2642 146 75 external
439 2642 107 75 artery
561 2642 121 75 pierces
698 2642 55 75 the
777 2642 152 75 ligament
947 2642 98 75 about
1068 2642 91 75 three

127 2688 116 75 fingers
260 2688 136 75 breadth
414 2688 104 75 below
541 2688 55 75 the
613 2688 214 75 articulation,
853 2688 60 75 and
936 2688 159 75 prefently
1111 2688 47 75 af-

127 2734 155 75 terwards
296 2734 86 75 gives
394 2734 53 75 off
458 2734 19 75 a
488 2734 133 75 branch,
648 2734 105 75 which
768 2734 75 75 runs
859 2734 55 75 up,
939 2734 65 75 like
1017 2734 18 75 a
1052 2734 104 75 recur-

127 2778 85 75 rent,
237 2778 123 75 toward
377 2778 56 75 the
450 2778 145 75 external
613 2778 136 75 condyle
761 2778 40 75 of
820 2778 54 75 the
891 2778 37 75 os
939 2778 136 75 humeri,
1099 2778 58 75 un-

128 2823 57 75 der
201 2823 55 75 the
272 2823 118 75 utnaris
408 2823 151 75 externus
575 2823 63 75 and
650 2823 337 75 anco.nsaus,minimus,
1005 2823 34 75 to
1053 2823 104 75 which

126 2869 27 75 it
170 2869 26 75 is
214 2869 197 75 diftributed,
438 2869 33 75 as
487 2869 65 75 alfo
568 2869 34 75 to
621 2869 54 75 the
688 2869 159 75 fupinator
863 2869 117 75 brevis.

173 2917 199 75 Afterward,
390 2917 64 75 this
472 2917 143 75 external
627 2917 205 75 interoffeous
850 2917 107 75 artery
970 2917 75 75 runs
1059 2917 95 75 down

128 2964 40 75 on
186 2964 55 75 the
257 2964 119 75 outfide
393 2964 40 75 of
453 2964 53 75 die
521 2964 164 75 ligament,
711 2964 61 75 and
787 2964 27 75 is
832 2964 188 75 diftributed
1043 2964 33 75 to
1101 2964 53 75 the

1188 131 38 75 T
1342 131 41 75 O
1499 131 49 75 M
1663 131 54 75 Y.

2178 131 77 75 231

1222 197 117 75 ulnaris
1356 197 164 75 externus,
1546 197 152 75 extenfor
1721 197 175 75 digitorum
1920 197 189 75 communis,
2135 197 63 75 and
2222 197 39 75 to

1221 243 56 75 the
1293 243 184 75 extenfores
1494 243 124 75 pollicis
1631 243 113 75 indicis
1757 243 63 75 and
1836 243 121 75 minimi
1973 243 114 75 digiti;
2114 243 143 75 commu-

1221 289 141 75 nicating
1378 289 79 75 with
1479 289 86 75 fome
1590 289 155 75 branches
1763 289 39 75 of
1821 289 56 75 the
1893 289 136 75 internal
2045 289 211 75 interoffeous

1225 335 119 75 artery.

1269 382 128 75 Having
1410 382 136 75 reached
1561 382 56 75 the
1634 382 102 75 lower
1751 382 175 75 extremity
1938 382 41 75 of
1997 382 55 75 the
2068 382 88 75 ulna,
2181 382 26 75 it
2219 382 37 75 u-

1222 428 81 75 nites
1321 428 78 75 with
1417 428 20 75 a
1458 428 120 75 branch
1603 428 41 75 of
1662 428 56 75 the
1745 428 136 75 internal
1904 428 205 75 interoffeous
2135 428 120 75 artery,

1222 474 118 75 which,
1364 474 36 75 at
1417 474 63 75 this
1498 474 103 75 place,
1627 474 75 75 runs
1720 474 84 75 from
1820 474 113 75 within
1959 474 158 75 outward,
2145 474 61 75 and
2230 474 26 75 is

1222 521 199 75 diftributed,
1446 521 150 75 together
1611 521 79 75 with
1706 521 38 75 it,
1771 521 41 75 on
1829 521 56 75 the
1902 521 125 75 convex
2055 521 64 75 fide
2142 521 40 75 of
2201 521 55 75 the

1222 567 111 75 carpus
1350 567 62 75 and
1437 567 79 75 back
1542 567 39 75 of
1600 567 55 75 the
1680 567 107 75 hand;
1814 567 268 75 communicating
2104 567 78 75 with
2200 567 55 75 the

1222 613 116 75 arteria
1352 613 141 75 radialis,
1519 613 62 75 and
1596 613 78 75 with
1688 613 19 75 a
1723 613 120 75 branch
1860 613 39 75 of
1918 613 55 75 the
1987 613 164 75 cubitalis.

1269 660 52 75 By
1344 660 87 75 thefe
1455 660 297 75 communications,
1778 660 64 75 this
1860 660 106 75 artery
1987 660 100 75 forms
2104 660 19 75 a
2138 660 66 75 fort
2220 660 40 75 of

1220 706 156 75 irregular
1400 706 88 75 arch,
1514 706 85 75 from
1623 706 130 75 whence
1777 706 155 75 branches
1958 706 53 75 are
2034 706 159 75 detached
2220 706 36 75 to

1220 751 54 75 the
1291 751 147 75 external
1454 751 205 75 interoffeous
1675 751 146 75 mufcles,
1846 751 64 75 and
1927 751 34 75 to
1978 751 55 75 the
2045 751 146 75 external
2207 751 47 75 la-

1221 797 80 75 teral
1320 797 86 75 parts
1423 797 41 75 of
1483 797 55 75 the
1554 797 131 75 fingers.

1265 844 78 75 The
1357 844 140 75 internal
1517 844 209 75 interoffeous
1751 844 108 75 artery
1874 844 74 75 runs
1965 844 96 75 down
2077 844 79 75 very
2172 844 83 75 dole

1220 890 33 75 to
1271 890 55 75 the
1341 890 164 75 ligament,
1532 890 48 75 till
1599 890 25 75 it
1644 890 130 75 reaches
1793 890 104 75 below
1916 890 55 75 the
1984 890 151 75 pronator
2152 890 99 75 teres,

1217 937 145 75 between
1379 937 105 75 which
1502 937 62 75 and
1579 937 55 75 the
1646 937 152 75 pronator
1815 937 188 75 quadrates,
2029 937 25 75 it
2072 937 180 75 perforates

1219 983 54 75 the
1289 983 165 75 ligament,
1480 983 63 75 and
1559 983 77 75 goes
1658 983 34 75 to
1709 983 54 75 the
1780 983 125 75 convex
1921 983 64 75 fide
2001 983 41 75 of
2060 983 55 75 the
2138 983 114 75 carpus

1218 1031 66 75 and
1296 1031 80 75 back
1392 1031 41 75 of
1452 1031 55 75 the
1524 1031 98 75 hand,
1648 1031 108 75 where
1779 1031 25 75 it
1828 1031 247 75 communicates
2093 1031 77 75 with
2196 1031 56 75 the

1218 1076 144 75 external
1379 1076 206 75 interoffeous
1603 1076 118 75 artery,
1746 1076 79 75 with
1844 1076 54 75 the
1923 1076 127 75 radialis
2074 1076 62 75 and
2152 1076 99 75 inter-

1218 1122 50 75 nal
1286 1122 154 75 branches
1458 1122 39 75 of
1517 1122 55 75 the
1589 1122 160 75 cubitalis.

1265 1169 97 75 From
1380 1169 54 75 the
1451 1169 104 75 origin
1567 1169 41 75 of
1626 1169 55 75 the
1694 1169 65 75 two
1775 1169 188 75 interoffese,
1988 1169 56 75 the
2062 1169 118 75 cubital
2199 1169 50 75 ar-

1217 1215 72 75 tery
1303 1215 75 75 runs
1396 1215 96 75 down
1518 1215 144 75 between
1685 1215 55 75 the
1765 1215 193 75 perforatus,
1984 1215 178 75 perforans,
2188 1215 63 75 and

1218 1261 116 75 ulnaris
1352 1261 153 75 internus,
1531 1261 95 75 along
1643 1261 55 75 the
1715 1261 88 75 ulna,
1826 1261 130 75 fending
1969 1261 154 75 branches
2140 1261 35 75 to
2193 1261 58 75 the

1218 1308 230 75 neighbouring
1460 1308 99 75 parts.

1264 1353 198 75 Afterward,
1488 1353 25 75 it
1534 1353 96 75 paffes
1647 1353 76 75 over
1740 1353 54 75 the
1815 1353 135 75 interna!
1977 1353 175 75 tranfverfe
2169 1353 81 75 liga-

1217 1400 86 75 ment
1320 1400 40 75 of
1379 1400 54 75 the
1450 1400 126 75 carpus,
1600 1400 44 75 by
1659 1400 56 75 the
1732 1400 64 75 fide
1811 1400 40 75 of
1866 1400 55 75 the
1939 1400 35 75 cs
1990 1400 172 75 pififorme,
2188 1400 64 75 and

1216 1445 116 75 having
1349 1445 161 75 furnilhed
1528 1445 54 75 the
1599 1445 78 75 Ikin,
1705 1445 146 75 palmaris
1868 1445 118 75 brevis,
2012 1445 64 75 and
2091 1445 157 75 metacar-

1216 1492 82 75 pius,
1322 1492 26 75 it
1372 1492 70 75 flips
1468 1492 102 75 under
1594 1492 56 75 the
1672 1492 197 75 aponeurofis
1886 1492 160 75 palmaris,
2072 1492 109 75 giving
2203 1492 53 75 off

1217 1538 57 75 one
1291 1538 120 75 branch
1424 1538 35 75 to
1475 1538 56 75 the
1546 1538 202 75 hypothenar
1760 1538 120 75 minimi
1897 1538 108 75 digiti,
2028 1538 62 75 and
2103 1538 146 75 another,

1216 1584 105 75 which
1345 1584 81 75 runs'
1443 1584 125 75 toward
1584 1584 55 75 the
1662 1584 125 75 thumb,
1812 1584 145 75 between
1982 1584 55 75 the
2062 1584 135 75 trindons
2214 1584 42 75 of

1216 1632 54 75 the
1286 1632 118 75 flexors
1422 1632 42 75 of
1481 1632 54 75 the
1548 1632 127 75 fingers,
1701 1632 64 75 and
1781 1632 54 75 the
1853 1632 89 75 bafes
1958 1632 41 75 of
2019 1632 54 75 the
2090 1632 156 75 metacar-

1218 1676 51 75 pal
1287 1676 107 75 bones,

1264 1722 30 75 It
1305 1722 138 75 likewife
1459 1722 90 75 fends
1563 1722 51 75 off
1626 1722 18 75 a
1656 1722 132 75 branch,
1806 1722 121 75 which,
1950 1722 135 75 running
2101 1722 147 75 between

1216 1769 55 75 the
1287 1769 90 75 third
1394 1769 62 75 and
1480 1769 111 75 fourth
1615 1769 98 75 bones
1738 1769 41 75 of
1798 1769 55 75 the
1880 1769 212 75 metacarpus,
2117 1769 131 75 rriache?

1216 1815 33 75 to
1265 1815 55 75 the
1337 1815 82 75 back
1428 1815 40 75 of
1478 1815 55 75 the
1546 1815 97 75 hand,
1669 1815 107 75 where
1790 1815 26 75 it
1835 1815 247 75 communicates
2101 1815 75 75 with
2191 1815 56 75 the

1213 1862 145 75 external
1386 1862 204 75 interofleous
1619 1862 120 75 artery.
1790 1862 217 75 Afterwards,
2033 1862 118 75 having
2175 1862 71 75 fup-

1214 1909 87 75 plied
1316 1909 56 75 the
1390 1909 209 75 interofleous
1617 1909 146 75 mufcles,
1787 1909 26 75 it
1830 1909 247 75 communicates
2095 1909 78 75 with
2191 1909 57 75 the

1214 1954 148 75 radialis;
1390 1954 61 75 and
1463 1954 78 75 they
1557 1954 80 75 both
1654 1954 83 75 form
1755 1954 39 75 an
1810 1954 128 75 arterial
1952 1954 88 75 arch,
2058 1954 34 75 in
2105 1954 55 75 the
2172 1954 72 75 hol-

1213 2001 65 75 low
1294 2001 40 75 of
1351 2001 56 75 the
1423 2001 99 75 hand.

1259 2048 85 75 This
1359 2048 75 75 arch
1450 2048 91 75 fends
1558 2048 84 75 from
1660 2048 40 75 its
1717 2048 137 75 concave
1872 2048 73 75 fide,
1964 2048 140 75 towards
2121 2048 56 75 the
2194 2048 48 75 fe-

1213 2094 81 75 cond
1311 2094 141 75 phalanx
1468 2094 40 75 of
1527 2094 55 75 the
1598 2094 128 75 thumb,
1751 2094 20 75 a
1789 2094 119 75 branch
1926 2094 51 75 for
1992 2094 55 75 the
2064 2094 113 75 lateral
2193 2094 48 75 in-

1213 2140 103 75 ternal
1333 2140 71 75 part
1422 2140 144 75 thereof,
1588 2140 61 75 and
1667 2140 76 75 then
1763 2140 77 75 ends
1866 2140 75 75 near
1955 2140 56 75 the
2028 2140 82 75 head
2130 2140 39 75 of
2188 2140 56 75 th§

1212 2185 62 75 firft
1292 2185 191 75 metacarpal
1509 2185 96 75 bone,
1630 2185 43 75 by
1698 2185 17 75 a
1740 2185 266 75 communication
2024 2185 77 75 with
2119 2185 55 75 the
2193 2185 51 75 rar

1211 2233 105 75 dialis,
1341 2233 117 75 having
1479 2233 63 75 firft
1561 2233 93 75 given
1677 2233 18 75 a
1711 2233 119 75 branch
1855 2233 35 75 to
1907 2233 57 75 the
1978 2233 133 75 forefide
2128 2233 41 75 of
2187 2233 56 75 thf

1211 2279 109 75 index,
1346 2279 61 75 and
1426 2279 133 75 another
1582 2279 36 75 to
1645 2279 56 75 the
1724 2279 63 75 fide
1814 2279 39 75 of
1872 2279 54 75 the
1947 2279 114 75 thumb
2086 2279 78 75 next
2187 2279 56 75 the

1209 2324 133 75 former.
1390 2324 110 75 Thefe
1517 2324 242 75 communicate,
1786 2324 31 75 at
1830 2324 54 75 the
1898 2324 76 75 ends
1987 2324 40 75 of
2039 2324 54 75 the
2111 2324 129 75 fingers;

1209 2371 77 75 with
1305 2371 55 75 the
1376 2371 233 75 neighbouring
1625 2371 166 75 branches,
1817 2371 33 75 as
1862 2371 31 75 in
1911 2371 55 75 the
1984 2371 92 75 other
2087 2371 129 75 fingers.

1255 2417 85 75 This
1358 2417 74 75 arch
1450 2417 90 75 fends
1556 2417 139 75 likewife
1708 2417 90 75 fmall
1815 2417 92 75 twigs
1921 2417 34 75 to
1968 2417 54 75 the
2035 2417 205 75 interofleous

1209 2464 145 75 mufcles,
1380 2464 35 75 to
1427 2464 55 75 the
1493 2464 213 75 lumbricales,
1725 2464 30 75 p.
1765 2464 122 75 lmaris,
1905 2464 62 75 and
1979 2464 34 75 to
2026 2464 93 75 other
2129 2464 111 75 neighr

1208 2510 139 75 bouring
1358 2510 112 75 parts;
1498 2510 74 75 and,
1596 2510 104 75 laftly,
1726 2510 35 75 to
1777 2510 56 75 the
1845 2510 228 75 integuments.

1254 2556 75 75 The
1346 2556 99 75 radial
1467 2556 106 75 artery
1589 2556 111 75 begins
1717 2556 44 75 by
1777 2556 170 75 detaching
1965 2556 17 75 a
2000 2556 91 75 fmall
2102 2556 136 75 branch,

1207 2602 104 75 which
1329 2602 75 75 runs
1420 2602 130 75 upward
1572 2602 64 75 like
1665 2602 18 75 a
1708 2602 161 75 recurrent
1893 2602 125 75 toward
2034 2602 55 75 the
2106 2602 68 75 fold
2202 2602 42 75 of

1206 2648 54 75 the
1277 2648 79 75 arm,
1382 2648 63 75 and
1461 2648 87 75 turns
1561 2648 169 75 backward
1744 2648 102 75 round
1858 2648 55 75 the
1926 2648 147 75 external
2086 2648 149 75 condyle,

1205 2695 266 75 communicating
1495 2695 78 75 with
1589 2695 55 75 the
1661 2695 231 75 neighbouring
1909 2695 153 75 branches
2079 2695 86 75 from
2179 2695 55 75 the

1205 2741 94 75 trunk
1312 2741 39 75 of
1370 2741 55 75 the
1442 2741 139 75 brachial
1598 2741 118 75 artery.

1252 2787 30 75 It
1299 2787 73 75 runs
1389 2787 98 75 down
1508 2787 95 75 along
1628 2787 55 75 the
1700 2787 96 75 infide
1811 2787 41 75 of
1871 2787 55 75 the
1942 2787 121 75 radius,
2088 2787 145 75 between

1203 2838 55 75 the
1270 2838 159 75 llipinator
1440 2838 127 75 longus,
1584 2838 151 75 pronator
1747 2838 95 75 teres,
1862 2838 59 75 and
1934 2838 55 75 the
2002 2838 227 75 integuments,

1202 2880 107 75 giving
1325 2880 152 75 branches
1494 2880 36 75 to
1546 2880 87 75 thefe
1647 2880 143 75 mufcles,
1816 2880 62 75 and
1890 2880 138 75 likewife
2041 2880 35 75 to
2090 2880 55 75 the
2158 2880 71 75 per-

1201 2928 134 75 foratus,
1361 2928 175 75 perforans,
1563 2928 61 75 and
1649 2928 160 75 fupinator
1834 2928 117 75 brevis.
2000 2928 99 75 From
2116 2928 121 75 thence-

1200 2973 26 75 it
1243 2973 86 75 runs,
1355 2973 33 75 in
1416 2973 18 75 a
1460 2973 142 75 winding
1630 2973 120 75 courfe,
1775 2973 140 75 towards
1934 2973 53 75 tiie
2005 2973 176 75 extremity
2200 2973 43 75 or

2179 3033 60 75 the
