2406 3327
181 181 56 75 54

632 181 1198 75 AGRICULTURE.

181 239 80 75 moft
279 239 181 75 numerous,
486 239 73 75 will,
572 239 40 75 be
639 239 167 75 fufficient.
855 239 79 75 But,
959 239 31 75 if
1013 239 55 75 the
1090 239 121 75 fprings

182 285 39 75 be
250 285 189 75 irregularly
460 285 158 75 difperfed
634 285 141 75 through
791 285 55 75 the
863 285 104 75 whole
983 285 126 75 marilh,
1135 285 34 75 as
1185 285 27 75 is

181 331 184 75 frequently
385 331 56 75 the
466 331 81 75 cafe,
571 331 186 75 fide-drains
783 331 133 75 parallel
933 331 35 75 to
985 331 55 75 the
1057 331 155 75 principal

181 378 59 75 one
264 378 66 75 will
358 378 40 75 be
422 378 160 75 nece/Tary
597 378 35 75 to
648 378 158 75 intercept
825 378 57 75 the
900 378 101 75 water
1017 378 72 75 that
1105 378 107 75 comes

182 423 85 75 from
283 423 56 75 the
354 423 114 75 higher
484 423 141 75 grounds
643 423 64 75 and
722 423 134 75 fepplies
874 423 56 75 the
946 423 135 75 fprings.
1112 423 98 75 Crofs

182 470 118 75 drains,
336 470 269 75 communicating
628 470 79 75 with
733 470 55 75 the
816 470 132 75 parallel
972 470 63 75 and
1056 470 155 75 principal

180 516 120 75 drains,
326 516 53 75 are
395 516 140 75 likewife
558 516 180 75 neceffary;
765 516 64 75 and
843 516 113 75 fhould
972 516 41 75 all
1030 516 39 75 be
1081 516 77 75 kept
1174 516 35 75 o-

182 561 61 75 pen
259 561 50 75 till
329 561 55 75 the
404 561 58 75 foil
483 561 79 75 hath
586 561 83 75 fully
693 561 155 75 fubfided,
874 561 63 75 and
958 561 132 75 become
1114 561 94 75 firm;

180 607 77 75 then
274 607 55 75 the
356 607 187 75 fide-drains
569 607 64 75 and
657 607 208 75 crofs-drains
894 607 74 75 may
995 607 40 75 be
1063 607 148 75 convert-

182 653 41 75 ed
238 653 69 75 into
331 653 257 75 hollow-drains,
612 653 33 75 in
671 653 57 75 the
752 653 130 75 manner
906 653 100 75 above
1030 653 178 75 defcribed.

179 700 67 75 But
263 700 55 75 the
334 700 152 75 principal
506 700 104 75 drain,
635 700 170 75 efpecially
822 700 31 75 if
872 700 55 75 the
949 700 112 75 marifii
1087 700 39 75 be
1151 700 58 75 ex-

180 748 129 75 tenfive,
334 748 113 75 ftiould
467 748 118 75 always
602 748 120 75 remain
738 748 95 75 open.

370 887 27 75 S
413 887 25 75 e
455 887 24 75 c
495 887 45 75 t.
572 887 51 75 V.
684 887 68 75 Of
782 887 233 75 Tillage.

222 980 184 75 Tillage
433 980 26 75 is
485 980 56 75 the
564 980 164 75 operation
749 980 42 75 of
807 980 154 75 breaking
980 980 54 75 the
1054 980 60 75 foil
1138 980 69 75 into

178 1027 90 75 fmall
291 1027 162 75 particles,
479 1027 43 75 by
539 1027 126 75 (Hrrihg
681 1027 63 75 and
761 1027 129 75 turning
907 1027 26 75 it
951 1027 88 75 over,
1063 1027 107 75 laying
1181 1027 27 75 it

178 1073 43 75 tip
238 1073 32 75 in
288 1073 118 75 ridges,
433 1073 64 75 lire.
558 1073 39 75 In
614 1073 64 75 this
696 1073 71 75 part
783 1073 41 75 of
835 1073 205 75 agriculture,
1066 1073 25 75 it
1108 1073 27 75 is
1152 1073 54 75 ne-

179 1118 119 75 cefiary
314 1118 35 75 to
365 1118 40 75 be
421 1118 192 75 acquainted
635 1118 79 75 with
739 1118 56 75 the
819 1118 151 75 different
993 1118 75 75 foils
1092 1118 116 75 proper

177 1164 53 75 for
246 1164 181 75 nourifhing
443 1164 125 75 plants;
596 1164 55 75 the
678 1164 202 75 indruments
905 1164 66 75 beft
994 1164 139 75 adapted
1156 1164 52 75 for

178 1211 126 75 ftirring
320 1211 63 75 and
398 1211 129 75 turning
540 1211 93 75 them
649 1211 99 75 over;
767 1211 62 75 and
845 1211 55 75 the
917 1211 211 75 conftruftion
1144 1211 64 75 and

176 1257 132 75 manner
324 1257 39 75 of
374 1257 88 75 ufing
479 1257 88 75 thefe
584 1257 213 75 inflruments.

227 1304 99 75 Soils,
351 1304 78 75 with
458 1304 118 75 refped;
601 1304 38 75 to
666 1304 123 75 tillage,
814 1304 75 75 may
913 1304 41 75 be
981 1304 130 75 divided
1138 1304 69 75 into

178 1349 68 75 ftiff
264 1349 64 75 and
342 1349 94 75 light,
461 1349 64 75 wet
549 1349 63 75 and
633 1349 74 75 dry,
732 1349 81 75 deep
840 1349 63 75 and
929 1349 142 75 {hallow.
1120 1349 86 75 This

176 1396 131 75 divifion
322 1396 26 75 is
369 1396 55 75 the
441 1396 88 75 more
547 1396 116 75 proper
679 1396 42 75 on
738 1396 63 75 this
816 1396 146 75 account,
980 1396 72 75 that
1068 1396 56 75 the
1140 1396 66 75 me-

178 1442 81 75 thod
274 1442 40 75 of
331 1442 196 75 performing
543 1442 56 75 the
615 1442 165 75 operation
807 1442 40 75 of
866 1442 109 75 tillage
1001 1442 58 75 has
1088 1442 118 75 always

178 1489 18 75 a
213 1489 161 75 reference
389 1489 35 75 to
441 1489 60 75 one
517 1489 38 75 or
570 1489 90 75 more
675 1489 42 75 of
734 1489 88 75 thefe
839 1489 149 75 qualities
1005 1489 41 75 of
1056 1489 71 75 foil,
1145 1489 63 75 and

178 1533 35 75 to
235 1533 42 75 no
293 1533 107 75 other.

223 1580 76 75 The
316 1580 202 75 indruments
535 1580 171 75 employed
728 1580 33 75 in
788 1580 110 75 tillage
922 1580 54 75 are
1000 1580 125 75 various
1135 1580 11 75 ;
1172 1580 35 75 as

178 1626 55 75 the
250 1626 132 75 plough,
409 1626 55 75 the
488 1626 139 75 harrow,
654 1626 55 75 the
733 1626 111 75 roller,
872 1626 64 75 ire.
961 1626 106 75 which
1095 1626 53 75 are
1173 1626 33 75 a-

178 1671 73 75 gain
267 1671 123 75 greatly
406 1671 177 75 diverfified
600 1671 43 75 by
659 1671 189 75 differences
877 1671 113 75 arifing
1014 1671 85 75 from
1123 1671 85 75 their

178 1718 208 75 condruftion
403 1718 62 75 and
480 1718 172 75 particular
668 1718 83 75 ufes.

411 1830 31 75 i.
478 1830 67 75 Of
562 1830 66 75 the
656 1830 108 75 Scots
791 1830 163 75 Plough.

221 1905 41 75 In
294 1905 167 75 Scotland,
486 1905 63 75 this
578 1905 118 75 plough
726 1905 27 75 is
780 1905 62 75 dill
871 1905 55 75 the
952 1905 79 75 mod
1058 1905 146 75 common

177 1951 62 75 and
257 1951 55 75 the
328 1951 79 75 mod
422 1951 163 75 generally
607 1951 203 75 underdood.
867 1951 38 75 If
920 1951 151 75 properly
1096 1951 105 75 made,

175 1995 25 75 it
216 1995 26 75 is
259 1995 54 75 the
329 1995 66 75 bed
420 1995 120 75 plough
568 1995 51 75 for
643 1995 174 75 anfwering
844 1995 43 75 all
916 1995 165 75 purpofes,
1107 1995 95 75 when

174 2042 77 75 only
266 2042 60 75 one
342 2042 26 75 is
385 2042 97 75 ufed;
508 2042 124 75 though
649 2042 108 75 others
775 2042 65 75 are,
857 2042 148 75 perhaps,
1023 2042 89 75 more
1128 2042 74 75 pro-

174 2088 57 75 per
254 2088 52 75 for
321 2088 86 75 fome
425 2088 173 75 particular
615 2088 163 75 purpofes.

220 2135 77 75 The
314 2135 87 75 parts
422 2135 40 75 of
475 2135 106 75 which
605 2135 64 75 this
686 2135 122 75 plough
823 2135 27 75 is
859 2135 180 75 .compofed
1055 2135 65 75 are,
1146 2135 56 75 the

172 2180 96 75 head,
282 2180 55 75 the
348 2180 104 75 beam,
464 2180 56 75 the
532 2180 120 75 fheath,
665 2180 56 75 the
733 2180 103 75 wred,
850 2180 55 75 the
917 2180 217 75 mold-board,
1147 2180 55 75 the

174 2227 66 75 two
256 2227 145 75 handles,
427 2227 55 75 the
499 2227 65 75 two
580 2227 109 75 rungs,
715 2227 55 75 the
786 2227 87 75 fock,
899 2227 63 75 and
984 2227 55 75 the
1056 2227 143 75 coulter;

174 2274 55 75 the
246 2274 66 75 two
328 2274 56 75 lad
400 2274 53 75 are
469 2274 93 75 made
578 2274 40 75 of
629 2274 82 75 iron,
737 2274 63 75 and
816 2274 42 75 all
875 2274 54 75 the
946 2274 60 75 red
1026 2274 41 75 of
1076 2274 107 75 wood.

221 2320 75 75 The
313 2320 125 75 Head,
463 2320 93 75 Plate
572 2320 100 75 VIII.
698 2320 54 75 fig.
775 2320 31 75 i.
830 2320 27 75 is
873 2320 147 75 defigned
1036 2320 52 75 for
1103 2320 97 75 open-

174 2365 54 75 ing
246 2365 54 75 the
318 2365 123 75 ground
457 2365 117 75 below.
633 2365 77 75 The
733 2365 111 75 length
868 2365 40 75 of
927 2365 55 75 the
1006 2365 84 75 head
1116 2365 84 75 from

174 2412 34 75 A
230 2412 35 75 to
282 2412 28 75 B
336 2412 27 75 is
389 2412 97 75 about
513 2412 122 75 twenty
659 2412 121 75 inches,
806 2412 63 75 and
883 2412 56 75 the
966 2412 134 75 breadth
1115 2412 85 75 from

174 2458 35 75 A
225 2458 35 75 to
277 2458 36 75 D
330 2458 98 75 about
443 2458 60 75 five
519 2458 129 75 inches;
669 2458 29 75 C
714 2458 27 75 is
754 2458 55 75 the
821 2458 89 75 point
925 2458 85 75 upon
1022 2458 106 75 which
1144 2458 56 75 the

175 2503 76 75 fock
270 2503 29 75 is
318 2503 140 75 driven,'
470 2503 62 75 and
551 2503 56 75 the
628 2503 112 75 length
754 2503 85 75 from
850 2503 29 75 B
893 2503 35 75 to
940 2503 30 75 C
988 2503 27 75 is
1036 2503 96 75 about
1151 2503 50 75 fix

177 2550 107 75 inches
297 2550 10 75 ;
334 2550 21 75 a
367 2550 26 75 is
406 2550 54 75 the
477 2550 149 75 mortoife
642 2550 68 75 into
726 2550 105 75 which
848 2550 55 75 the
920 2550 104 75 larger
1039 2550 116 75 handle
1172 2550 27 75 is

173 2595 108 75 fixed;
300 2595 63 75 and
374 2595 17 75 b
404 2595 26 75 is
443 2595 55 75 the
510 2595 149 75 mortoife
673 2595 69 75 into
753 2595 106 75 which
871 2595 55 75 the
938 2595 109 75 {heath
1058 2595 27 75 is
1097 2595 101 75 fixed.

220 2642 76 75 The
312 2642 84 75 head
414 2642 27 75 is
466 2642 71 75 that
560 2642 71 75 part
655 2642 39 75 of
713 2642 55 75 the
791 2642 120 75 plough
936 2642 105 75 which
1066 2642 76 75 goes
1166 2642 33 75 in

174 2688 55 75 the
246 2688 144 75 ground;
417 2688 161 75 therefore
590 2688 54 75 the
660 2688 121 75 fhorter
790 2688 62 75 and
867 2688 160 75 narrower
1043 2688 25 75 it
1086 2688 39 75 is,
1143 2688 56 75 the

174 2735 126 75 friffion
326 2735 66 75 will
415 2735 40 75 be
478 2735 56 75 the
561 2735 72 75 left,
668 2735 62 75 and
757 2735 55 75 the
840 2735 119 75 plough
988 2735 88 75 more
1103 2735 95 75 eafily

173 2782 132 75 drawn;
343 2782 58 75 but
426 2782 55 75 the
506 2782 113 75 longer
646 2782 55 75 the
724 2782 84 75 head
834 2782 40 75 is,
899 2782 55 75 the
975 2782 119 75 plough
1122 2782 75 75 goes

175 2827 87 75 more
285 2827 144 75 deadily,
455 2827 62 75 and
533 2827 26 75 is
583 2827 58 75 not
665 2827 34 75 fo
722 2827 94 75 eafily
831 2827 58 75 put
905 2827 56 75 out
978 2827 40 75 of
1036 2827 41 75 its
1093 2827 104 75 direc-

168 2873 74 75 -tion
257 2873 45 75 by
318 2873 60 75 any
394 2873 206 75 obftnndions
627 2873 71 75 that
724 2873 110 75 occur.
854 2873 6 75 -
881 2873 145 75 Twenty
1041 2873 108 75 inches
1170 2873 26 75 is

175 2920 180 75 confidered
367 2920 33 75 as
413 2920 17 75 a
447 2920 90 75 mean
553 2920 133 75 length;
713 2920 63 75 and
792 2920 60 75 five
868 2920 109 75 inches
993 2920 34 75 as
1045 2920 55 75 the
1116 2920 81 75 mod

173 2966 186 75 convenient
374 2966 149 75 breadth.

219 3014 76 75 The
312 3014 176 75 Skeath,
505 3014 55 75 fig.
580 3014 34 75 2.
631 3014 44 75 E,
700 3014 26 75 is
743 3014 111 75 driven
870 3014 68 75 into
962 3014 55 75 the
1033 3014 162 75 mortoife,

1260 243 55 75 fig.
1340 243 31 75 i.
1397 243 30 75 b,
1453 243 63 75 and
1538 243 75 75 thus
1641 243 89 75 fixed
1745 243 35 75 to
1797 243 55 75 the
1867 243 84 75 head
1967 243 33 75 A
2016 243 43 75 B.
2118 243 33 75 It
2178 243 27 75 is
2232 243 58 75 not

1259 287 238 75 perpendicular
1514 287 35 75 to
1572 287 55 75 the
1650 287 97 75 head,
1771 287 59 75 but
1854 287 112 75 placed
1990 287 177 75 obliquely,
2192 287 34 75 fo
2254 287 36 75 as

1259 334 34 75 to
1310 334 92 75 make
1419 334 55 75 the
1513 334 91 75 angle
1629 334 127 75 formed
1777 334 44 75 by
1848 334 55 75 the
1922 334 79 75 lines
2024 334 33 75 A
2074 334 28 75 B
2129 334 63 75 and
2212 334 30 75 E
2260 334 31 75 B

1258 380 97 75 about
1375 380 44 75 60
1436 380 144 75 degrees.
1628 380 78 75 The
1722 380 108 75 {heath
1846 380 27 75 is
1891 380 98 75 about
2012 380 38 75 13
2069 380 110 75 inches
2195 380 90 75 long,

1258 427 119 75 befides
1394 427 86 75 what
1495 427 28 75 is
1539 427 112 75 driven
1673 427 69 75 into
1764 427 56 75 the
1840 427 149 75 mortoife
2007 427 40 75 b;
2073 427 99 75 about
2195 427 93 75 three

1258 473 108 75 inches
1384 473 113 75 broad,
1524 473 62 75 and
1602 473 60 75 one
1678 473 74 75 inch
1769 473 103 75 thick.

1304 519 76 75 The
1392 519 108 75 {heath
1516 519 25 75 is
1558 519 88 75 fixed
1657 519 36 75 to
1704 519 55 75 the
1772 519 218 75 mold-board,
2008 519 32 75 as
2059 519 31 75 in
2103 519 55 75 fig.
2174 519 53 75 11.
2241 519 46 75 E,

1257 564 32 75 in
1305 564 56 75 the
1382 564 85 75 fame
1483 564 132 75 manner
1631 564 34 75 as
1683 564 55 75 the
1754 564 91 75 wred
1862 564 27 75 is
1905 564 90 75 fixed
2017 564 35 75 to
2069 564 55 75 the
2151 564 85 75 head
2257 564 33 75 in

1258 604 20 49 fi
1278 622 35 75 g-
1335 622 32 75 7-

1304 657 76 75 The
1395 657 265 75 Mold-board
1684 657 27 75 is
1729 657 148 75 defigned
1893 657 35 75 to
1945 657 74 75 turn
2036 657 77 75 over
2128 657 56 75 the
2196 657 92 75 earth

1257 702 39 75 of
1309 702 55 75 the
1380 702 122 75 furrow
1518 702 92 75 made
1634 702 43 75 by
1704 702 55 75 the
1779 702 121 75 plough
1914 702 11 75 ;
1953 702 62 75 and
2042 702 27 75 it
2089 702 26 75 is
2141 702 146 75 obvious,

1255 749 84 75 that,
1365 749 172 75 according
1552 749 36 75 to
1605 749 55 75 the
1677 749 134 75 pofition
1828 749 42 75 of
1887 749 55 75 the
1959 749 121 75 {heath,
2106 749 55 75 the
2184 749 104 75 mold-

1255 798 101 75 board
1372 798 66 75 will
1455 798 72 75 turn
1545 798 76 75 over
1637 798 56 75 the
1709 798 90 75 earth
1812 798 40 75 of
1864 798 54 75 the
1930 798 123 75 furrow
2068 798 89 75 more
2173 798 37 75 or
2226 798 61 75 left

1254 842 167 75 fuddefily.
1470 842 141 75 Befides,
1636 842 94 75 when
1745 842 27 75 it
1787 842 101 75 forms
1912 842 19 75 a
1948 842 60 75 left
2026 842 92 75 angle
2133 842 77 75 with
2229 842 58 75 the

1255 888 84 75 head
1354 888 79 75 than
1451 888 45 75 60
1519 888 145 75 degrees,
1690 888 55 75 the
1761 888 120 75 plough
1898 888 27 75 is
1941 888 32 75 in
1990 888 91 75 great
2107 888 120 75 danger
2253 888 42 75 of

1255 933 95 75 being
1367 933 124 75 choked,
1517 933 34 75 as
1567 933 56 75 the
1641 933 133 75 farmers
1791 933 82 75 term
1895 933 39 75 it.

1300 980 77 75 The
1389 980 125 75 Larger
1525 980 177 75 Handle,
1719 980 54 75 fig.
1788 980 32 75 3.
1833 980 28 75 F
1867 980 46 75 A,
1926 980 26 75 is
1964 980 88 75 fixed
2068 980 35 75 to
2118 980 56 75 the
2189 980 96 75 head,

1256 1027 44 75 by
1315 1027 126 75 driving
1462 1027 26 75 it
1503 1027 69 75 into
1588 1027 55 75 the
1660 1027 149 75 mortoile
1824 1027 33 75 a,
1875 1027 55 75 fig.
1953 1027 30 75 1.
2032 1027 32 75 It
2080 1027 26 75 is
2123 1027 114 75 placed
2252 1027 33 75 in

1256 1073 55 75 the
1323 1073 83 75 fame
1422 1073 93 75 plane
1530 1073 79 75 with
1627 1073 56 75 the
1698 1073 106 75 head;
1830 1073 64 75 and
1909 1073 42 75 its
1967 1073 112 75 length
2095 1073 86 75 from
2207 1073 34 75 A
2258 1073 28 75 F

1254 1119 27 75 is
1298 1119 98 75 about
1412 1119 61 75 five
1500 1119 66 75 feet
1591 1119 74 75 four
1692 1119 122 75 inches,
1840 1119 63 75 and
1919 1119 41 75 its
1989 1119 156 75 diameter
2168 1119 33 75 at
2228 1119 58 75 the

1254 1166 90 75 place
1360 1166 107 75 where
1482 1166 26 75 it
1524 1166 26 75 is
1568 1166 87 75 fixed
1671 1166 34 75 to
1721 1166 56 75 the
1804 1166 92 75 beam
1919 1166 28 75 is
1969 1166 98 75 about
2091 1166 67 75 two
2174 1166 109 75 inches

1254 1212 64 75 and
1334 1212 17 75 a
1367 1212 81 75 half,
1477 1212 63 75 and
1555 1212 105 75 tapers
1678 1212 18 75 a
1711 1212 84 75 little
1812 1212 35 75 to
1864 1212 55 75 the
1934 1212 58 75 top
2008 1212 41 75 F.
2097 1212 113 75 About
2227 1212 56 75 ten

1253 1259 108 75 inches
1377 1259 85 75 from
1478 1259 45 75 A,
1548 1259 90 75 there
1655 1259 26 75 is
1709 1259 19 75 a
1755 1259 95 75 curve
1874 1259 32 75 in
1923 1259 55 75 the
2001 1259 129 75 handle,
2157 1259 119 75 which,

1253 1305 92 75 when
1362 1305 27 75 F
1405 1305 26 75 is
1450 1305 100 75 raifed
1566 1305 34 75 to
1616 1305 42 75 its
1675 1305 115 75 proper
1813 1305 123 75 height,
1962 1305 107 75 makes
2098 1305 55 75 the
2180 1305 102 75 lower

1253 1350 71 75 part
1340 1350 39 75 of
1391 1350 25 75 it
1432 1350 110 75 nearly
1557 1350 130 75 parallel
1699 1350 36 75 to
1752 1350 54 75 the
1821 1350 109 75 {heath
1947 1350 30 75 E
1991 1350 42 75 B.
2081 1350 85 75 This
2183 1350 97 75 curve

1254 1397 25 75 is
1297 1397 147 75 defigned
1460 1397 35 75 to
1511 1397 181 75 ftrengthen
1715 1397 55 75 the
1792 1397 130 75 handle.
1970 1397 77 75 The
2069 1397 115 75 proper
2200 1397 79 75 pofi-

1255 1443 66 75 tion
1338 1443 40 75 of
1391 1443 56 75 the
1462 1443 117 75 handle
1595 1443 40 75 is,
1652 1443 93 75 when
1759 1443 54 75 the
1829 1443 55 75 top
1902 1443 27 75 F
1946 1443 25 75 is
1989 1443 97 75 about
2103 1443 92 75 three
2209 1443 67 75 feet

1253 1490 65 75 two
1335 1490 109 75 inches
1460 1490 115 75 higher
1598 1490 76 75 than
1691 1490 55 75 the
1763 1490 125 75 bottom
1905 1490 40 75 of
1956 1490 55 75 the
2027 1490 86 75 head
2135 1490 34 75 A
2187 1490 43 75 B.

1299 1535 76 75 The
1391 1535 113 75 longer
1521 1535 54 75 the
1591 1535 143 75 handles,
1759 1535 56 75 the
1831 1535 121 75 plough
1968 1535 26 75 is
2011 1535 55 75 the
2079 1535 88 75 more
2183 1535 97 75 eafily

1252 1581 167 75 managed,
1444 1581 131 75 becaufe
1604 1581 54 75 the
1680 1581 102 75 levers
1810 1581 54 75 are
1888 1581 88 75 more
1992 1581 114 75 diftant
2122 1581 85 75 from
2223 1581 56 75 the

1253 1628 108 75 centre
1379 1628 39 75 of
1428 1628 134 75 motion.
1610 1628 76 75 The
1704 1628 114 75 higher
1834 1628 56 75 the
1906 1628 56 75 top
1990 1628 42 75 of
2053 1628 55 75 the
2130 1628 145 75 handles,

1252 1674 55 75 the
1324 1674 118 75 plough
1458 1674 27 75 is
1502 1674 88 75 more
1607 1674 93 75 eafily
1718 1674 101 75 raifed
1834 1674 57 75 out
1907 1674 40 75 of
1964 1674 56 75 the
2035 1674 138 75 ground,
2200 1674 74 75 pro-

1252 1720 96 75 vided
1364 1720 77 75 they
1456 1720 43 75 be
1514 1720 41 75 no
1570 1720 114 75 higher
1700 1720 77 75 than
1794 1720 55 75 the
1864 1720 100 75 lower
1980 1720 71 75 part
2068 1720 42 75 of
2130 1720 19 75 a
2174 1720 102 75 mans

1251 1766 117 75 breaft.

2048 1798 13 49 v

1296 1813 78 75 The
1392 1813 125 75 Beam,
1543 1813 55 75 fig.
1616 1813 34 75 4.
1675 1813 27 75 is
1724 1813 88 75 fixed
1830 1813 34 75 to
1880 1813 56 75 the
1952 1813 106 75 larger
2077 1813 118 75 handle
2213 1813 63 75 and

1251 1858 56 75 the
1331 1858 119 75 {heath,
1476 1858 43 75 all
1542 1858 41 75 of
1600 1858 105 75 which
1733 1858 54 75 are
1810 1858 113 75 placed
1949 1858 32 75 in
2006 1858 55 75 the
2084 1858 83 75 fame
2184 1858 93 75 plane

1249 1904 80 75 with
1344 1904 56 75 the
1415 1904 94 75 head.
1557 1904 77 75 The
1650 1904 111 75 length
1785 1904 40 75 of
1842 1904 39 75 it,
1907 1904 84 75 from
2015 1904 35 75 H
2073 1904 34 75 to
2131 1904 29 75 I,
2186 1904 26 75 is
2241 1904 33 75 a-

1249 1950 79 75 bout
1344 1950 47 75 fix
1406 1950 91 75 feet;
1523 1950 41 75 its
1582 1950 153 75 diameter
1747 1950 27 75 is
1789 1950 100 75 about
1904 1950 74 75 four
1993 1950 120 75 inches.
2162 1950 112 75 When

1249 1997 54 75 the
1319 1997 119 75 plough
1454 1997 26 75 is
1497 1997 32 75 in
1546 1997 55 75 the
1612 1997 136 75 ground,
1766 1997 56 75 the
1838 1997 92 75 beam
1945 1997 111 75 ftiould
2066 1997 41 75 be
2120 1997 63 75 juft
2195 1997 79 75 high

1248 2043 127 75 enough
1391 2043 57 75 not
1471 2043 35 75 to
1529 2043 40 75 be
1592 2043 223 75 incommoded
1830 2043 44 75 by
1890 2043 62 75 any
1967 2043 93 75 thing
2076 2043 42 75 on
2134 2043 55 75 the
2206 2043 67 75 fur-

1247 2089 83 75 face.

1295 2136 75 75 The
1390 2136 132 75 pofition
1539 2136 40 75 of
1589 2136 56 75 the
1659 2136 92 75 beam
1772 2136 141 75 depends
1937 2136 42 75 on
2006 2136 56 75 the
2089 2136 133 75 number
2238 2136 40 75 of

1249 2182 96 75 cattle
1361 2182 30 75 in
1412 2182 55 75 the
1483 2182 133 75 plough.
1665 2182 111 75 When
1793 2182 65 75 two
1874 2182 108 75 horfes
2000 2182 53 75 are
2076 2182 117 75 yoked,
2219 2182 55 75 the

1248 2229 92 75 beam
1355 2229 113 75 ftiould
1483 2229 40 75 be
1539 2229 112 75 placed
1673 2229 32 75 in
1721 2229 85 75 fuch.
1821 2229 18 75 a
1862 2229 130 75 manner
2009 2229 33 75 as
2058 2229 35 75 to
2110 2229 91 75 make
2217 2229 57 75 the

1247 2272 240 75 perpendicular
1498 2272 136 75 diftance
1646 2272 136 75 betwixt
1797 2272 56 75 the
1873 2272 160 75 bolt-hole
2052 2272 40 75 of
2107 2272 56 75 the
2180 2272 94 75 beam

1248 2321 62 75 and
1326 2321 55 75 the
1397 2321 93 75 plane
1512 2321 40 75 of
1570 2321 56 75 the
1649 2321 83 75 head
1757 2321 97 75 about
1872 2321 40 75 21
1932 2321 129 75 inches;
2088 2321 93 75 when
2198 2321 75 75 four

1247 2368 106 75 horfes
1371 2368 54 75 are
1440 2368 118 75 yoked,
1583 2368 66 75 two
1664 2368 148 75 a-breaft,
1838 2368 63 75 this
1917 2368 136 75 diftance
2070 2368 111 75 ftiould
2197 2368 77 75 only

1247 2415 39 75 be
1302 2415 98 75 about
1420 2415 39 75 18
1476 2415 122 75 inches.

1291 2461 78 75 The
1382 2461 117 75 Sock,
1516 2461 55 75 fig.
1585 2461 31 75 5.
1630 2461 28 75 B
1672 2461 40 75 P,
1729 2461 27 75 is
1769 2461 87 75 fixed
1872 2461 35 75 to
1917 2461 55 75 the
1985 2461 62 75 end
2059 2461 40 75 of
2110 2461 55 75 the
2176 2461 95 75 head,

1245 2506 64 75 and
1325 2506 26 75 is
1368 2506 98 75 about
1481 2506 67 75 two
1564 2506 66 75 feet
1651 2506 89 75 long.
1796 2506 38 75 In
1861 2506 105 75 fitting
1993 2506 55 75 the
2075 2506 75 75 fock
2166 2506 34 75 to
2216 2506 56 75 the

1246 2553 94 75 head,
1366 2553 55 75 the
1442 2553 91 75 point
1560 2553 102 75 ought
1678 2553 35 75 to
1728 2553 41 75 be
1786 2553 116 75 turned
1929 2553 18 75 a
1970 2553 84 75 little
2069 2553 34 75 to
2121 2553 55 75 the
2192 2553 77 75 land

1244 2600 40 75 or
1299 2600 60 75 left
1374 2600 63 75 fide
1452 2600 10 75 ;
1487 2600 131 75 becaufe
1635 2600 178 75 otherwife>
1839 2600 26 75 it
1881 2600 26 75 is
1931 2600 54 75 apt
2000 2600 36 75 to
2053 2600 89 75 come
2159 2600 56 75 out
2237 2600 40 75 of

1245 2646 55 75 the
1318 2646 74 75 land
1408 2646 192 75 altogether.
1648 2646 111 75 When
1777 2646 116 75 turned
1915 2646 35 75 to
1974 2646 55 75 the
2051 2646 74 75 left,
2150 2646 25 75 it
2190 2646 81 75 like-

1245 2692 73 75 wife
1345 2692 90 75 takes
1463 2692 52 75 off
1533 2692 89 75 more
1648 2692 97 75 land;
1771 2692 94 75 when
1891 2692 116 75 turned
2030 2692 160 75 upwards,
2216 2692 57 75 the

1243 2738 121 75 plough
1391 2738 76 75 goes
1495 2738 150 75 {hallow;
1683 2738 63 75 and
1771 2738 94 75 when
1891 2738 213 75 downwards,
2137 2738 26 75 it
2191 2738 76 75 goes

1243 2785 129 75 deeper.

1290 2832 76 75 The
1382 2832 204 75 Coulter,
1610 2832 56 75 fig.
1684 2832 35 75 6.
1743 2832 27 75 is
1788 2832 88 75 fixed
1897 2832 36 75 to
1956 2832 55 75 the
2027 2832 104 75 beam,
2158 2832 63 75 and
2243 2832 27 75 is

1245 2877 98 75 about
1369 2877 67 75 two
1460 2877 65 75 feet
1552 2877 54 75 ten
1633 2877 108 75 inches
1768 2877 90 75 long,
1883 2877 65 75 two
1964 2877 108 75 inches
2089 2877 62 75 and
2168 2877 18 75 a
2201 2877 75 75 half

1245 2925 111 75 broad,
1382 2925 90 75 (harp
1489 2925 33 75 at
1538 2925 55 75 the
1609 2925 91 75 point
1716 2925 63 75 and
1800 2925 124 75 before,
1949 2925 64 75 and
2028 2925 90 75 thick
2145 2925 41 75 on
2213 2925 57 75 the

1245 2971 93 75 back,
1364 2971 64 75 like
1446 2971 18 75 a
1479 2971 100 75 knife.
1629 2971 32 75 It
1677 2971 26 75 is
1720 2971 88 75 fixed
1824 2971 63 75 and
1903 2971 140 75 diredted
2063 2971 44 75 by
2130 2971 139 75 wedges,

1244 3019 33 75 fo
1301 3019 33 75 as
1351 3019 35 75 to
1402 3019 92 75 make
1510 3019 55 75 the
1581 3019 89 75 point
1686 3019 39 75 of
1735 3019 27 75 it
1779 3019 94 75 equal
1896 3019 48 75 to,
1970 3019 37 75 or
2029 3019 109 75 rather
2154 3019 18 75 a
2187 3019 84 75 little

2159 3054 110 75 before
