2517 3387
231 221 85 75 644

857 221 351 75 BOX

272 274 111 75 Thefe
406 274 52 75 are
483 274 54 75 the
565 274 182 75 fentiments
781 274 40 75 of
844 274 56 75 the
924 274 153 75 principal
1102 274 152 75 botanifts

226 319 79 75 with
324 319 112 75 regard
454 319 34 75 to
506 319 53 75 the
579 319 183 75 generation
780 319 39 75 of
830 319 117 75 plants,
972 319 49 75 till
1038 319 56 75 the
1113 319 139 75 celebra-

226 366 56 75 ted
303 366 150 75 Linnaeus
478 366 91 75 made
592 366 50 75 his
667 366 192 75 appearance
877 366 34 75 as
927 366 19 75 a
961 366 156 75 botanical
1136 366 118 75 writer,

226 412 73 75 who
315 412 56 75 has
389 412 161 75 extended
566 412 55 75 the
643 412 71 75 idea
729 412 34 75 fo
780 412 50 75 far
858 412 33 75 as
909 412 34 75 to
971 412 144 75 compofe
1132 412 19 75 a
1166 412 87 75 com-

225 460 87 75 plete
338 460 110 75 fyllem
473 460 85 75 upon
582 460 39 75 it.

275 506 168 75 Although
466 506 150 75 Linnaeus
634 506 57 75 can
706 506 81 75 have
807 506 41 75 no
865 506 92 75 claim
974 506 35 75 to
1034 506 55 75 the
1104 506 154 75 fuppofed

226 552 164 75 difcovery
406 552 39 75 of
456 552 55 75 the
528 552 107 75 fexual
653 552 194 75 hypothefis,
863 552 50 75 his
925 552 94 75 being
1036 552 151 75 precifely
1200 552 56 75 the

225 598 83 75 fame
323 598 77 75 with
418 598 70 75 that
504 598 39 75 of
555 598 53 75 Dr
623 598 122 75 Grew;
772 598 67 75 yet,
858 598 32 75 as
911 598 40 75 he
967 598 27 75 is
1012 598 54 75 the
1082 598 90 75 chief
1183 598 70 75 fup-

226 646 108 75 porter
351 646 62 75 and
429 646 159 75 improver
604 646 40 75 of
655 646 64 75 this
736 646 153 75 doftrine,
914 646 48 75 we
973 646 77 75 fliall
1066 646 71 75 give
1154 646 19 75 a
1188 646 67 75 fuc-

227 692 82 75 cinft
322 692 163 75 narration
503 692 41 75 of
554 692 55 75 the
625 692 181 75 arguments
823 692 41 75 he
879 692 108 75 makes
1012 692 52 75 ufe
1087 692 40 75 of
1145 692 32 75 in
1203 692 51 75 or-

230 738 57 75 der
304 738 35 75 to
355 738 97 75 prove
469 738 70 75 that
556 738 182 75 vegetables
754 738 174 75 propagate
949 738 83 75 their
1047 738 116 75 fpecies
1181 738 43 75 by
1239 738 19 75 a

227 786 127 75 regular
370 786 176 75 commerce
563 786 40 75 of
612 786 104 75 fexes.

274 832 36 75 In
324 832 18 75 a
354 832 138 75 treatife,
510 832 138 75 intitled,
676 832 169 75 Sponfalia
858 832 214 75 Plantarum,
1094 832 162 75 publifhed

226 879 36 75 as
277 879 38 75 an
331 879 165 75 inaugural
511 879 66 75 difl'
577 879 129 75 ertation
724 879 43 75 by
784 879 190 75 Wahlbom,
999 879 33 75 in
1049 879 54 75 the
1120 879 63 75 firft
1200 879 55 75 vo-

226 925 85 75 lume
328 925 40 75 of
387 925 56 75 the
471 925 210 75 Avicenitates
699 925 212 75 Academic#,
937 925 42 75 all
1004 925 54 75 the
1076 925 181 75 arguments

226 973 93 75 made
337 973 52 75 ufe
413 973 40 75 of
472 973 45 75 by
540 973 152 75 Linnseus
723 973 33 75 in
788 973 49 75 hi$
854 973 223 75 Fundamenta
1093 973 164 75 Botanica

227 1019 62 75 and
306 1019 92 75 other
416 1019 118 75 works,
560 1019 52 75 are
629 1019 153 75 collected
803 1019 60 75 and
882 1019 152 75 arranged
1046 1019 31 75 in
1091 1019 59 75 one
1161 1019 93 75 view.

225 1065 68 75 But
310 1065 33 75 as
359 1065 178 75 Wahlbom
553 1065 144 75 honeftly
715 1065 167 75 attributes
899 1065 42 75 ail
958 1065 55 75 the
1031 1065 92 75 merit
1141 1065 114 75 ofghis

224 1111 195 75 di/Tertation
436 1111 35 75 to
487 1111 49 75 his
553 1111 89 75 great
667 1111 124 75 mailer,
816 1111 49 75 we
889 1111 77 75 lhall
993 1111 76 75 here
1101 1111 82 75 drop
1206 1111 49 75 his

224 1160 92 75 name
340 1160 192 75 altogether,
557 1160 62 75 and
636 1160 71 75 give
725 1160 53 75 the
797 1160 181 75 arguments
995 1160 32 75 as
1044 1160 55 75 the
1124 1160 130 75 proper-

225 1204 37 75 ty
278 1204 40 75 of
328 1204 162 75 Linnaeus,
516 1204 43 75 by
574 1204 106 75 whom
697 1204 77 75 they
790 1204 83 75 were
890 1204 168 75 originally
1074 1204 182 75 employed.

272 1250 164 75 Linnaeus,
462 1250 91 75 then,
572 1250 63 75 firlt
654 1250 149 75 attempts
820 1250 35 75 to
870 1250 96 75 Ihow,
986 1250 69 75 that
1074 1250 180 75 vegetables

227 1297 53 75 are
297 1297 153 75 endowed
470 1297 77 75 with
568 1297 17 75 a
611 1297 118 75 certain
754 1297 117 75 degree
892 1297 40 75 of
944 1297 113 75 animal
1075 1297 78 75 life;
1180 1297 74 75 and,

226 1345 165 75 fecbndly,
418 1345 70 75 that
504 1345 77 75 they
597 1345 173 75 propagate
785 1345 84 75 their
885 1345 117 75 fpecies
1027 1345 32 75 in
1087 1345 33 75 a,
1127 1345 128 75 manner

226 1391 115 75 limilar
358 1391 35 75 to
413 1391 73 75 that
503 1391 40 75 of
554 1391 144 75 animals.
749 1391 8 75 ,

274 1437 22 75 “
322 1437 91 75 That
430 1437 180 75 vegetables
627 1437 53 75 are
708 1437 101 75 really
830 1437 159 75 animated
1012 1437 147 75 beings,”
1184 1437 70 75 fays

227 1483 53 75 he,
307 1483 24 75 “
357 1483 80 75 mull
459 1483 38 75 be
512 1483 135 75 obvious
663 1483 33 75 at
719 1483 63 75 firft
799 1483 105 75 fight;
931 1483 132 75 becaufe
1085 1483 78 75 they
1182 1483 71 75 pof-

225 1530 60 75 fefs
302 1530 42 75 all
363 1530 53 75 the
432 1530 175 75 properties
620 1530 167 75 contained
800 1530 31 75 in
847 1530 230 75 thaLaccurate
1090 1530 163 75 definition

225 1577 41 75 of
276 1577 57 75 life
349 1577 64 75 laid
431 1577 94 75 down
537 1577 43 75 by
597 1577 54 75 the
668 1577 89 75 great
775 1577 52 75 Dr
839 1577 145 75 Harvey,
1011 1577 138 75 namely,
1174 1577 79 75 Pita

223 1623 44 75 eji
273 1623 182 75 fporttanea
466 1623 158 75 propulfio
640 1623 179 75 humorum.
868 1623 66 75 But
953 1623 155 75 univerfal
1125 1623 126 75 experi-

224 1670 76 75 ence
318 1670 142 75 teaches,
486 1670 69 75 that
572 1670 180 75 vegetables
777 1670 110 75 propel
903 1670 153 75 humours
1073 1670 37 75 or
1122 1670 102 75 juices
1240 1670 9 75 :

225 1716 112 75 Hence
355 1716 26 75 it
402 1716 26 75 is
452 1716 82 75 plain
559 1716 70 75 that
656 1716 181 75 vegetables
854 1716 79 75 mull
949 1716 40 75 be
1005 1716 154 75 endowed
1176 1716 78 75 with

229 1765 18 75 a
266 1765 119 75 certain
401 1765 134 75 degrees
550 1765 39 75 of
600 1765 112 75 animal
730 1765 95 75 life.”

273 1809 69 75 Not
359 1809 247 75 trufting*folely
622 1809 36 75 to
673 1809 19 75 a
708 1809 158 75 fyllogifin
886 1809 141 75 founded
1043 1809 40 75 on
1108 1809 18 75 a
1142 1809 110 75 defini-

223 1856 81 75 tion,
333 1856 150 75 Linnseus
507 1856 153 75 proceeds
676 1856 35 75 to
734 1856 130 75 fupport
879 1856 55 75 the
950 1856 57 75 life
1021 1856 40 75 of
1072 1856 181 75 vegetables

225 1902 43 75 by
292 1902 181 75 arguments
495 1902 108 75 drawn
626 1902 83 75 from
737 1902 55 75 the
815 1902 166 75 following
1007 1902 188 75 particulars
1221 1902 34 75 in

224 1948 83 75 their
323 1948 188 75 oeconomy;
539 1948 55 75 the
612 1948 63 75 firlt
692 1948 39 75 of
743 1948 104 75 which
864 1948 41 75 he
921 1948 121 75 intitles

275 1992 23 75 “
324 1992 299 75 Nutritio.—The
648 1992 78 75 very
750 1992 71 75 idea
847 1992 39 75 of
906 1992 153 75 nutrition
1089 1992 122 75 implies
1237 1992 18 75 a

226 2040 177 75 propulfion
419 2040 40 75 of
469 2040 164 75 humours,
660 2040 74 75 and,
760 2040 38 75 of
819 2040 121 75 courfe,
965 2040 55 75 the
1043 2040 71 75 idea
1131 2040 39 75 of
1184 2040 68 75 life.

224 2088 68 75 But
308 2088 179 75 vegetables
505 2088 108 75 derive
628 2088 85 75 their
728 2088 214 75 nourilhment
958 2088 84 75 from
1071 2088 55 75 the
1150 2088 107 75 earth,

226 2134 57 75 air,
310 2134 64 75 ere.
401 2134 62 75 and
490 2134 226 75 confequently
740 2134 82 75 mull
837 2134 39 75 be
894 2134 182 75 confidered
1099 2134 34 75 as
1155 2134 100 75 living

227 2180 172 75 creatures.

276 2227 23 75 “
328 2227 32 75 2.
386 2227 266 75 JEtas.—Every
675 2227 112 75 animal
814 2227 78 75 mull
919 2227 58 75 not
1001 2227 77 75 only
1101 2227 94 75 begin
1220 2227 35 75 to

226 2274 91 75 exill,
343 2274 62 75 and
419 2274 81 75 have
516 2274 70 75 that
614 2274 158 75 exillence
795 2274 153 75 difiblved
976 2274 44 75 by
1048 2274 110 75 death,
1195 2274 58 75 but

226 2320 80 75 mull
336 2320 139 75 likewife
502 2320 68 75 pafs
599 2320 138 75 through
767 2320 18 75 a
812 2320 132 75 number
971 2320 42 75 of
1033 2320 223 75 intermediate

227 2367 136 75 changes
380 2367 33 75 in
429 2367 41 75 its
488 2367 192 75 appearance
693 2367 60 75 and
767 2367 174 75 afFeiSions.
977 2367 149 75 Infancy,
1142 2367 113 75 youth,

225 2413 165 75 manhood,
409 2413 55 75 old
475 2413 71 75 ape,
571 2413 53 75 are
641 2413 72 75 char
719 2413 150 75 after!fed
884 2413 43 75 by
944 2413 200 75 imbecillity,
1162 2413 93 75 beau-

228 2460 43 75 ty,
280 2460 163 75 fertility,
473 2460 121 75 dotage'
594 2460 11 75 ,
632 2460 52 75 are
710 2460 56 75 not
793 2460 44 75 all
860 2460 88 75 thefe
976 2460 187 75 viciffitudes
1180 2460 76 75 con-

226 2505 146 75 ipicuous
388 2505 32 75 in
445 2505 55 75 the
524 2505 163 75 vegetable
705 2505 124 75 world?
872 2505 109 75 Weak
1006 2505 60 75 and
1089 2505 112 75 tender
1223 2505 35 75 in

229 2553 128 75 infancy
373 2553 11 75 ;
419 2553 153 75 beautiful
600 2553 62 75 and
691 2553 153 75 falacious
867 2553 33 75 in
914 2553 121 75 youth;
1072 2553 111 75 grave,
1205 2553 51 75 ro-

229 2598 79 75 bult,
334 2598 61 75 and
420 2598 128 75 fruitful
576 2598 32 75 in
628 2598 177 75 manhood;
841 2598 62 75 and
928 2598 92 75 when
1045 2598 55 75 old
1118 2598 60 75 age
1201 2598 56 75 ap-

227 2645 167 75 proaches,
419 2645 55 75 the
498 2645 83 75 head
607 2645 129 75 droops,
762 2645 56 75 the
834 2645 120 75 fprings
980 2645 40 75 of
1040 2645 57 75 life
1125 2645 61 75 dry
1201 2645 55 75 up,

230 2691 74 75 and,
329 2691 32 75 in
379 2691 72 75 fine,
477 2691 55 75 the
550 2691 78 75 poor
645 2691 153 75 tottering
814 2691 166 75 vegetable
995 2691 125 75 returns
1137 2691 35 75 to
1189 2691 70 75 that

228 2738 73 75 dujl
317 2738 88 75 from
417 2738 130 75 whence
563 2738 25 75 it
605 2738 127 75 fprung.

278 2781 23 75 “
330 2781 32 75 3.
388 2781 234 75 Mctus.—No
638 2781 168 75 inanimate
827 2781 86 75 body
936 2781 27 75 is
987 2781 130 75 capable
1134 2781 39 75 of
1184 2781 73 75 felf-

229 2829 135 75 motioo.
402 2829 179 75 Whatever
593 2829 108 75 moves
717 2829 239 75 fpontaneoully
971 2829 28 75 is
1014 2829 157 75 endowed
1181 2829 78 75 with

231 2876 16 75 a
265 2876 99 75 living
380 2876 152 75 principle
544 2876 10 75 ;
573 2876 52 75 for
641 2876 121 75 motion
780 2876 139 75 depends
930 2876 41 75 on
984 2876 55 75 the
1051 2876 208 75 fpontaneous

231 2921 179 75 propulfion
427 2921 40 75 of
485 2921 164 75 humours-,
675 2921 62 75 and
763 2921 196 75 where-ever
983 2921 91 75 there
1090 2921 29 75 is
1134 2921 19 75 a
1169 2921 90 75 fpon-

232 2967 130 75 taneous
379 2967 178 75 propulfion
574 2967 39 75 of
632 2967 165 75 humours,
822 2967 90 75 there
929 2967 63 75 alfo
1010 2967 25 75 is
1052 2967 69 75 life.
1168 2967 93 75 That

232 3013 179 75 vegetables
429 3013 53 75 are
498 3013 127 75 capable
643 3013 40 75 of
694 3013 123 75 motion
833 3013 25 75 is
876 3013 127 75 evident
1019 3013 85 75 from
1124 3013 56 75 the
1196 3013 63 75 fol-

232 3061 118 75 lowing
364 3061 100 75 fafts:
490 3061 131 75 Plants,,
638 3061 94 75 when
761 3061 143 75 confined
936 3061 111 75 within
1079 3061 109 75 doors,
1214 3061 47 75 al-

1326 215 41 75 A
1482 215 42 75 N
1641 215 50 75 Y.

1305 277 85 75 ways
1407 277 84 75 bend
1508 277 139 75 towards
1672 277 56 75 the
1743 277 96 75 light,
1864 277 60 75 and
1941 277 85 75 fome
2043 277 40 75 of
2093 277 86 75 them
2193 277 77 75 even
2283 277 46 75 at-

1304 323 100 75 tempt
1437 323 34 75 to
1503 323 93 75 make
1623 323 85 75 their
1738 323 109 75 efcape
1879 323 43 75 by
1953 323 56 75 the
2040 323 166 75 windows.
2253 323 78 75 The

1302 370 123 75 flowers
1442 370 40 75 of
1494 370 95 75 many
1603 370 116 75 plants,
1745 370 167 75 efpeciaily
1927 370 90 75 thofe
2034 370 38 75 of
2084 370 55 75 the
2154 370 178 75 fyngenefia

1304 416 90 75 clafs,
1420 416 112 75 purfue
1552 416 55 75 the
1623 416 56 75 fun
1703 416 85 75 from
1811 416 62 75 ealt
1896 416 34 75 to
1954 416 36 75 w'
1990 416 50 75 ell,
2065 416 153 75 rejoicing
2234 416 32 75 in
2281 416 51 75 his

1304 462 119 75 beams.
1471 462 93 75 Who
1581 462 75 75 then
1685 462 56 75 can
1766 462 83 75 deny
1866 462 70 75 that
1952 462 179 75 vegetables
2149 462 53 75 are
2219 462 111 75 poflef-

1304 509 54 75 fed
1374 509 40 75 of
1424 509 99 75 living
1539 509 62 75 and
1616 509 204 75 felf-moving
1836 509 122 75 powers
1972 509 12 75 ?

1354 557 23 75 “
1412 557 34 75 4.
1479 557 151 75 Morbus.
1639 557 48 75 —
1694 557 77 75 The
1800 557 81 75 term
1914 557 117 75 difeafe
2062 557 105 75 means
2196 557 135 75 nothing

1305 602 87 75 more
1409 602 76 75 than
1504 602 17 75 a
1537 602 118 75 certain
1669 602 182 75 corruption
1868 602 41 75 of
1918 602 76 75 life:
2022 602 31 75 It
2069 602 26 75 is
2112 602 73 75 well
2201 602 129 75 known,

1305 649 69 75 that
1391 649 179 75 vegetables
1588 649 53 75 are
1657 649 119 75 fubjeft
1791 649 35 75 to
1842 649 132 75 difeafes
1992 649 33 75 as
2037 649 72 75 well
2127 649 33 75 as
2176 649 130 75 animals
2319 649 8 75 :

1304 694 111 75 When
1438 694 219 75 over-heated,
1683 694 77 75 they
1776 694 73 75 turn
1869 694 124 75 thirlly,
2017 694 152 75 languiih,
2195 694 63 75 and
2272 694 57 75 fall

1305 740 33 75 to
1365 740 56 75 the
1446 740 145 75 ground:
1633 740 112 75 When
1772 740 57 75 too
1856 740 86 75 cold,
1968 740 78 75 they
2069 740 53 75 are
2151 740 180 75 tormented

1305 787 77 75 with
1399 787 55 75 the
1471 787 163 75 chilblain,
1659 787 62 75 and
1746 787 55 75 not
1818 787 227 75 unfrequently
2060 787 110 75 expire
2182 787 11 75 :
2233 787 97 75 They

1306 834 52 75 are
1377 834 178 75 fometimes
1572 834 133 75 afflifted
1721 834 79 75 with
1824 834 127 75 cancers
1966 834 10 75 ;
2004 834 62 75 and
2082 834 96 75 every
2201 834 88 75 plant
2305 834 27 75 is

1304 881 132 75 infefted
1451 881 78 75 with
1545 881 61 75 lice
1625 881 140 75 peculiar
1781 881 35 75 to
1831 881 42 75 its
1887 881 130 75 fpecies.

1354 928 23 75 “
1406 928 32 75 5.
1472 928 270 75 Mors.—Death
1765 928 25 75 is
1811 928 137 75 oppofed
1973 928 34 75 to
2036 928 67 75 life,
2128 928 55 75 the
2211 928 120 75 former

1304 973 93 75 being
1414 973 76 75 only
1507 973 17 75 a
1541 973 156 75 privation
1713 973 40 75 of
1770 973 55 75 the
1841 973 107 75 latter.
1997 973 203 75 Experience
2217 973 114 75 ihows,

1304 1020 69 75 that
1391 1020 95 75 every
1512 1020 99 75 living
1633 1020 143 75 creature
1793 1020 79 75 muft
1888 1020 63 75 die.
2000 1020 78 75 But,
2103 1020 34 75 as
2147 1020 184 75 vegetables

1305 1066 52 75 are
1373 1066 87 75 daily
1477 1066 53 75 cut
1547 1066 52 75 off
1610 1066 44 75 by
1669 1066 135 75 internal
1832 1066 131 75 difeafes
1992 1066 63 75 and
2081 1066 144 75 external
2247 1066 82 75 inju-

1305 1112 61 75 ries
1377 1112 10 75 ;
1415 1112 33 75 as
1465 1112 76 75 they
1558 1112 53 75 are
1626 1112 119 75 fubjeft
1761 1112 34 75 to
1823 1112 97 75 death
1950 1112 84 75 from
2062 1112 54 75 the
2145 1112 123 75 attacks
2296 1112 41 75 of

1304 1159 135 75 hunger,
1476 1159 104 75 third,
1610 1159 87 75 heat,
1731 1159 85 75 cold,
1851 1159 63 75 &c.
1949 1159 78 75 with
2054 1159 88 75 what
2168 1159 164 75 propriety

1306 1206 93 75 could
1415 1206 180 75 vegetables
1613 1206 38 75 be
1668 1206 72 75 thus
1753 1206 67 75 faid
1835 1206 36 75 to
1887 1206 65 75 die,
1970 1206 102 75 unlefs
2085 1206 48 75 we
2149 1206 93 75 allow
2261 1206 70 75 that

1304 1252 77 75 they
1396 1252 176 75 previoufly
1589 1252 91 75 lived
1689 1252 20 75 ?

1351 1298 23 75 “
1401 1298 33 75 6.
1461 1298 353 75 Anatomia.—Under
1836 1298 64 75 this
1929 1298 109 75 article
2055 1298 47 75 we
2120 1298 52 75 are
2189 1298 141 75 referred

1304 1342 33 75 to
1353 1342 197 75 Malpighius
1579 1342 62 75 and
1666 1342 104 75 Grew
1784 1342 53 75 for
1864 1342 56 75 the
1948 1342 127 75 organic
2098 1342 106 75 fibres,
2230 1342 98 75 mem-

1304 1389 122 75 branes,
1460 1389 117 75 canals,
1614 1389 139 75 veficles,
1779 1389 64 75 <bc.
1879 1389 40 75 of
1940 1389 116 75 plants,
2091 1389 34 75 as
2153 1389 176 75 additional

1302 1436 109 75 proofs
1428 1436 39 75 of
1482 1436 84 75 their
1582 1436 99 75 living
1699 1436 137 75 powers.

1351 1481 23 75 “
1401 1481 34 75 7.
1460 1481 474 75 Organizatio.—Vegetables
1958 1481 56 75 not
2031 1481 77 75 only
2135 1481 110 75 propel
2268 1481 59 75 hu-

1302 1527 120 75 mours,
1447 1527 57 75 but
1521 1527 65 75 alfo
1597 1527 132 75 prepare
1747 1527 64 75 and
1825 1527 107 75 fecern
1949 1527 18 75 a
1983 1527 131 75 number
2132 1527 38 75 of
2182 1527 149 75 different

1303 1574 96 75 juices
1416 1574 52 75 for
1483 1574 55 75 the
1556 1574 92 75 fruit,
1673 1574 56 75 the
1745 1574 119 75 neftar,
1882 1574 64 75 fee.
1972 1574 170 75 analagous
2158 1574 34 75 to
2207 1574 55 75 the
2276 1574 54 75 va-

1303 1620 83 75 rious
1404 1620 168 75 fecretions
1588 1620 32 75 in
1637 1620 114 75 animal
1767 1620 150 75 bodies.”

1349 1666 95 75 From
1456 1666 87 75 thefe
1559 1666 78 75 fafts
1649 1666 62 75 and
1727 1666 228 75 obfervatiohs,
1980 1666 150 75 Linnseus
2148 1666 183 75 concludes,

1302 1712 70 75 that
1388 1712 103 75 plants
1509 1712 53 75 are
1576 1712 262 75 unqueflionably
1860 1712 154 75 endowed
2039 1712 78 75 with
2134 1712 57 75 life
2208 1712 33 75 as
2257 1712 75 75 well

1303 1760 35 75 as
1353 1760 153 75 animals;
1527 1760 68 75 and
1610 1760 76 75 then
1704 1760 153 75 proceeds
1880 1760 33 75 in
1937 1760 55 75 the
2020 1760 166 75 following
2202 1760 132 75 manner

1302 1805 35 75 to
1354 1805 81 75 flvew
1452 1805 73 75 how
1542 1805 87 75 thefe
1658 1805 159 75 animated
1843 1805 182 75 vegetables
2052 1805 172 75 propagate
2246 1805 85 75 their

1302 1852 129 75 fpecies.

1352 1897 96 75 After
1468 1897 162 75 difeufling
1646 1897 54 75 the
1716 1897 77 75 long
1808 1897 161 75 exploded
1991 1897 142 75 doftrine
2150 1897 39 75 of
2200 1897 132 75 equivo-

1305 1944 46 75 cal
1372 1944 197 75 generation,
1593 1944 41 75 he
1657 1944 68 75 lays
1751 1944 79 75 hold
1852 1944 41 75 of
1910 1944 134 75 another
2070 1944 122 75 maxim
2216 1944 40 75 of
2278 1944 63 75 Dr-

1309 1990 141 75 Harvey,
1474 1990 69 75 viz.
1568 1990 100 75 Omne
1684 1990 111 75 vivum
1813 1990 37 75 ex
1870 1990 142 75 ovo.—“
2038 1990 31 75 It
2086 1990 95 75 being
2198 1990 88 75 fully,
2296 1990 34 75 e-

1304 2036 145 75 vident,”
1473 2036 70 75 fays
1559 2036 54 75 he,
1641 2036 23 75 “
1683 2036 85 75 from
1785 2036 54 75 the
1856 2036 166 75 foregoing
2038 2036 93 75 chain
2155 2036 40 75 of
2206 2036 125 75 reafon-

1304 2082 65 75 ing,
1395 2082 70 75 that
1482 2082 182 75 vegetables
1681 2082 54 75 are
1755 2082 155 75 endowed
1928 2082 78 75 with
2023 2082 68 75 life,
2108 2082 25 75 it
2150 2082 183 75 neceflarily

1305 2129 138 75 follows,
1469 2129 164 75 agreeable
1657 2129 35 75 to
1708 2129 62 75 this
1788 2129 119 75 maxim
1924 2129 39 75 of
1976 2129 172 75 Harvey’s,
2172 2129 71 75 that
2260 2129 73 75 eve-

1305 2175 38 75 ry
1373 2175 163 75 vegetable
1564 2175 78 75 mud
1666 2175 33 75 in
1727 2175 63 75 like
1818 2175 129 75 manner
1974 2175 108 75 derive
2109 2175 41 75 its
2177 2175 157 75 exidence

1304 2222 83 75 from
1404 2222 38 75 an
1459 2222 70 75 egg.
1577 2222 66 75 But
1661 2222 34 75 as
1711 2222 181 75 vegetables
1911 2222 138 75 proceed
2065 2222 83 75 from
2165 2222 88 75 eggs,
2272 2222 62 75 and

1305 2269 32 75 as
1354 2269 25 75 it
1399 2269 26 75 is
1441 2269 55 75 the
1511 2269 234 75 didinguifhing
1761 2269 151 75 property
1929 2269 39 75 of
1980 2269 39 75 an
2035 2269 61 75 egg
2112 2269 34 75 to
2163 2269 71 75 give
2246 2269 87 75 birth

1306 2315 33 75 to
1356 2315 18 75 a
1390 2315 93 75 being
1499 2315 115 75 fimilar
1630 2315 34 75 to
1687 2315 70 75 that
1775 2315 104 75 which
1910 2315 163 75 produced
2104 2315 38 75 it,
2168 2315 54 75 the
2244 2315 90 75 feeds

1306 2361 79 75 mud
1402 2361 39 75 of
1453 2361 108 75 courfe
1585 2361 39 75 be
1641 2361 54 75 the
1718 2361 72 75 eggs
1806 2361 40 75 of
1857 2361 194 75 vegetables.

1355 2407 23 75 “
1404 2407 163 75 Granting
1583 2407 76 75 then
1676 2407 70 75 that
1763 2407 54 75 the
1835 2407 87 75 feeds
1946 2407 40 75 of
2008 2407 179 75 vegetables
2211 2407 61 75 are.
2286 2407 48 75 in-

1306 2454 119 75 tended
1444 2454 43 75 by
1506 2454 110 75 nature
1633 2454 35 75 to
1685 2454 119 75 anfwer
1826 2454 54 75 the
1896 2454 84 75 fame
1999 2454 62 75 end
2084 2454 33 75 as
2135 2454 54 75 the
2206 2454 75 75 eggs
2299 2454 43 75 of

1306 2500 145 75 animals,
1475 2500 61 75 and
1551 2500 197 75 confidering
1772 2500 33 75 at
1829 2500 55 75 the
1906 2500 83 75 fame
2013 2500 76 75 time
2113 2500 70 75 that
2205 2500 42 75 no
2274 2500 61 75 egg

1306 2547 56 75 can
1379 2547 39 75 be
1435 2547 191 75 fecundated
1637 2547 136 75 without
1786 2547 157 75 receiving
1956 2547 39 75 an
2007 2547 230 75 impregnation
2250 2547 92 75 front-

1307 2593 54 75 the
1378 2593 94 75 male,
1497 2593 25 75 it
1539 2593 139 75 follows,
1703 2593 72 75 that
1790 2593 55 75 the
1861 2593 73 75 feed
1950 2593 37 75 or
2003 2593 76 75 eggs
2097 2593 38 75 of
2154 2593 181 75 vegetables

1308 2638 115 75 cannot
1439 2638 39 75 be
1495 2638 191 75 fecundated
1713 2638 43 75 by
1780 2638 61 75 any
1857 2638 94 75 other
1972 2638 120 75 means.
2140 2638 113 75 Hence
2270 2638 65 75 alfo

1307 2685 55 75 the
1385 2685 145 75 neceflity
1546 2685 41 75 of
1597 2685 181 75 vegetables
1794 2685 95 75 being
1905 2685 153 75 provided
2075 2685 77 75 with
2170 2685 113 75 organs
2301 2685 40 75 of

1307 2729 196 75 generation.
1552 2729 67 75 But
1636 2729 105 75 where
1759 2729 52 75 are
1827 2729 86 75 thefe
1930 2729 114 75 organs
2067 2729 134 75 fituated
2213 2729 12 75 ?
2259 2729 78 75 The

1308 2776 118 75 anfwer
1447 2776 26 75 is
1498 2776 201 75 eafy:—We
1726 2776 81 75 have
1834 2776 129 75 already
1990 2776 101 75 found
2118 2776 218 75 impregnated

1307 2823 87 75 feeds
1413 2823 111 75 within
1541 2823 56 75 the
1624 2823 124 75 flowers
1777 2823 39 75 of
1839 2823 102 75 plants
1954 2823 9 75 ;
1991 2823 62 75 and
2069 2823 25 75 it
2111 2823 28 75 is
2158 2823 124 75 natural
2299 2823 37 75 to

1308 2869 111 75 expeft
1435 2869 71 75 that
1522 2869 54 75 the
1587 2869 165 75 genitalia
1765 2869 111 75 fliould
1887 2869 56 75 not
1956 2869 39 75 be
2008 2869 34 75 at
2053 2869 19 75 a
2084 2869 89 75 great
2185 2869 150 75 didance.

1308 2915 101 75 Now,
1434 2915 33 75 as
1493 2915 180 75 copulation
1701 2915 117 75 always
1846 2915 150 75 precedes
2024 2915 98 75 birth,
2156 2915 61 75 and
2242 2915 97 75 every

1299 2961 118 75 flower
1431 2961 151 75 precedes
1599 2961 55 75 the
1670 2961 111 75 fruit.,
1806 2961 55 75 the
1883 2961 196 75 generating
2096 2961 132 75 faculty
2256 2961 82 75 mud

1309 3008 38 75 be
1364 3008 140 75 aferibed
1528 3008 36 75 to
1592 3008 56 75 the
1663 3008 129 75 flower,
1817 3008 63 75 and
1904 3008 55 75 the
1984 3008 87 75 birth
2095 3008 35 75 to
2155 3008 56 75 the
2225 3008 112 75 fruit.

1310 3055 119 75 Again,
1454 3055 35 75 as
1504 3055 55 75 the
1574 3055 144 75 anther#
1734 3055 60 75 and
1801 3055 162 75 Jligmata
1988 3055 53 75 are
2068 3055 54 75 the
2147 3055 76 75 only
2239 3055 97 75 eflen-
