2493 3387
245 174 84 75 444

805 174 499 75 ASTRO

246 230 75 75 than
339 230 32 75 in
388 230 70 75 that
475 230 40 75 of
527 230 57 75 our
601 230 91 75 earth
705 230 8 75 :
743 230 75 75 And
836 230 48 75 we
899 230 68 75 find
989 230 70 75 that
1077 230 42 75 all
1137 230 58 75 our
1206 230 77 75 heat

247 277 140 75 depends
406 277 54 75 not
479 277 40 75 on
536 277 56 75 the
618 277 71 75 rays
715 277 40 75 of
777 277 56 75 the
856 277 74 75 fun;
958 277 51 75 for
1033 277 30 75 if
1086 277 26 75 it
1139 277 69 75 did,
1234 277 48 75 we

252 324 109 75 fliould
379 324 119 75 always
515 324 80 75 have
613 324 55 75 the
685 324 82 75 fame
784 324 128 75 months
929 324 130 75 equally
1081 324 58 75 hot
1156 324 38 75 or
1210 324 75 75 cold

250 370 30 75 at
299 370 83 75 their
399 370 113 75 annual
531 370 137 75 returns.
718 370 66 75 But
801 370 25 75 it
843 370 26 75 is
887 370 50 75 far
952 370 181 75 otherwife,
1159 370 51 75 for
1222 370 62 75 Fe-

249 416 116 75 bruary
382 416 25 75 is
425 416 178 75 fometimes
626 416 135 75 warmer
789 416 76 75 than
882 416 104 75 May;
1012 416 104 75 which
1141 416 80 75 mull;
1245 416 39 75 be

249 463 105 75 owing
367 463 34 75 to
419 463 136 75 vapours
573 463 61 75 and
651 463 201 75 exhalations
871 463 84 75 from
967 463 55 75 the
1039 463 104 75 earth.

296 508 108 75 Every
422 508 110 75 perfon
550 508 75 75 who
647 508 93 75 looks
763 508 99 75 upon,
888 508 63 75 and
966 508 162 75 compares
1145 508 56 75 the
1217 508 65 75 fyf-

248 557 81 75 terns
346 557 40 75 of
398 557 113 75 moons
527 557 161 75 together,
706 557 105 75 which
825 557 115 75 belong
957 557 35 75 to
1007 557 127 75 Jupiter
1149 557 61 75 and
1225 557 59 75 Sa-

250 603 84 75 turn,
361 603 79 75 mull:
456 603 41 75 be
509 603 132 75 amazed
659 603 32 75 at
708 603 55 75 the
779 603 66 75 vaft
861 603 184 75 magnitude
1063 603 39 75 of
1114 603 87 75 thefe
1218 603 66 75 two

250 649 135 75 planets,
412 649 62 75 and
491 649 54 75 the
562 649 95 75 noble
674 649 189 75 attendance
879 649 77 75 they
972 649 82 75 have
1070 649 32 75 in
1119 649 118 75 refpeft
1249 649 40 75 of

249 696 57 75 our
323 696 84 75 little
430 696 113 75 earth;
570 696 62 75 and
649 696 57 75 can
723 696 95 75 never
843 696 94 75 bring
963 696 130 75 bimfelf
1117 696 35 75 to
1177 696 105 75 think,

250 743 69 75 that
348 743 38 75 an
404 743 156 75 infinitely
587 743 75 75 wife
690 743 140 75 Creator
847 743 113 75 Ihould
975 743 121 75 difpofe
1113 743 43 75 of
1174 743 42 75 all
1234 743 49 75 his

248 790 130 75 animals
402 790 61 75 and
485 790 182 75 vegetables
695 790 90 75 here,
811 790 125 75 leaving
964 790 55 75 the
1044 790 92 75 other
1160 790 132 75 planets,

248 836 77 75 bare
343 836 61 75 and
420 836 149 75 deftitute
581 836 41 75 of
633 836 134 75 rational
780 836 173 75 creatures.
1001 836 57 75 To
1070 836 130 75 fuppofe
1212 836 72 75 that

248 883 40 75 he
306 883 61 75 had
385 883 62 75 any
459 883 82 75 view
557 883 35 75 to
609 883 59 75 our
689 883 131 75 benefit,
846 883 32 75 in
895 883 141 75 creating
1053 883 88 75 thefe
1158 883 124 75 moons,

250 929 60 75 and
326 929 108 75 giving
451 929 88 75 them
556 929 84 75 their
657 929 137 75 motions
812 929 103 75 round
927 929 127 75 Jupiter
1066 929 62 75 and
1142 929 116 75 Saturn
1269 929 10 75 ;

248 976 33 75 to
298 976 136 75 imagine
451 976 69 75 that
537 976 41 75 he
594 976 150 75 intended
763 976 85 75 thefe
871 976 65 75 vaft
953 976 110 75 bodies
1081 976 50 75 for
1148 976 62 75 any
1227 976 55 75 ad-

250 1022 132 75 vantage
400 1022 35 75 to
451 1022 50 75 us,
528 1022 93 75 when
638 1022 40 75 he
695 1022 73 75 well
784 1022 93 75 knew
893 1022 71 75 that
980 1022 79 75 they
1075 1022 96 75 could
1187 1022 97 75 never

251 1070 38 75 be
313 1070 72 75 feen
401 1070 57 75 but
475 1070 43 75 by
535 1070 18 75 a
570 1070 62 75 few
649 1070 209 75 aflronomers
883 1070 133 75 peeping
1039 1070 140 75 through
1203 1070 80 75 tele-

251 1116 108 75 fcopes
373 1116 10 75 ;
409 1116 63 75 and
489 1116 70 75 that
575 1116 40 75 he
630 1116 77 75 gave
720 1116 34 75 to
766 1116 54 75 the
833 1116 122 75 planets
970 1116 129 75 regular
1111 1116 125 75 returns
1248 1116 41 75 of

253 1162 79 75 days
350 1162 61 75 and
428 1162 120 75 nights,
575 1162 61 75 and
663 1162 151 75 different
836 1162 121 75 feafons
974 1162 34 75 to
1026 1162 41 75 all
1085 1162 106 75 where
1208 1162 77 75 they

248 1209 109 75 would
374 1209 38 75 be
429 1209 208 75 convenient;
664 1209 59 75 but
739 1209 40 75 of
790 1209 41 75 no
848 1209 130 75 manner
994 1209 39 75 of
1048 1209 117 75 fervice
1183 1209 34 75 to
1231 1209 51 75 us,

249 1256 116 75 except
381 1256 76 75 only
474 1256 86 75 what
576 1256 216 75 immediately
809 1256 128 75 regards
950 1256 58 75 our
1020 1256 72 75 own
1109 1256 107 75 planet
1229 1256 54 75 the

249 1302 89 75 earth
350 1302 9 75 ;
373 1302 34 75 to
417 1302 133 75 imagine
563 1302 70 75 that
646 1302 40 75 he
699 1302 56 75 did
767 1302 42 75 all
821 1302 64 75 this
898 1302 42 75 on
949 1302 59 75 our
1020 1302 147 75 account,
1176 1302 108 75 would

249 1350 39 75 be
302 1350 153 75 charging
467 1350 67 75 him
549 1350 164 75 impioufly
725 1350 78 75 with
815 1350 117 75 having
943 1350 83 75 done
1038 1350 95 75 much
1145 1350 32 75 in
1189 1350 92 75 vain;

251 1396 60 75 and
344 1396 33 75 as
404 1396 125 75 abfurd,
556 1396 32 75 as
607 1396 34 75 to
657 1396 137 75 imagine
819 1396 70 75 that
917 1396 40 75 he
975 1396 57 75 has
1050 1396 127 75 created
1195 1396 18 75 a
1229 1396 54 75 lit-

248 1443 46 75 tle
320 1443 55 75 fun
395 1443 64 75 and
483 1443 18 75 a
525 1443 165 75 planetary
713 1443 111 75 fyftem
849 1443 113 75 within
989 1443 56 75 the
1072 1443 75 75 fhell
1166 1443 39 75 of
1224 1443 59 75 our

250 1489 104 75 earth,
381 1489 62 75 and
458 1489 152 75 intended
626 1489 164 75 them-for
807 1489 60 75 our
890 1489 66 75 ufe.
1005 1489 110 75 Thefe
1143 1489 139 75 confide-

251 1536 118 75 rations
395 1536 129 75 amount
541 1536 34 75 to
592 1536 83 75 little
691 1536 59 75 lefs
776 1536 77 75 than
881 1536 18 75 a
926 1536 130 75 pofitive
1081 1536 105 75 proof,
1212 1536 72 75 that

251 1582 43 75 all
318 1582 57 75 the
391 1582 122 75 planets
530 1582 54 75 are
600 1582 165 75 inhabited
781 1582 8 75 :
817 1582 66 75 For
898 1582 32 75 if
941 1582 79 75 they
1043 1582 53 75 are
1113 1582 68 75 not,
1208 1582 75 75 why

250 1628 41 75 all
308 1628 64 75 this
389 1628 72 75 care
487 1628 31 75 in
546 1628 174 75 furnifhing
736 1628 88 75 them
840 1628 79 75 with
935 1628 34 75 fo
987 1628 94 75 many
1097 1628 125 75 moons,
1248 1628 35 75 to

250 1675 111 75 fupply
377 1675 91 75 thofe
485 1675 78 75 with
579 1675 83 75 light
679 1675 103 75 which
800 1675 53 75 are
870 1675 33 75 at
919 1675 54 75 the
990 1675 126 75 greater
1130 1675 154 75 diftances

250 1722 84 75 from
354 1722 55 75 the
425 1722 54 75 fun
493 1722 12 75 ?
558 1722 56 75 Do
631 1722 48 75 we
697 1722 55 75 not
765 1722 62 75 fee,
845 1722 71 75 that
932 1722 55 75 the
1003 1722 124 75 farther
1143 1722 18 75 a
1178 1722 106 75 planet

249 1769 27 75 is
290 1769 85 75 from
392 1769 55 75 the
463 1769 68 75 fun,
549 1769 55 75 the
621 1769 125 75 greater
762 1769 169 75 apparatus
943 1769 27 75 it
982 1769 56 75 has
1055 1769 52 75 for
1123 1769 70 75 that
1210 1769 74 75 pur-

250 1815 73 75 pofe
337 1815 12 75 ?
376 1815 71 75 fave
464 1815 77 75 only
557 1815 106 75 Mars,
689 1815 104 75 which
811 1815 93 75 being
920 1815 59 75 but
1001 1815 19 75 a
1046 1815 89 75 fmall
1163 1815 120 75 planet,

252 1861 73 75 may
340 1861 80 75 have
436 1861 113 75 moons
561 1861 56 75 too
633 1861 90 75 fmall
746 1861 34 75 to
798 1861 39 75 be
854 1861 70 75 feen
942 1861 43 75 by
1007 1861 51 75 us.
1108 1861 66 75 We
1189 1861 97 75 know

252 1907 69 75 that
338 1907 55 75 the
409 1907 90 75 earth
515 1907 76 75 goes
619 1907 104 75 round
747 1907 55 75 the
826 1907 69 75 fun,
920 1907 63 75 and
999 1907 89 75 turns
1113 1907 104 75 round
1242 1907 43 75 its

251 1954 72 75 own
352 1954 82 75 axis,
460 1954 36 75 to
529 1954 138 75 produce
694 1954 57 75 the
778 1954 189 75 viciflitudes
995 1954 40 75 of
1060 1954 136 75 fummer
1222 1954 63 75 and

251 1999 113 75 winter
380 1999 44 75 by
440 1999 56 75 the
513 1999 132 75 former,
670 1999 62 75 and
748 1999 40 75 of
799 1999 64 75 day
879 1999 62 75 and
957 1999 91 75 night
1060 1999 44 75 by
1120 1999 56 75 the
1188 1999 96 75 latter

252 2046 133 75 motion,
411 2046 51 75 for
479 2046 55 75 the
550 2046 117 75 benefit
684 2046 40 75 of
741 2046 41 75 its
799 2046 208 75 inhabitants.
1057 2046 83 75 May
1156 2046 49 75 we
1227 2046 57 75 not

250 2093 77 75 then
344 2093 96 75 fairly
457 2093 166 75 conclude,
647 2093 45 75 by
711 2093 104 75 parity
837 2093 41 75 of
896 2093 122 75 reafoh,
1043 2093 72 75 that
1142 2093 57 75 the
1220 2093 65 75 end

254 2140 62 75 and
332 2140 107 75 defign
457 2140 39 75 of
508 2140 41 75 all
567 2140 55 75 the
639 2140 93 75 other
747 2140 123 75 planets
897 2140 27 75 is
952 2140 55 75 the
1035 2140 82 75 fame
1130 2140 12 75 ?
1180 2140 63 75 and
1259 2140 26 75 is

255 2186 57 75 not
328 2186 63 75 this
409 2186 164 75 agreeable
594 2186 36 75 to
653 2186 55 75 the
724 2186 155 75 beautiful
895 2186 156 75 harmony
1066 2186 108 75 which
1190 2186 96 75 exifts

255 2232 198 75 throughout
470 2232 54 75 the
540 2232 142 75 univerfe
698 2232 12 75 ?

299 2278 39 75 In
363 2278 55 75 fig.
441 2278 30 75 2.
497 2278 49 75 we
563 2278 81 75 have
661 2278 19 75 a
695 2278 82 75 view
794 2278 40 75 of
844 2278 55 75 the
915 2278 216 75 proportional
1149 2278 136 75 breadth

254 2326 40 75 of
316 2326 55 75 the
398 2326 84 75 funs
509 2326 70 75 face
607 2326 37 75 or
667 2326 80 75 difle,
780 2326 32 75 as
841 2326 71 75 feen
940 2326 84 75 from
1053 2326 56 75 the
1136 2326 151 75 different

254 2371 136 75 planets.
438 2371 77 75 The
542 2371 56 75 fun
625 2371 26 75 is
681 2371 212 75 reprefented,
917 2371 54 75 N
994 2371 28 75 i,
1047 2371 33 75 as
1104 2371 70 75 feen
1202 2371 84 75 from

254 2418 176 75 Mercury;
456 2418 57 75 N
534 2418 33 75 2,
592 2418 35 75 as
655 2418 70 75 feen
749 2418 85 75 from
857 2418 132 75 Venus;
1024 2418 53 75 N
1098 2418 31 75 3,
1155 2418 34 75 as
1214 2418 72 75 feen

254 2465 84 75 from
367 2465 55 75 the
438 2465 91 75 earth
543 2465 10 75 ;
580 2465 54 75 N
652 2465 34 75 4,
712 2465 33 75 as
767 2465 71 75 feen
866 2465 84 75 from
974 2465 115 75 Mars;
1115 2465 57 75 N
1195 2465 31 75 j,
1252 2465 34 75 as

253 2512 71 75 feen
341 2512 84 75 from
449 2512 150 75 Jupiter;
626 2512 63 75 and
705 2512 53 75 N
776 2512 34 75 6,
835 2512 34 75 as
886 2512 71 75 feen
981 2512 83 75 from
1082 2512 130 75 Saturn.

296 2558 63 75 Let
372 2558 54 75 the
438 2558 96 75 circle
546 2558 42 75 B,
604 2558 72 75 (fig.
687 2558 50 75 3.)
747 2558 40 75 be
796 2558 54 75 the
859 2558 56 75 fun
925 2558 33 75 as
968 2558 71 75 feen
1049 2558 83 75 from
1142 2558 61 75 any
1212 2558 66 75 pla-

255 2604 66 75 ner,
340 2604 32 75 at
385 2604 18 75 a
414 2604 92 75 given
524 2604 138 75 diftance
674 2604 8 75 ;
703 2604 34 75 to
750 2604 135 75 another
901 2604 118 75 planet,
1034 2604 32 75 at
1079 2604 116 75 double
1212 2604 71 75 that

257 2650 150 75 diftance,
433 2650 56 75 the
506 2650 54 75 fun
584 2650 65 75 will
667 2650 116 75 appear
806 2650 64 75 juft
886 2650 40 75 of
952 2650 75 75 half
1048 2650 70 75 that
1134 2650 148 75 breadth,

257 2697 32 75 as
311 2697 41 75 V,
378 2697 104 75 which
500 2697 143 75 contains
661 2697 78 75 only
755 2697 59 75 one
831 2697 111 75 fourth
959 2697 72 75 part
1058 2697 41 75 of
1126 2697 55 75 the
1198 2697 84 75 area,

256 2744 36 75 or
316 2744 123 75 furface
466 2744 39 75 of
529 2744 43 75 B.
628 2744 66 75 For
717 2744 43 75 all
785 2744 123 75 circles,
949 2744 34 75 as
1011 2744 74 75 well
1113 2744 35 75 as
1171 2744 113 75 fquare

255 2791 149 75 furfaces,
431 2791 52 75 are
499 2791 36 75 to
552 2791 59 75 one
635 2791 133 75 another
792 2791 33 75 as
847 2791 55 75 the
920 2791 126 75 fquares
1063 2791 40 75 of
1120 2791 85 75 their
1217 2791 67 75 dia-

255 2836 131 75 meters.
402 2836 109 75 Thus,
524 2836 71 75 (fig.
607 2836 50 75 4.)
672 2836 54 75 the
739 2836 112 75 fquare
862 2836 35 75 A
905 2836 26 75 is
943 2836 61 75 juft
1015 2836 74 75 half
1095 2836 33 75 as
1140 2836 101 75 broad
1251 2836 33 75 as

256 2884 55 75 the
324 2884 111 75 fquare
448 2884 29 75 B
490 2884 9 75 ;
519 2884 63 75 and
597 2884 54 75 yet
668 2884 25 75 it
705 2884 26 75 is
748 2884 84 75 plain
851 2884 35 75 to
902 2884 92 75 fight,
1011 2884 71 75 that
1100 2884 29 75 B
1141 2884 144 75 contains

256 2930 73 75 four
345 2930 91 75 times
455 2930 33 75 as
505 2930 94 75 much
612 2930 121 75 furface
750 2930 32 75 as
801 2930 44 75 A.
894 2930 125 75 Hence,
1044 2930 44 75 by
1100 2930 184 75 comparing

255 2977 55 75 the
327 2977 168 75 diameters
520 2977 40 75 of
579 2977 55 75 the
650 2977 99 75 above
766 2977 112 75 circles
905 2977 70 75 (fig.
995 2977 49 75 2.)
1072 2977 160 75 together,
1258 2977 26 75 it

256 3024 65 75 will
339 3024 38 75 be
395 3024 112 75 found,
533 3024 82 75 that,
642 3024 31 75 in
702 3024 104 75 round
823 3024 160 75 numbers,
1011 3024 52 75 the
1081 3024 55 75 fun
1153 3024 131 75 appears

1383 167 42 75 M
1505 167 41 75 O
1625 167 49 75 M
1750 167 56 75 Y.

1336 234 17 75 7
1371 234 94 75 times
1482 234 104 75 larger
1602 234 35 75 to
1654 234 156 75 Mercury
1827 234 76 75 than
1917 234 35 75 to
1965 234 51 75 us,
2043 234 45 75 90
2100 234 95 75 times
2212 234 103 75 larger
2328 234 35 75 to

1331 280 36 75 us
1383 280 77 75 than
1477 280 35 75 to
1531 280 130 75 Saturn,
1688 280 63 75 and
1763 280 69 75 630
1846 280 94 75 times
1953 280 34 75 as
2003 280 89 75 large
2109 280 36 75 to
2161 280 158 75 Mercury
2330 280 35 75 as

1331 328 34 75 to
1382 328 132 75 Saturn.

1378 374 36 75 In
1443 374 56 75 fig.
1520 374 31 75 5.
1577 374 49 75 we
1642 374 81 75 have
1740 374 18 75 a
1774 374 81 75 view
1871 374 40 75 of
1930 374 56 75 the
2002 374 95 75 bulks
2114 374 40 75 of
2164 374 55 75 the
2241 374 126 75 planets

1329 420 34 75 In
1391 420 186 75 proportion
1605 420 35 75 to
1656 420 78 75 each
1751 420 105 75 other,
1882 420 64 75 and
1964 420 35 75 to
2017 420 18 75 a
2050 420 155 75 fuppofed
2221 420 94 75 globe
2332 420 41 75 of

1330 467 67 75 two
1417 467 66 75 feet
1506 467 156 75 diameter
1679 467 51 75 for
1747 467 55 75 the
1829 467 69 75 fun.
1960 467 77 75 The
2053 467 91 75 earth
2161 467 27 75 is
2209 467 42 75 27
2269 467 95 75 times

1329 513 32 75 as
1372 513 53 75 big
1438 513 32 75 as
1484 513 168 75 Mercury,
1665 513 79 75 very
1754 513 85 75 little
1851 513 111 75 bigger
1974 513 76 75 than
2062 513 125 75 Venus,
2201 513 60 75 five
2271 513 95 75 times

1331 559 32 75 as
1386 559 54 75 big
1457 559 33 75 as
1507 559 94 75 Mars
1615 559 11 75 ;
1652 559 58 75 but
1733 559 126 75 Jupiter
1876 559 26 75 is
1924 559 87 75 1049
2027 559 93 75 times
2138 559 33 75 as
2189 559 55 75 big
2260 559 33 75 as
2310 559 57 75 the

1330 606 90 75 earth
1435 606 11 75 ;
1474 606 119 75 Saturn
1621 606 66 75 586
1708 606 94 75 times
1819 606 34 75 as
1869 606 66 75 big,
1962 606 157 75 exclufive
2136 606 41 75 of
2195 606 50 75 his
2269 606 71 75 ring
2354 606 12 75 ;

1331 652 62 75 and
1409 652 55 75 the
1485 652 57 75 fun
1566 652 26 75 is
1619 652 68 75 877
1705 652 157 75 thoufand
1891 652 68 75 650
1987 652 93 75 times
2103 652 34 75 as
2165 652 54 75 big
2248 652 34 75 as
2310 652 57 75 the

1331 699 102 75 earth.
1483 699 38 75 If
1542 699 56 75 the
1623 699 124 75 planets
1771 699 31 75 in
1831 699 65 75 this
1921 699 100 75 figure
2046 699 82 75 were
2156 699 46 75 fet
2226 699 33 75 at
2283 699 83 75 their

1331 746 61 75 due
1408 746 152 75 diftances
1578 746 85 75 from
1680 746 18 75 a
1714 746 56 75 fun
1786 746 40 75 of
1838 746 66 75 two
1920 746 67 75 feet
2002 746 167 75 diameter,
2194 746 172 75 according

1332 792 33 75 to
1389 792 85 75 their
1496 792 220 75 proportional
1744 792 106 75 bulks,
1876 792 33 75 as
1933 792 31 75 in
1985 792 59 75 our
2060 792 124 75 fyftem,
2209 792 157 75 Mercury

1331 838 108 75 would
1453 838 42 75 be
1513 838 41 75 28
1574 838 96 75 yards
1697 838 85 75 from
1809 838 55 75 the
1892 838 84 75 funs
2004 838 108 75 centre
2131 838 10 75 ;
2183 838 111 75 Venus
2321 838 17 75 y
2350 838 12 75 t

1330 885 94 75 yards
1447 885 13 75 1
1482 885 91 75 foot;
1609 885 55 75 the
1689 885 92 75 earth
1808 885 44 75 70
1877 885 96 75 yards
2003 885 18 75 2
2052 885 87 75 feet;
2174 885 94 75 Mars
2302 885 62 75 107

1330 931 94 75 yards
1439 931 17 75 2
1471 931 87 75 feet;
1585 931 126 75 Jupiter
1730 931 67 75 370
1814 931 96 75 yards
1930 931 17 75 2
1966 931 87 75 feet;
2080 931 63 75 and
2161 931 116 75 Saturn
2297 931 68 75 760

1330 978 94 75 yards
1451 978 66 75 two
1545 978 89 75 feet;
1674 978 55 75 the
1757 978 106 75 comet
1889 978 40 75 of
1951 978 56 75 the
2035 978 74 75 year
2139 978 101 75 1680,
2266 978 33 75 at
2322 978 42 75 its

1330 1024 134 75 greateft
1480 1024 149 75 diftance,
1660 1024 40 75 10
1718 1024 157 75 thoufand
1899 1024 66 75 760
1989 1024 108 75 yards.
2147 1024 37 75 In
2202 1024 63 75 this
2290 1024 73 75 pro-

1330 1070 139 75 portion,
1496 1070 54 75 the
1566 1070 107 75 moon'
1673 1070 17 75 s
1707 1070 138 75 diftance
1861 1070 84 75 from
1961 1070 54 75 the
2033 1070 106 75 centre
2155 1070 39 75 of
2202 1070 55 75 the
2273 1070 92 75 earth

1329 1116 110 75 would
1454 1116 39 75 be
1510 1116 77 75 only
1607 1116 45 75 74
1674 1116 123 75 inches.

1376 1163 55 75 To
1448 1163 75 75 affift
1536 1163 55 75 the
1603 1163 207 75 imagination
1827 1163 31 75 in
1876 1163 139 75 forming
2032 1163 38 75 an
2088 1163 73 75 idea
2178 1163 40 75 of
2229 1163 55 75 the
2299 1163 67 75 vafl:

1330 1209 151 75 diftances
1509 1209 40 75 of
1567 1209 56 75 the
1647 1209 68 75 fun,
1741 1209 136 75 planets,
1901 1209 64 75 and
1987 1209 91 75 ftars,
2103 1209 45 75 let
2167 1209 37 75 us
2221 1209 143 75 fuppofe,

1331 1255 69 75 that
1424 1255 19 75 a
1459 1255 89 75 body
1567 1255 163 75 projedled
1745 1255 84 75 from
1854 1255 56 75 the
1933 1255 56 75 fun
2013 1255 110 75 fliould
2152 1255 150 75 continue
2330 1255 35 75 to

1329 1302 45 75 fly
1389 1302 79 75 with
1484 1302 55 75 the
1556 1302 156 75 fwiftnefs
1740 1302 40 75 of
1803 1302 19 75 a
1846 1302 218 75 cannon-ball,
2089 1302 26 75 i.
2133 1302 28 75 e.
2188 1302 68 75 480
2274 1302 91 75 miles

1330 1348 97 75 every
1449 1348 103 75 hour;
1579 1348 63 75 this
1660 1348 86 75 body
1762 1348 109 75 would
1891 1348 94 75 reach
2003 1348 56 75 the
2076 1348 86 75 orbit
2178 1348 41 75 of
2230 1348 134 75 Mercu-

1331 1393 49 75 ry,
1405 1393 31 75 in
1457 1393 17 75 7
1493 1393 92 75 years
1604 1393 63 75 221
1688 1393 78 75 days
1781 1393 10 75 ;
1819 1393 39 75 of
1869 1393 124 75 Venus,
2011 1393 31 75 in
2065 1393 40 75 14
2121 1393 92 75 years
2227 1393 20 75 8
2261 1393 101 75 days;

1329 1440 39 75 of
1381 1440 54 75 the
1453 1440 103 75 earth,
1574 1440 31 75 in
1628 1440 41 75 19
1687 1440 91 75 years
1797 1440 40 75 91
1858 1440 102 75 days;
1986 1440 40 75 of
2037 1440 106 75 Mars,
2169 1440 32 75 in
2215 1440 44 75 29
2272 1440 92 75 years

1331 1488 41 75 8y
1391 1488 78 75 days
1485 1488 10 75 ;
1527 1488 41 75 of
1589 1488 139 75 Jupiter,
1752 1488 34 75 in
1819 1488 66 75 100
1909 1488 92 75 years
2028 1488 68 75 280
2112 1488 100 75 days;
2252 1488 39 75 of
2304 1488 59 75 Sa-

1331 1535 84 75 turn,
1440 1535 33 75 in
1495 1535 64 75 184
1576 1535 93 75 years
1688 1535 69 75 240
1772 1535 78 75 days
1865 1535 10 75 ;
1901 1535 35 75 to
1953 1535 54 75 the
2025 1535 104 75 comet
2145 1535 40 75 of
2200 1535 100 75 1680,
2327 1535 34 75 at

1327 1581 41 75 its
1392 1581 133 75 greateft
1550 1581 137 75 diftance
1711 1581 86 75 f/om
1824 1581 53 75 the
1901 1581 69 75 fun,
2000 1581 32 75 in
2051 1581 92 75 2660
2160 1581 112 75 years;
2299 1581 64 75 and

1328 1627 34 75 to
1379 1627 54 75 the
1457 1627 119 75 neareft
1593 1627 87 75 fixed
1695 1627 90 75 ftars,
1810 1627 32 75 in
1865 1627 98 75 about
1986 1627 18 75 7
2026 1627 123 75 million
2174 1627 68 75 600
2267 1627 95 75 thou-

1329 1675 75 75 fand
1419 1675 104 75 years.

1378 1721 46 75 As
1442 1721 56 75 the
1514 1721 90 75 earth
1632 1721 27 75 i
1686 1721 57 75 not
1768 1721 55 75 the
1839 1721 109 75 centre
1968 1721 40 75 of
2019 1721 55 75 the
2089 1721 101 75 orbits
2207 1721 32 75 in
2256 1721 107 75 which

1330 1767 54 75 the
1402 1767 123 75 planets
1542 1767 104 75 move,
1672 1767 78 75 they
1766 1767 91 75 come
1873 1767 112 75 nearer
2001 1767 34 75 to
2056 1767 24 75 it
2098 1767 62 75 and
2176 1767 41 75 go
2240 1767 124 75 farther

1331 1814 83 75 from
1436 1814 38 75 it,
1500 1814 62 75 and
1579 1814 31 75 at
1627 1814 151 75 different
1795 1814 114 75 times;
1952 1814 42 75 on
2012 1814 105 75 which
2134 1814 134 75 account
2284 1814 80 75 they

1332 1860 114 75 appear
1462 1860 111 75 bigger
1596 1860 62 75 and
1681 1860 64 75 .lefs
1769 1860 44 75 by
1834 1860 103 75 tutns.
1986 1860 125 75 Hence,
2137 1860 55 75 the
2209 1860 155 75 apparent

1331 1906 198 75 magnitudes
1547 1906 40 75 of
1609 1906 54 75 the
1680 1906 123 75 planets
1821 1906 53 75 are
1890 1906 58 75 not
1972 1906 118 75 always
2113 1906 19 75 a
2157 1906 119 75 certain
2293 1906 71 75 rule

1330 1953 34 75 to
1381 1953 95 75 know
1492 1953 89 75 them
1597 1953 57 75 by.

1377 1998 115 75 Under
1519 1998 54 75 fig.
1606 1998 32 75 3.
1664 1998 53 75 are
1743 1998 56 75 the
1827 1998 107 75 names
1960 1998 63 75 and
2039 1998 175 75 chara&ers
2243 1998 41 75 of
2305 1998 58 75 the

1331 2046 131 75 twelves
1480 2046 79 75 figns
1577 2046 39 75 of
1627 2046 56 75 the
1700 2046 126 75 zodiac,
1852 2046 109 75 which
1986 2046 57 75 the
2067 2046 112 75 reader
2193 2046 112 75 fliould
2321 2046 42 75 be

1334 2092 153 75 perfeftly
1503 2092 73 75 well
1593 2092 188 75 acquainted
1800 2092 90 75 with,
1916 2092 34 75 fo
1973 2092 33 75 as
2035 2092 34 75 to
2093 2092 96 75 know
2213 2092 56 75 the
2286 2092 74 75 cha-

1332 2139 116 75 radters
1472 2139 137 75 without
1631 2139 105 75 feeing
1762 2139 54 75 the
1841 2139 120 75 names.
2009 2139 110 75 Every
2137 2139 63 75 fign
2218 2139 145 75 contains

1335 2187 43 75 30
1394 2187 145 75 degrees,
1564 2187 34 75 as
1625 2187 34 75 in
1685 2187 56 75 the
1758 2187 97 75 circle
1872 2187 162 75 bounding
2050 2187 55 75 the
2121 2187 84 75 folar
2225 2187 135 75 fyftem;

1334 2232 34 75 to
1385 2232 106 75 which
1508 2232 56 75 the
1584 2232 177 75 chara&ers
1778 2232 40 75 of
1829 2232 54 75 the
1900 2232 80 75 figns
1997 2232 54 75 are
2067 2232 46 75 fet
2129 2232 33 75 in
2184 2232 85 75 their
2287 2232 75 75 pro-

1330 2278 57 75 per
1403 2278 117 75 places.

1379 2326 76 75 The
1486 2326 165 75 Comets
1683 2326 53 75 are
1763 2326 81 75 folid
1872 2326 125 75 opaque
2024 2326 124 75 bodies,
2181 2326 78 75 with
2285 2326 78 75 long

1332 2371 195 75 tranfparent
1545 2371 98 75 trains
1661 2371 38 75 or
1714 2371 86 75 tails,
1817 2371 113 75 iffuing
1946 2371 83 75 from
2046 2371 71 75 that
2133 2371 63 75 fide
2212 2371 108 75 which
2332 2371 28 75 is

1332 2418 115 75 turned
1463 2418 91 75 away
1569 2418 84 75 from
1664 2418 56 75 the
1733 2418 68 75 fun.
1850 2418 100 75 They
1961 2418 93 75 niove
2069 2418 98 75 about
2182 2418 56 75 the
2254 2418 55 75 fun
2326 2418 35 75 in

1332 2465 77 75 very
1425 2465 163 75 excentric
1604 2465 124 75 ellipfes
1740 2465 10 75 ;
1777 2465 62 75 and
1860 2465 52 75 are
1929 2465 40 75 of
1988 2465 18 75 a
2029 2465 94 75 much
2141 2465 126 75 greater
2282 2465 79 75 den-

1334 2512 59 75 fity
1409 2512 76 75 than
1503 2512 54 75 the
1575 2512 110 75 earth;
1712 2512 51 75 for
1780 2512 86 75 fome
1882 2512 40 75 of
1933 2512 87 75 them
2036 2512 54 75 are
2108 2512 116 75 heated
2239 2512 32 75 in
2288 2512 74 75 eve-

1330 2558 37 75 ry
1385 2558 109 75 period
1511 2558 34 75 to
1561 2558 76 75 fuch
1654 2558 19 75 a
1688 2558 129 75 degree,
1843 2558 34 75 as
1897 2558 107 75 would
2027 2558 111 75 vitrify
2160 2558 37 75 or
2220 2558 141 75 diffipate

1330 2604 61 75 any
1405 2604 160 75 fubftance
1581 2604 116 75 known
1714 2604 35 75 to
1765 2604 50 75 uj.
1866 2604 53 75 Sir
1935 2604 87 75 Ifaac
2032 2604 143 75 Newton
2191 2604 171 75 computed

1330 2651 53 75 the
1400 2651 74 75 heat
1490 2651 40 75 of
1541 2651 55 75 the
1613 2651 105 75 comet
1734 2651 106 75 which
1857 2651 154 75 appeared
2028 2651 32 75 in
2076 2651 56 75 the
2153 2651 77 75 year
2257 2651 102 75 1680,

1329 2697 92 75 when
1438 2697 120 75 neareft
1574 2697 56 75 the
1650 2697 68 75 fun,
1739 2697 35 75 to
1797 2697 40 75 be
1858 2697 91 75 2000
1961 2697 93 75 times
2070 2697 110 75 hotter
2191 2697 78 75 than
2285 2697 75 75 red-

1329 2743 58 75 hot
1404 2743 69 75 iron
1486 2743 9 75 ;
1523 2743 62 75 and
1601 2743 83 75 that,
1713 2743 95 75 being
1819 2743 74 75 thus
1910 2743 127 75 heated,
2062 2743 26 75 it
2105 2743 79 75 muft
2201 2743 99 75 retain
2317 2743 41 75 its

1330 2790 74 75 heat
1432 2790 82 75 until
1541 2790 26 75 it
1594 2790 107 75 conies
1724 2790 110 75 round
1857 2790 103 75 again,
1994 2790 155 75 although
2177 2790 43 75 its
2248 2790 112 75 period

1331 2838 110 75 fliould
1458 2838 38 75 be
1513 2838 89 75 more
1618 2838 77 75 than
1721 2838 123 75 twenty
1871 2838 157 75 thoufand
2053 2838 92 75 years
2159 2838 11 75 ;
2197 2838 63 75 and
2282 2838 27 75 it
2330 2838 29 75 is

1332 2884 170 75 computed
1518 2884 36 75 to
1571 2884 39 75 be
1625 2884 76 75 only
1719 2884 78 75 575.

1319 2930 8 75 .
1378 2930 78 75 Part
1479 2930 41 75 of
1544 2930 55 75 the
1615 2930 93 75 paths
1733 2930 41 75 of
1792 2930 90 75 three
1907 2930 120 75 comets
2053 2930 53 75 are
2130 2930 180 75 delineated
2325 2930 34 75 in

1332 2977 53 75 the
1410 2977 125 75 fcheme
1560 2977 41 75 of
1619 2977 55 75 the
1691 2977 83 75 folar
1796 2977 124 75 fyftem,
1946 2977 62 75 and
2031 2977 55 75 the
2114 2977 91 75 years
2226 2977 133 75 marked

1330 3023 32 75 in
1386 3023 106 75 which
1517 3023 77 75 they
1618 3023 91 75 made
1737 3023 83 75 their
1844 3023 206 75 appearance.
2103 3023 32 75 It
2161 3023 26 75 is
2214 3023 145 75 believed

2289 3066 69 75 that
