2493 3387
170 235 57 49 44
227 203 25 75 *

730 203 498 75 ASTRO

173 259 114 75 Period
301 259 33 75 in
350 259 110 75 eleven
482 259 40 75 of
541 259 57 75 our
626 259 90 75 years
742 259 67 75 314
834 259 79 75 days
938 259 62 75 and
1029 259 40 75 12
1094 259 112 75 hours.

176 307 54 75 He
246 307 27 75 is
290 307 97 75 about
412 307 88 75 1000
517 307 92 75 times
633 307 33 75 as
684 307 53 75 big
754 307 33 75 as
805 307 55 75 the
876 307 105 75 earth,
1007 307 51 75 for
1075 307 49 75 his
1141 307 69 75 dia-

177 352 104 75 meter
295 352 26 75 is
340 352 254 75 8i,ooo-mileS;
614 352 105 75 which
736 352 27 75 is
780 352 89 75 more
886 352 78 75 than
980 352 54 75 ten
1047 352 92 75 times
1156 352 55 75 the

179 398 154 75 diameter
349 398 39 75 of
408 398 55 75 the
480 398 104 75 earth.

227 441 126 75 Jupiter
369 441 91 75 turns
478 441 102 75 round
597 441 50 75 his
665 441 70 75 axis
759 441 32 75 in
810 441 20 75 9
856 441 99 75 hours
983 441 42 75 56
1050 441 160 75 minutes;

179 491 35 75 fo
230 491 71 75 that
313 491 48 75 his
379 491 75 75 year
471 491 144 75 contains
636 491 41 75 10
696 491 155 75 thoufand
868 491 68 75 470
953 491 99 75 days;
1079 491 62 75 and
1159 491 55 75 the

179 537 124 75 diurnal
326 537 140 75 velocity
483 537 40 75 of
542 537 49 75 his
615 537 184 75 equatoreal
826 537 88 75 parts
938 537 26 75 is
988 537 125 75 greater
1137 537 78 75 than

180 583 56 75 the
246 583 8 75 '
254 583 249 75 fwiftnefswith
520 583 106 75 which
643 583 41 75 he
696 583 107 75 moves
815 583 32 75 in
864 583 50 75 his
932 583 113 75 annual
1062 583 107 75 orbit;
1197 583 19 75 a

181 629 137 75 lingular
334 629 237 75 circumftance,
596 629 35 75 as
648 629 49 75 far
719 629 33 75 as
773 629 48 75 we
837 629 97 75 know
995 629 53 75 By
1063 629 64 75 this
1139 629 75 75 pro-

181 676 126 75 digious
325 676 97 75 quick
440 676 151 75 rotation,
609 676 48 75 his
676 676 184 75 equatoreal
873 676 195 75 inhabitants
1081 676 53 75 are
1146 676 69 75 car-

182 721 70 75 ried
269 721 42 75 25
338 721 157 75 thoufand
513 721 68 75 920
597 721 91 75 miles
706 721 96 75 every
826 721 95 75 hour,
949 721 122 75 (which
1095 721 27 75 is
1147 721 69 75 920

184 768 89 75 miles
292 768 38 75 an
347 768 82 75 hour
446 768 89 75 more
553 768 77 75 than
654 768 39 75 an
710 768 179 75 inhabitant
906 768 38 75 of
965 768 59 75 our
1040 768 120 75 earth’s
1183 768 32 75 e-

183 813 116 75 quator
316 813 107 75 moves
440 813 33 75 in
489 813 213 75 twenty-four
718 813 129 75 hours),
864 813 120 75 befides
995 813 55 75 the
1064 813 41 75 25
1122 813 94 75 thou-

182 860 76 75 fand
275 860 100 75 above
392 860 195 75 mentioned,
614 860 107 75 which
738 860 26 75 is
782 860 148 75 common
951 860 36 75 to
1012 860 41 75 all
1078 860 86 75 parts
1182 860 40 75 of

183 907 50 75 his
251 907 134 75 furface,
411 907 42 75 by
464 907 51 75 his
533 907 114 75 annual
664 907 134 75 motion.

231 952 126 75 Jupiter
373 952 26 75 is
415 952 198 75 furrounded
629 952 44 75 by
691 952 81 75 faint
789 952 188 75 fubMnces,
1003 952 105 75 called
1124 952 92 75 belts,

182 998 32 75 in
233 998 102 75 which
353 998 35 75 fo
403 998 96 75 many
516 998 136 75 changes
670 998 128 75 appear,
817 998 71 75 that
900 998 78 75 they
990 998 52 75 are
1056 998 162 75 generally

184 1045 139 75 thought
339 1045 35 75 to
390 1045 40 75 be
447 1045 111 75 clouds
571 1045 10 75 ;
607 1045 54 75 for
676 1045 86 75 forhe
779 1045 40 75 of
837 1045 89 75 them
942 1045 82 75 have
1048 1045 79 75 been
1154 1045 64 75 iirlt

182 1091 200 75 interrupted
399 1091 61 75 and
477 1091 134 75 broken,
637 1091 62 75 and
715 1091 76 75 then
807 1091 82 75 have
905 1091 148 75 vanifhed
1068 1091 148 75 entirely.

182 1137 100 75 Tliey
292 1137 82 75 have
390 1137 179 75 fometimes
586 1137 79 75 been
678 1137 154 75 obferved
844 1137 40 75 of
890 1137 150 75 different
1051 1137 166 75 breadths,

167 1183 79 75 'and
278 1183 189 75 afterwards
494 1183 81 75 have
603 1183 43 75 all
678 1183 133 75 become
838 1183 110 75 nearly
981 1183 41 75 of
1050 1183 55 75 the
1133 1183 85 75 fame

186 1229 150 75 breadth.
385 1229 108 75 Large
522 1229 84 75 fpots
631 1229 81 75 have
736 1229 81 75 been
841 1229 73 75 feen
937 1229 33 75 in
994 1229 87 75 thefe
1106 1229 109 75 belts';

186 1275 63 75 and
260 1275 95 75 when
371 1275 19 75 a
405 1275 67 75 belt
488 1275 153 75 vanifhes,
667 1275 56 75 the
740 1275 188 75 contiguous
944 1275 88 75 fpots
1057 1275 162 75 diftppear

185 1321 79 75 with
281 1321 39 75 it.
368 1321 76 75 The
461 1321 122 75 broken
600 1321 78 75 ends
695 1321 40 75 of
754 1321 85 75 fome
856 1321 83 75 belts
963 1321 81 75 have
1066 1321 79 75 been
1164 1321 53 75 ge-

185 1368 124 75 nerally
325 1368 154 75 obferved
504 1368 35 75 to
564 1368 128 75 revolve
716 1368 31 75 in
772 1368 55 75 the
852 1368 83 75 fame
958 1368 77 75 time
1059 1368 77 75 with
1162 1368 56 75 the

184 1414 107 75 fpots;
318 1414 78 75 only
420 1414 92 75 thofe
536 1414 112 75 nearer
671 1414 56 75 the
751 1414 136 75 equator
912 1414 32 75 in
968 1414 173 75 fomewhat
1157 1414 60 75 lefs

185 1461 77 75 time
279 1461 77 75 than
373 1461 89 75 thofe
479 1461 75 75 near
571 1461 55 75 the
642 1461 102 75 poles,
762 1461 135 75 perhaps
910 1461 41 75 on
962 1461 137 75 account
1111 1461 39 75 of
1163 1461 56 75 the

185 1507 86 75 fun’s
288 1507 125 75 greater
429 1507 74 75 heat
521 1507 75 75 near
611 1507 56 75 the
683 1507 149 75 equator,
857 1507 106 75 which
979 1507 27 75 is
1030 1507 130 75 parallel
1183 1507 35 75 to

185 1554 57 75 the
258 1554 82 75 belts
357 1554 62 75 and
436 1554 109 75 courfe
570 1554 41 75 of
629 1554 55 75 the
706 1554 100 75 fpots.
857 1554 129 75 Several
1012 1554 88 75 large
1117 1554 100 75 fpots,

185 1599 111 75 which,
316 1599 116 75 appeaf
456 1599 102 75 round
583 1599 32 75 at
640 1599 61 75 one
725 1599 92 75 time,
842 1599 88 75 grow
954 1599 119 75 oblong
1097 1599 43 75 by
1162 1599 57 75 de-

186 1645 103 75 grees,
315 1645 61 75 and
394 1645 77 75 then
497 1645 108 75 divide
629 1645 69 75 into
723 1645 66 75 two
813 1645 38 75 or
874 1645 92 75 three
991 1645 103 75 round
1118 1645 99 75 fpots.

184 1691 77 75 The
278 1691 173 75 periodical
467 1691 77 75 time
561 1691 42 75 of
621 1691 55 75 the
693 1691 85 75 fpots
804 1691 75 75 near
902 1691 56 75 the
986 1691 136 75 equator
1145 1691 28 75 is
1197 1691 21 75 9

185 1737 98 75 hours
299 1737 44 75 50
359 1737 149 75 minutes,
526 1737 58 75 but
600 1737 41 75 of
653 1737 89 75 thofe
758 1737 77 75 near
851 1737 55 75 the
918 1737 89 75 poles
1020 1737 20 75 9
1059 1737 96 75 sours
1176 1737 42 75 56

183 1784 154 75 minutes.

234 1830 75 75 The
326 1830 71 75 axis
414 1830 40 75 of
473 1830 126 75 Jupiter
616 1830 26 75 is
659 1830 35 75 fo
719 1830 110 75 nearly
852 1830 242 75 perpendicular
1117 1830 35 75 to
1168 1830 49 75 his

186 1876 98 75 orbit,
309 1876 71 75 that
400 1876 41 75 he
465 1876 58 75 has
541 1876 41 75 no
599 1876 130 75 fenfible
743 1876 122 75 change
880 1876 41 75 of
939 1876 145 75 feafons;
1111 1876 107 75 which

186 1922 28 75 is
231 1922 18 75 a
265 1922 90 75 great
372 1922 187 75 advantage,
584 1922 64 75 and
664 1922 107 75 wifely
788 1922 136 75 ordered
946 1922 47 75 by
1008 1922 56 75 the
1088 1922 130 75 Author

187 1967 40 75 of
245 1967 126 75 nature.
419 1967 68 75 For
503 1967 31 75 if
554 1967 54 75 the
621 1967 70 75 axis
708 1967 40 75 of
768 1967 64 75 this
856 1967 108 75 planet
981 1967 83 75 were
1080 1967 140 75 inclined

186 2013 63 75 any
266 2013 211 75 confiderable
490 2013 131 75 number
634 2013 39 75 of
684 2013 145 75 degrees,
851 2013 63 75 juft
932 2013 33 75 fo
982 2013 94 75 many
1087 2013 132 75 degrees

186 2060 105 75 round
307 2060 77 75 each
402 2060 78 75 pole
492 2060 107 75 would
615 2060 32 75 in
664 2060 85 75 their
765 2060 74 75 turn
856 2060 39 75 be
908 2060 110 75 almoft
1035 2060 46 75 fix
1101 2060 40 75 of
1160 2060 59 75 our

185 2107 94 75 years
302 2107 149 75 together
475 2107 32 75 in
531 2107 162 75 darknefs.
742 2107 78 75 And
838 2107 39 75 as
900 2107 79 75 each
1004 2107 116 75 degree
1143 2107 40 75 of
1203 2107 19 75 a

187 2152 91 75 great
302 2152 96 75 circle
423 2152 42 75 on
491 2152 126 75 Jupiter
642 2152 144 75 contains
814 2152 67 75 706
906 2152 40 75 of
966 2152 59 75 our
1046 2152 91 75 miles
1154 2152 31 75 at
1203 2152 18 75 a

187 2198 90 75 mean
295 2198 81 75 rate,
401 2198 25 75 it
443 2198 27 75 is
487 2198 73 75 eafy
584 2198 36 75 to
641 2198 101 75 judge
767 2198 87 75 what
879 2198 65 75 vaft
966 2198 96 75 tradls
1088 2198 40 75 of
1145 2198 77 75 land

188 2243 108 75 would
314 2243 38 75 be
368 2243 155 75 rendered
541 2243 237 75 uninhabitable
805 2243 43 75 by
864 2243 63 75 any
943 2243 213 75 confiderable
1172 2243 48 75 in-

190 2290 150 75 clination
359 2290 40 75 of
416 2290 50 75 his
483 2290 83 75 axis.

235 2337 76 75 The
320 2337 57 75 fun
390 2337 130 75 appears
532 2337 59 75 but
607 2337 50 75 ^
672 2337 72 75 part
757 2337 33 75 fo
807 2337 53 75 big
872 2337 37 75 to
921 2337 127 75 Jupiter
1062 2337 34 75 as
1113 2337 35 75 to
1160 2337 37 75 us
1210 2337 10 75 ;

190 2383 61 75 and
267 2383 51 75 his
333 2383 83 75 light
434 2383 62 75 and
512 2383 75 75 heat
611 2383 53 75 are
687 2383 32 75 in
737 2383 54 75 the
808 2383 83 75 fame
914 2383 88 75 fmall
1020 2383 201 75 proportion,

190 2429 59 75 but
271 2429 222 75 compenfated
518 2429 42 75 by
585 2429 54 75 the
664 2429 98 75 quick
787 2429 126 75 returns
937 2429 137 75 thereof,
1100 2429 63 75 and
1179 2429 44 75 by

190 2474 75 75 four
282 2474 111 75 moons
413 2474 100 75 (fome
529 2474 105 75 larger
650 2474 62 75 and
736 2474 86 75 fome
846 2474 59 75 lefs
931 2474 79 75 than
1033 2474 59 75 our
1112 2474 108 75 earth)

190 2522 104 75 which
320 2522 129 75 revolve
473 2522 97 75 about
596 2522 88 75 him;
710 2522 34 75 fo
768 2522 71 75 that
867 2522 91 75 there
982 2522 27 75 is
1033 2522 105 75 fcarce
1161 2522 63 75 any

189 2568 72 75 part
278 2568 40 75 of
335 2568 64 75 this
417 2568 215 75 huge-planet
656 2568 58 75 but
739 2568 86 75 what
848 2568 40 75 is,
905 2568 8 75 '
913 2568 117 75 during
1046 2568 54 75 the
1116 2568 107 75 whole

191 2615 105 75 night,
322 2615 203 75 enlightened
542 2615 42 75 by
601 2615 60 75 one
678 2615 37 75 or
731 2615 89 75 more
842 2615 41 75 of
902 2615 87 75 thefe
1013 2615 125 75 moons,
1163 2615 57 75 ex-

192 2661 73 75 cept
281 2661 49 75 his
354 2661 102 75 poles,
480 2661 131 75 whence
627 2661 77 75 only
727 2661 55 75 the
807 2661 132 75 fartheft
961 2661 114 75 moons
1099 2661 58 75 can
1181 2661 42 75 be

192 2707 84 75 feen,
300 2707 62 75 and
379 2707 107 75 where
510 2707 84 75 their
618 2707 82 75 light
725 2707 26 75 is
776 2707 57 75 not
850 2707 138 75 wanted,
1015 2707 129 75 becaufe
1166 2707 56 75 the

192 2754 55 75 fun
272 2754 177 75 conftantly
473 2754 166 75 circulates
662 2754 33 75 in
719 2754 37 75 or
779 2754 75 75 near
870 2754 55 75 the
941 2754 150 75 horizon,
1117 2754 62 75 and
1195 2754 27 75 is

191 2799 80 75 very
288 2799 155 75 probably
459 2799 76 75 kept
551 2799 32 75 in
599 2799 82 75 view
704 2799 42 75 of
762 2799 79 75 both
858 2799 88 75 poles
971 2799 43 75 by
1032 2799 54 75 the
1104 2799 117 75 refrac-

191 2846 68 75 tion
277 2846 39 75 of
336 2846 154 75 Jupiter’s
507 2846 210 75 atmofphere,
744 2846 117 75 which,
887 2846 31 75 if
936 2846 27 75 it
979 2846 40 75 be
1042 2846 65 75 like
1133 2846 88 75 ours,

192 2892 58 75 has
267 2892 153 75 certainly
437 2892 165 75 refractive
618 2892 107 75 ppwer
737 2892 127 75 enough
880 2892 51 75 for
943 2892 71 75 that
1030 2892 143 75 purpofe.

241 2938 8 75 '
249 2938 15 75 I
276 2938 41 75 he
342 2938 100 75 orbits
470 2938 41 75 of
534 2938 87 75 thefe
650 2938 112 75 moons
795 2938 53 75 are
876 2938 202 75 reprefented
1109 2938 32 75 in
1167 2938 56 75 the

195 2984 181 75 fcheme’of
394 2984 56 75 the
466 2984 81 75 folar
563 2984 111 75 fyftem
697 2984 44 75 by
756 2984 73 75 four
846 2984 98 75 finall-
957 2984 112 75 circles
1093 2984 139 75 marked-

198 3033 30 75 1,
244 3033 32 75 2,
291 3033 34 75 3,
341 3033 32 75 4,
390 3033 48 75 on,
448 3033 153 75 Jupitet’s
613 3033 85 75 orbit
773 3033 11 75 )
803 3033 58 75 but
873 3033 78 75 they
964 3033 52 75 are
1028 3033 111 75 drawn
1150 3033 74 75 fifty

1308 186 44 75 N
1430 186 40 75 O
1550 186 50 75 M
1676 186 54 75 Y.

1258 255 93 75 times
1368 255 57 75 too
1441 255 88 75 large
1546 255 31 75 in
1595 255 189 75 proportion
1801 255 35 75 to
1852 255 38 75 it.
1938 255 78 75 The
2033 255 62 75 firft
2120 255 107 75 moon,
2254 255 38 75 or

1260 300 71 75 that
1344 300 119 75 neareft
1479 300 35 75 to
1531 300 138 75 Jupiter,
1687 300 76 75 goes
1781 300 101 75 round
1899 300 65 75 him
1977 300 32 75 in
2027 300 12 75 1
2056 300 63 75 day
2141 300 39 75 18
2194 300 98 75 hours

1262 346 62 75 and
1342 346 45 75 36
1403 346 136 75 minutes
1556 346 41 75 of
1614 346 61 75 our
1691 346 91 75 time;
1809 346 62 75 and
1887 346 27 75 is
1935 346 67 75 229
2020 346 157 75 thoufand
2200 346 95 75 miles

1262 393 114 75 diftant
1388 393 85 75 from
1484 393 50 75 his
1547 393 129 75 centre;
1695 393 55 75 the
1762 393 115 75 fecond
1886 393 156 75 performs
2055 393 42 75 its
2113 393 183 75 revolution

1262 439 32 75 in
1311 439 92 75 three
1418 439 79 75 days
1520 439 37 75 13
1576 439 99 75 hours
1692 439 62 75 and
1775 439 38 75 15:
1833 439 149 75 minutes,
2005 439 35 75 at
2057 439 67 75 364
2137 439 158 75 thoufand

1265 486 89 75 miles
1370 486 159 75 diftance;
1556 486 56 75 the
1627 486 89 75 third
1732 486 32 75 in
1781 486 92 75 feven
1895 486 78 75 days
1997 486 90 75 three
2108 486 99 75 hours
2232 486 64 75 and

1268 532 42 75 59
1324 532 148 75 minutes,
1499 532 33 75 at
1548 532 56 75 the
1616 532 138 75 diftance
1773 532 41 75 of
1835 532 67 75 580
1918 532 157 75 thoufand
2092 532 112 75 miles;
2231 532 66 75 and

1265 578 55 75 the
1337 578 123 75 fourth,
1486 578 37 75 or
1541 578 184 75 outermoft,
1751 578 33 75 in
1806 578 39 75 16
1867 578 80 75 days
1974 578 39 75 18
2039 578 99 75 hours
2163 578 63 75 and
2251 578 44 75 30

1266 625 149 75 minutes,
1441 625 32 75 at
1490 625 55 75 the
1561 625 137 75 diftance
1710 625 40 75 of
1769 625 61 75 one
1843 625 121 75 million
1977 625 41 75 of
2035 625 91 75 miles
2137 625 90 75 from
2244 625 52 75 Ins

1267 672 120 75 centre.
1436 672 77 75 The
1530 672 126 75 periods
1679 672 41 75 of
1739 672 86 75 thefe
1842 672 114 75 moons
1973 672 53 75 are
2048 672 35 75 fo
2100 672 194 75 incommen-

1265 717 104 75 furate
1387 717 34 75 to
1438 717 60 75 one
1511 717 147 75 another,
1674 717 72 75 that
1762 717 31 75 if
1804 717 74 75 ever
1895 717 78 75 they
1983 717 85 75 were
2080 717 42 75 all
2135 717 32 75 in
2179 717 19 75 a
2209 717 87 75 right

1266 765 63 75 line
1346 765 144 75 between
1507 765 127 75 Jupiter
1656 765 63 75 and
1743 765 55 75 the
1822 765 68 75 fun,
1915 765 27 75 it
1965 765 66 75 will
2056 765 128 75 require
2207 765 89 75 more

1265 810 78 75 than
1362 810 361 75 3,000,000,000,000
1739 810 91 75 years
1847 810 84 75 from
1956 810 169 75 that'time
2150 810 36 75 to
2206 810 92 75 bring

1266 857 88 75 them
1372 857 42 75 all
1430 857 72 75 into
1512 857 58 75 the
1587 857 82 75 fame
1687 857 85 75 right
1790 857 63 75 line
1869 857 105 75 again,
1999 857 33 75 as
2058 857 63 75 any
2145 857 61 75 one
2230 857 66 75 will

1265 903 65 75 find
1347 903 73 75 who
1438 903 131 75 reduces
1581 903 42 75 all
1640 903 84 75 their
1739 903 127 75 periods
1883 903 69 75 into
1963 903 144 75 feconds,
2126 903 76 75 then
2216 903 81 75 mul-

1266 949 106 75 tiplies
1387 949 89 75 them
1493 949 69 75 into
1577 949 61 75 one
1651 949 146 75 another,
1815 949 61 75 and
1892 949 124 75 divides
2033 949 54 75 the
2104 949 133 75 produT
2254 949 45 75 by

1269 998 65 75 432
1351 998 10 75 ;
1402 998 108 75 which
1537 998 27 75 is
1596 998 56 75 the
1683 998 123 75 higheft
1837 998 133 75 number
1999 998 69 75 that
2097 998 64 75 will
2189 998 108 75 divide

1268 1042 55 75 the
1361 1042 134 75 produft
1526 1042 41 75 of
1601 1042 43 75 all
1684 1042 84 75 their
1807 1042 172 75 periodical
2012 1042 105 75 times,
2157 1042 140 75 namely,

1268 1089 639 75 42,085,303,376,931,994,955,904
1934 1089 146 75 feconds,
2115 1089 138 75 without
2280 1089 19 75 a

1270 1133 188 75 remainder.

1313 1180 77 75 The
1407 1180 108 75 angles
1531 1180 103 75 under
1649 1180 106 75 which
1772 1180 55 75 the
1843 1180 101 75 orbits
1962 1180 40 75 of
2020 1180 154 75 Jupiter’s
2187 1180 111 75 moons

1267 1226 53 75 are
1337 1226 70 75 feen
1425 1226 83 75 from
1526 1226 55 75 the
1598 1226 104 75 earth,
1728 1226 33 75 at
1778 1226 41 75 its
1836 1226 90 75 mean
1944 1226 137 75 diftance
2098 1226 83 75 from
2205 1226 92 75 Jupi-

1267 1271 60 75 ter,
1355 1271 53 75 are
1431 1271 33 75 as
1491 1271 130 75 follow:
1660 1271 77 75 The
1763 1271 76 75 firft,
1868 1271 30 75 3'
1918 1271 84 75 55":
2030 1271 55 75 the
2112 1271 127 75 fecond,
2267 1271 32 75 6'

1272 1322 82 75 14";
1396 1322 56 75 the
1480 1322 100 75 third,
1614 1322 32 75 9'
1673 1322 85 75 $8";
1801 1322 64 75 and
1891 1322 55 75 the
1974 1322 124 75 fourth,
2136 1322 52 75 iy'
2217 1322 78 75 ^o".

1267 1365 77 75 And
1360 1365 84 75 their
1461 1365 154 75 diftances
1633 1365 84 75 from
1733 1365 141 75 Jupiter,
1899 1365 164 75 meafured
2080 1365 42 75 by
2139 1365 50 75 his
2207 1365 92 75 femi-

1266 1411 185 75 diameters,
1477 1411 54 75 are
1543 1411 73 75 thus
1628 1411 9 75 :
1663 1411 77 75 The
1752 1411 77 75 firft,
1856 1411 66 75 5-J;
1948 1411 56 75 the
2021 1411 127 75 fecond,
2173 1411 42 75 9;
2243 1411 57 75 the

1267 1456 99 75 third,
1397 1456 110 75 14IJ;
1536 1456 61 75 and
1612 1456 56 75 the
1686 1456 123 75 fourth,
1836 1456 105 75 25|-f-
1988 1456 85 75 This
2091 1456 119 75 planet,
2227 1456 72 75 feen

1266 1504 83 75 from
1373 1504 43 75 its
1440 1504 120 75 neareft
1584 1504 109 75 moon,
1718 1504 132 75 appears
1880 1504 88 75 1000
1990 1504 95 75 times
2110 1504 34 75 as
2160 1504 88 75 large
2265 1504 34 75 as

1267 1550 58 75 our
1350 1550 95 75 moon
1468 1550 78 75 does
1571 1550 35 75 to
1630 1550 59 75 us;
1724 1550 129 75 waxing
1877 1550 63 75 and
1963 1550 127 75 waning
2114 1550 32 75 in
2172 1550 42 75 ail
2240 1550 60 75 her

1267 1595 148 75 monthly
1430 1595 108 75 ftiapes
1556 1595 96 75 every
1662 1595 69 75 424-
1746 1595 112 75 hours.

1315 1643 155 75 Jupiter’s
1482 1643 90 75 three
1589 1643 120 75 heareft
1726 1643 110 75 moons
1854 1643 55 75 fall
1925 1643 69 75 into
2010 1643 50 75 his
2072 1643 140 75 fhadow,
2238 1643 63 75 and

1267 1689 52 75 are
1344 1689 137 75 eclipfed
1504 1689 33 75 in
1562 1689 97 75 every
1684 1689 202 75 revolution;
1911 1689 60 75 but
1994 1689 56 75 the
2075 1689 86 75 orbit
2184 1689 40 75 of
2242 1689 58 75 the

1266 1735 111 75 fourth
1394 1735 98 75 moon
1507 1735 27 75 is
1551 1735 33 75 fo
1602 1735 95 75 much
1721 1735 151 75 inclined,
1898 1735 70 75 that
1992 1735 26 75 ft
2043 1735 119 75 paiTeth
2188 1735 43 75 by
2256 1735 42 75 its

1265 1782 175 75 oppofition
1465 1782 35 75 to
1523 1782 138 75 Jupiter,
1694 1782 137 75 without
1855 1782 114 75 falling
1992 1782 69 75 into
2087 1782 49 75 his
2160 1782 140 75 lhadow,

1267 1829 64 75 two
1355 1829 91 75 years
1464 1829 33 75 in
1513 1829 96 75 every
1625 1829 61 75 fix.
1735 1829 53 75 By
1813 1829 87 75 thefe
1924 1829 142 75 eclipfes,
2091 1829 209 75 aftronomers

1266 1874 79 75 have
1362 1874 57 75 not
1442 1874 77 75 only
1543 1874 185 75 difcovered
1753 1874 70 75 that
1848 1874 54 75 the
1927 1874 84 75 fun’s
2034 1874 83 75 light
2141 1874 90 75 takes
2257 1874 44 75 itp

1266 1919 89 75 eight
1371 1919 137 75 minutes
1525 1919 41 75 of
1584 1919 78 75 time
1673 1919 31 75 in
1717 1919 127 75 coming
1860 1919 35 75 to
1911 1919 51 75 us,
1988 1919 57 75 but
2062 1919 78 75 they
2156 1919 81 75 have
2254 1919 47 75 al-

1267 1966 33 75 fo
1316 1966 199 75 determined
1527 1966 55 75 the
1599 1966 181 75 longitudes
1797 1966 41 75 of
1856 1966 105 75 places
1974 1966 41 75 on
2031 1966 65 75 this
2114 1966 90 75 eartn
2221 1966 79 75 with

1266 2011 126 75 greater
1414 2011 159 75 certainty
1589 2011 63 75 and
1668 2011 124 75 facility
1809 2011 79 75 than
1914 2011 42 75 by
1979 2011 63 75 any
2057 2011 95 75 other
2168 2011 134 75 method

1269 2059 54 75 yet
1340 2059 128 75 known.

1313 2105 76 75 The
1406 2105 173 75 difference
1594 2105 146 75 between
1757 2105 55 75 the
1829 2105 185 75 eqnatoreal
2040 2105 62 75 and
2125 2105 93 75 polar
2233 2105 67 75 dia-

1267 2152 117 75 meters
1401 2152 40 75 of
1459 2152 128 75 Jupiter
1598 2152 27 75 is
1644 2152 92 75 6230
1753 2152 112 75 miles;
1893 2152 51 75 for
1961 2152 48 75 his
2025 2152 184 75 equatoreal
2234 2152 67 75 dia-

1269 2199 101 75 meter
1385 2199 26 75 is
1428 2199 33 75 to
1474 2199 49 75 his
1542 2199 101 75 polar,
1662 2199 34 75 as
1717 2199 39 75 13
1775 2199 35 75 to
1831 2199 54 75 12.
1936 2199 45 75 So
1999 2199 69 75 that
2082 2199 48 75 his
2143 2199 87 75 poles
2248 2199 54 75 are

1272 2246 88 75 3115
1381 2246 90 75 miles
1487 2246 112 75 hearer
1615 2246 49 75 his
1683 2246 107 75 centre
1807 2246 76 75 than
1899 2246 51 75 his
1967 2246 136 75 equator
2118 2246 41 75 is.

1315 2292 155 75 Jupiter’s
1486 2292 86 75 orbit
1592 2292 27 75 is
1642 2292 11 75 1
1676 2292 115 75 degree
1809 2292 46 75 20
1880 2292 137 75 minutes
2033 2292 138 75 inclined
2189 2292 34 75 to
2246 2292 56 75 the

1268 2338 140 75 ecliptic.
1450 2338 62 75 His
1530 2338 95 75 north
1639 2338 82 75 node
1738 2338 26 75 is
1781 2338 32 75 in
1830 2338 55 75 the
1906 2338 57 75 7th
1976 2338 117 75 degree
2107 2338 42 75 of
2161 2338 140 75 Cancer,

1271 2385 60 75 and
1349 2385 49 75 his
1415 2385 93 75 fouth
1526 2385 81 75 node
1624 2385 32 75 in
1673 2385 54 75 the
1746 2385 57 75 7th
1821 2385 116 75 degree
1949 2385 41 75 of
2008 2385 191 75 Capricorn.

1317 2430 76 75 Sat
1400 2430 49 75 or
1455 2430 28 75 if
1483 2412 5 49 -
1488 2430 3 75 ,
1516 2430 55 75 the
1588 2430 146 75 remoteft
1746 2430 40 75 of
1799 2430 42 75 all
1858 2430 55 75 the
1924 2430 136 75 planets,
2079 2430 26 75 is
2122 2430 97 75 about
2235 2430 67 75 78a

1269 2477 138 75 millions
1418 2477 45 75 -of
1483 2477 90 75 miles
1600 2477 83 75 from
1709 2477 56 75 the
1790 2477 79 75 fun;
1896 2477 74 75 and,
1996 2477 168 75 travelling
2188 2477 33 75 at
2245 2477 57 75 the

1270 2524 66 75 rate
1353 2524 40 75 of
1417 2524 38 75 18
1473 2524 158 75 thoufand
1655 2524 91 75 miles
1771 2524 96 75 every
1889 2524 96 75 hour,
2010 2524 34 75 as
2070 2524 31 75 in
2126 2524 54 75 the
2205 2524 98 75 circle

1270 2570 130 75 marked
1419 2570 41 75 fj,
1486 2570 156 75 performs
1660 2570 41 75 its
1719 2570 113 75 annual
1858 2570 113 75 circuit
1994 2570 33 75 in
2053 2570 44 75 29
2122 2570 92 75 years
2236 2570 65 75 167

1269 2616 78 75 days
1365 2616 62 75 and
1457 2616 15 75 5
1499 2616 98 75 hours
1623 2616 39 75 of
1681 2616 60 75 our
1765 2616 97 75 time;
1891 2616 104 75 which
2020 2616 108 75 makes
2146 2616 77 75 only
2239 2616 62 75 one

1269 2662 75 75 year
1360 2662 35 75 to
1411 2662 71 75 that
1498 2662 120 75 planet.
1667 2662 49 75 Its
1733 2662 155 75 diameter
1904 2662 26 75 is
1949 2662 130 75 67,600
2096 2662 112 75 miles;
2238 2662 63 75 and

1270 2709 161 75 therefore
1448 2709 26 75 it
1490 2709 27 75 is
1534 2709 76 75 near
1627 2709 69 75 600
1713 2709 96 75 times
1823 2709 35 75 as
1875 2709 54 75 big
1946 2709 32 75 as
1995 2709 56 75 the
2067 2709 104 75 earth.

1316 2755 85 75 This
1414 2755 106 75 planet
1537 2755 27 75 is
1580 2755 197 75 furrounded
1794 2755 41 75 by
1853 2755 18 75 a
1888 2755 69 75 thin
1972 2755 105 75 broad
2099 2755 83 75 ring,
2208 2755 33 75 as
2261 2755 40 75 an

1270 2801 143 75 artificial
1439 2801 94 75 globe
1558 2801 27 75 is
1611 2801 42 75 by
1681 2801 19 75 a
1726 2801 155 75 horizon,,
1901 2801 54 75 fig.
1977 2801 32 75 5.
2058 2801 77 75 The
2157 2801 71 75 ring
2245 2801 53 75 ap-

1270 2849 90 75 pears
1377 2849 118 75 double
1512 2849 92 75 when
1620 2849 72 75 feen
1705 2849 138 75 through
1862 2849 18 75 a
1897 2849 86 75 good
1998 2849 170 75 telefcope,
2194 2849 61 75 and
2272 2849 27 75 is

1270 2896 199 75 reprefented
1485 2896 44 75 by
1545 2896 55 75 the
1618 2896 100 75 figure
1737 2896 33 75 in
1786 2896 74 75 fuch
1878 2896 38 75 an
1934 2896 130 75 oblique
2081 2896 80 75 view
2178 2896 33 75 as
2228 2896 26 75 it
2272 2896 28 75 is

1269 2941 163 75 generally
1448 2941 83 75 feen.
1580 2941 32 75 It
1629 2941 25 75 is
1671 2941 139 75 inclined
1831 2941 43 75 30
1886 2941 131 75 degrees
2034 2941 35 75 to
2086 2941 55 75 the
2158 2941 141 75 ecliptic,

1270 2988 62 75 and
1348 2988 26 75 is
1392 2988 96 75 about
1507 2988 39 75 21
1567 2988 158 75 thbufand
1744 2988 91 75 miles
1860 2988 33 75 in
1910 2988 156 75 breadth;
2093 2988 106 75 which
2215 2988 27 75 is
2265 2988 35 75 e-

1271 3036 76 75 qual
1361 3036 36 75 to
1412 3036 42 75 its
1477 3036 136 75 diftance
1635 3036 86 75 from
1745 3036 119 75 Saturn
1880 3036 42 75 on
1939 3036 43 75 all
1997 3036 91 75 fides.
2137 3036 112 75 There
2272 3036 29 75 is

2188 3081 109 75 reafon
