2477 3395
189 199 82 75 666

751 199 38 75 B
904 199 36 75 R
1058 199 34 75 E
1210 199 61 75 W
1386 199 18 75 I
1519 199 44 75 N
1683 199 56 75 G.

185 267 122 75 hollow
322 267 92 75 bags.
463 267 117 75 Whett
591 267 89 75 feeds
703 267 53 75 are
781 267 74 75 thus
880 267 191 75 fufficiently
1086 267 133 75 malted,

187 312 79 75 they
293 312 80 75 mult
398 312 39 75 be
464 312 94 75 dried
584 312 32 75 in
643 312 192 75 malt-kilns,
867 312 56 75 the
950 312 68 75 fuel
1048 312 41 75 of
1114 312 105 75 which

188 360 111 75 ftiould
315 360 108 75 fmoke
440 360 34 75 as
490 360 84 75 little
591 360 33 75 as
641 360 264 75 poflible.—The
929 360 93 75 hulks
1046 360 81 75 mull
1151 360 73 75 now

189 406 39 75 be
244 406 101 75 broke
361 406 82 75 open
459 406 45 75 by
519 406 202 75 malt-milns,
739 406 63 75 and
820 406 76 75 then
911 406 124 75 infufed
1048 406 38 75 or
1098 406 127 75 riialh’ed

188 452 32 75 nn
237 452 98 75 warm
352 452 113 75 water,
490 452 31 75 in
544 452 97 75 order
664 452 36 75 to
722 452 125 75 extradt
870 452 56 75 the
948 452 181 75 faccharine
1153 452 71 75 fub-

189 501 125 75 ftance;
341 501 55 75 the
412 501 75 75 heat
503 501 127 75 applied
645 501 112 75 Ihould
772 501 40 75 be
829 501 77 75 very
917 501 75 75 flow
1004 501 63 75 and
1078 501 145 75 gradual.

188 547 96 75 Thus
301 547 56 75 the
373 547 79 75 malt
462 547 27 75 is
506 547 165 75 diflblved,
690 547 61 75 and
767 547 59 75 lies
842 547 51 75 till
909 547 57 75 the
981 547 108 75 liquor
1105 547 40 75 be
1160 547 64 75 fuf-

188 595 142 75 ficiently
345 595 171 75 tindiured.
564 595 114 75 When
694 595 55 75 the
765 595 79 75 malt
860 595 26 75 is
903 595 56 75 too
981 595 78 75 long
1074 595 152 75 diffufed,

188 641 35 75 fo
240 641 71 75 that
327 641 39 75 an
383 641 129 75 acetous
529 641 225 75 fermentation
779 641 111 75 begins
915 641 35 75 to
975 641 75 75 take
1074 641 102 75 place,
1200 641 27 75 it

191 688 26 75 Is
231 688 105 75 called
352 688 157 75 blinking,
526 688 39 75 or
577 688 137 75 foxing,
728 688 44 75 by
789 688 150 75 brewers.

236 733 85 75 This
346 733 134 75 tindlure
504 733 153 75 obtained
680 733 84 75 from
789 733 55 75 the
868 733 134 75 infufion
1026 733 40 75 of
1090 733 138 75 grinded

190 780 91 75 malt,
300 780 27 75 is
345 780 182 75 commonly
543 780 118 75 known
677 780 44 75 by
732 780 56 75 the
803 780 90 75 name
906 780 43 75 ok
967 780 101 75 onort.

237 827 66 75 We
327 827 75 75 lhall
428 827 72 75 now
524 827 72 75 give
621 827 39 75 an
683 827 135 75 account
841 827 40 75 of
900 827 64 75 this
981 827 124 75 procefs
1122 827 32 75 in
1171 827 55 75 the

189 874 155 75 language
369 874 62 75 and
455 874 130 75 manner
609 874 40 75 of
668 874 56 75 the
749 874 100 75 adhial
874 874 135 75 brewer,
1037 874 104 75 which
1159 874 66 75 will

189 922 157 75 probably
362 922 39 75 be
413 922 90 75 more
520 922 182 75 acceptable
714 922 77 75 than
807 922 139 75 treating
961 922 27 75 it
1003 922 33 75 in
1053 922 18 75 a
1085 922 140 75 philofo-

189 969 106 75 phical
311 969 144 75 manner.

497 1076 60 75 Of
573 1076 150 75 making
748 1076 161 75 Malt.

235 1156 87 75 The
339 1156 110 75 barley
464 1156 81 75 mull
567 1156 40 75 be
622 1156 57 75 put
696 1156 69 75 into
781 1156 17 75 a
814 1156 113 75 leaden
944 1156 37 75 or
997 1156 78 75 tiled
1099 1156 125 75 ciftern,

188 1203 73 75 that
272 1203 95 75 holds
385 1203 72 75 five,
483 1203 69 75 teh,
573 1203 38 75 or
628 1203 88 75 more
733 1203 161 75 quarters,
918 1203 63 75 and
997 1203 135 75 covered
1146 1203 79 75 with

187 1249 101 75 Water
321 1249 74 75 four
426 1249 38 75 or
495 1249 47 75 fix
571 1249 109 75 inches
705 1249 101 75 above
831 1249 55 75 the
916 1249 123 75 barley,
1065 1249 35 75 to
1128 1249 97 75 allow

189 1295 52 75 for
258 1295 40 75 its
316 1295 99 75 fwell.
464 1295 88 75 Here
568 1295 25 75 it
610 1295 79 75 muft
705 1295 42 75 lie
770 1295 61 75 five
854 1295 38 75 or
916 1295 48 75 fix
988 1295 96 75 tides,
1110 1295 33 75 as
1169 1295 55 75 the

186 1343 143 75 rbaltller
344 1343 77 75 calls
438 1343 38 75 it,
502 1343 173 75 reckoning
691 1343 116 75 twelve
823 1343 98 75 hours
939 1343 35 75 to
992 1343 55 75 the
1066 1343 80 75 tide,
1171 1343 52 75 ac-

189 1390 138 75 cording
339 1390 34 75 as
384 1390 55 75 the
456 1390 109 75 barley
582 1390 26 75 is
624 1390 33 75 in
673 1390 87 75 body
776 1390 38 75 or
829 1390 34 75 in
874 1390 133 75 drinefs.
1057 1390 78 75 The
1152 1390 71 75 way

187 1435 37 75 to
239 1435 97 75 know
353 1435 92 75 when
461 1435 25 75 it
498 1435 27 75 is
542 1435 139 75 enough,
705 1435 27 75 is
749 1435 37 75 to
799 1435 76 75 take
891 1435 18 75 a
927 1435 90 75 corn,
1041 1435 180 75 end-ways.

187 1483 146 75 Between
352 1483 56 75 the
428 1483 129 75 fingers,
582 1483 63 75 arid
660 1483 110 75 gently
786 1483 89 75 crufli
892 1483 47 75 it;
966 1483 63 75 and
1044 1483 31 75 if
1092 1483 27 75 it
1136 1483 38 75 be
1190 1483 33 75 in

187 1530 44 75 all
244 1530 51 75 pat
302 1530 28 75 ts
355 1530 142 75 mellow,
522 1530 61 75 and
606 1530 55 75 the
685 1530 78 75 hulk
786 1530 111 75 opens,
922 1530 37 75 or
979 1530 93 75 Harts
1098 1530 18 75 a
1139 1530 85 75 little

187 1576 85 75 from
289 1576 56 75 the
363 1576 87 75 body
465 1576 41 75 of
517 1576 54 75 the
588 1576 90 75 corn,
696 1576 76 75 then
784 1576 25 75 it
826 1576 26 75 is
870 1576 126 75 enough
1010 1576 6 75 .
1044 1576 77 75 The
1138 1576 69 75 nice

186 1622 39 75 ty
240 1622 41 75 of
299 1622 64 75 this
388 1622 27 75 is
440 1622 19 75 a
479 1622 144 75 material
647 1622 112 75 point;
787 1622 52 75 for
862 1622 31 75 if
911 1622 26 75 it
961 1622 39 75 be
1024 1622 124 75 infufed
1165 1622 62 75 too"

186 1670 111 75 much,
322 1670 56 75 the
401 1670 167 75 fweetnefs
591 1670 40 75 of
650 1670 56 75 the
730 1670 79 75 malt
833 1670 65 75 will
915 1670 40 75 be
980 1670 124 75 greatly
1127 1670 94 75 taken

187 1716 59 75 off,
272 1716 62 75 and
349 1716 88 75 yield
452 1716 56 75 the
523 1716 63 75 lefs
600 1716 101 75 fpirit,
726 1716 63 75 and
801 1716 65 75 will
883 1716 90 75 caufe
990 1716 152 75 deadnefs
1158 1716 64 75 and

185 1763 146 75 fournefs
347 1763 32 75 in
395 1763 49 75 ale
461 1763 37 75 or
522 1763 74 75 beer
620 1763 32 75 in
669 1763 19 75 a
703 1763 86 75 Ihort
813 1763 87 75 time,
926 1763 52 75 for
994 1763 56 75 the
1066 1763 154 75 goodnefs

187 1810 40 75 of
247 1810 56 75 the
320 1810 77 75 malt
414 1810 196 75 contributes
634 1810 94 75 much
746 1810 36 75 to
803 1810 55 75 the
883 1810 212 75 prefervation
1115 1810 45 75 of
1178 1810 43 75 all

186 1857 66 75 ales
270 1857 62 75 and
348 1857 103 75 beers.
501 1857 97 75 Then
621 1857 56 75 the
699 1857 99 75 water
822 1857 81 75 muft
926 1857 40 75 be
990 1857 73 75 well
1087 1857 135 75 drained

186 1904 85 75 from
288 1904 38 75 it,
351 1904 64 75 and
431 1904 25 75 it
479 1904 65 75 will
570 1904 89 75 come
682 1904 93 75 equal
799 1904 62 75 and
879 1904 103 75 better
999 1904 40 75 on
1056 1904 55 75 the
1127 1904 93 75 floor,

186 1950 107 75 which
316 1950 74 75 may
412 1950 41 75 be
468 1950 83 75 done
566 1950 33 75 in
615 1950 117 75 twelve
748 1950 37 75 or
800 1950 118 75 fixteen
935 1950 97 75 hours
1048 1950 33 75 in
1098 1950 121 75 tempe-

185 1995 70 75 rate
271 1995 152 75 weather,
448 1995 57 75 but
521 1995 35 75 in
571 1995 74 75 cold
660 1995 76 75 near
747 1995 117 75 thirty.
912 1995 98 75 From
1027 1995 55 75 the
1094 1995 125 75 ciftern,

186 2042 27 75 it
228 2042 25 75 is
272 2042 56 75 pm
343 2042 70 75 into
430 2042 18 75 a
463 2042 112 75 Iquare
591 2042 99 75 hutch
707 2042 38 75 or
761 2042 104 75 couch'
865 2042 10 75 ,
901 2042 107 75 where
1032 2042 26 75 it
1083 2042 80 75 muft
1178 2042 42 75 lie

186 2089 104 75 thirty
305 2089 119 75 flours;
450 2089 77 75 then
550 2089 27 75 it
593 2089 79 75 muft
688 2089 40 75 be
752 2089 132 75 worked
905 2089 93 75 night
1015 2089 63 75 and
1101 2089 63 75 day
1187 2089 33 75 in

187 2136 61 75 one
277 2136 36 75 or
335 2136 66 75 two
417 2136 110 75 heaps,
553 2136 33 75 as
603 2136 54 75 the
681 2136 140 75 weather
849 2136 28 75 is
905 2136 74 75 cold
1002 2136 38 75 or
1063 2136 70 75 hot,
1159 2136 63 75 and

186 2181 116 75 turned
319 2181 95 75 every
431 2181 86 75 four,
543 2181 58 75 fix,
627 2181 36 75 or
680 2181 87 75 eight
784 2181 111 75 hours,
920 2181 55 75 the
987 2181 145 75 outward
1149 2181 72 75 part

185 2229 154 75 inwards,
356 2229 62 75 and
427 2229 55 75 the
495 2229 125 75 bottom
636 2229 160 75 upwards,
816 2229 120 75 always
954 2229 135 75 keeping
1101 2229 18 75 a
1136 2229 86 75 clear

187 2276 94 75 floor,
305 2276 71 75 that
393 2276 55 75 the
464 2276 76 75 corn
565 2276 71 75 that
661 2276 56 75 lies
739 2276 81 75 next
842 2276 39 75 to
899 2276 25 75 it
948 2276 39 75 be
1004 2276 56 75 not
1078 2276 139 75 chilled;

187 2323 63 75 and
266 2323 35 75 as
316 2323 78 75 foon
409 2323 34 75 as
460 2323 26 75 it
508 2323 109 75 begins
643 2323 35 75 to
702 2323 90 75 come
816 2323 37 75 or
878 2323 93 75 fpire,
996 2323 77 75 then
1096 2323 73 75 turn
1194 2323 27 75 it

187 2367 97 75 every
311 2367 105 75 three,
440 2367 86 75 four,
550 2367 37 75 or
614 2367 61 75 five
703 2367 110 75 hours,
839 2367 34 75 as
900 2367 67 75 was
987 2367 85 75 done
1095 2367 124 75 before,

185 2414 172 75 According
379 2414 36 75 to
439 2414 55 75 the
518 2414 123 75 temper
665 2414 41 75 of
724 2414 55 75 the
804 2414 60 75 air,
888 2414 103 75 which
1015 2414 124 75 greatly
1163 2414 57 75 go-

186 2462 94 75 verns
297 2462 64 75 this
379 2462 240 75 management;
645 2462 63 75 and
725 2462 33 75 as
778 2462 25 75 it
820 2462 110 75 comes
943 2462 37 75 or
996 2462 106 75 works
1119 2462 101 75 more,

186 2509 36 75 fo
242 2509 80 75 muft
345 2509 56 75 the
421 2509 87 75 heap
520 2509 39 75 be
575 2509 152 75 fpreaded
744 2509 63 75 and
824 2509 132 75 thinned
972 2509 105 75 larger
1094 2509 36 75 to
1147 2509 72 75 cool

187 2556 40 75 it.
273 2556 99 75 Thus
388 2556 27 75 it
432 2556 72 75 may
520 2556 41 75 lie
579 2556 62 75 and
657 2556 39 75 be
708 2556 131 75 worked
856 2556 41 75 on
914 2556 54 75 the
985 2556 81 75 floor
1085 2556 32 75 in
1133 2556 85 75 feve-

187 2602 48 75 ral
252 2602 161 75 parallels,
438 2602 66 75 two
519 2602 38 75 or
573 2602 90 75 three
689 2602 64 75 feet
777 2602 102 75 thick,
905 2602 54 75 ten
984 2602 37 75 or
1045 2602 88 75 more
1155 2602 66 75 feet

187 2649 115 75 broad,
328 2649 61 75 and
406 2649 146 75 fourteen
570 2649 37 75 or
626 2649 88 75 more
730 2649 32 75 in
779 2649 123 75 length,
928 2649 36 75 to
981 2649 72 75 chip
1070 2649 37 75 or
1127 2649 93 75 fpire,

187 2695 58 75 but
256 2695 54 75 not
323 2695 57 75 too
391 2695 93 75 much
500 2695 58 75 nor
567 2695 56 75 too
636 2695 71 75 faft;
727 2695 60 75 and
801 2695 92 75 when
906 2695 24 75 it
943 2695 26 75 is
982 2695 90 75 come
1081 2695 142 75 enough,

186 2742 28 75 it
229 2742 26 75 is
273 2742 35 75 to
324 2742 40 75 be
380 2742 116 75 turned
512 2742 115 75 twelve
643 2742 37 75 or
696 2742 118 75 fixteen
840 2742 93 75 times
955 2742 31 75 in
1009 2742 122 75 twenty
1148 2742 76 75 four

187 2788 112 75 hours,
324 2788 30 75 if
373 2788 57 75 the
453 2788 107 75 feafon
585 2788 28 75 is
637 2788 111 75 warm,
773 2788 33 75 as
832 2788 31 75 in
887 2788 132 75 March,
1053 2788 106 75 April,
1183 2788 38 75 or

188 2834 105 75 May;
320 2834 61 75 and
398 2834 92 75 when
506 2834 26 75 it
549 2834 25 75 is
600 2834 99 75 fixed,
726 2834 61 75 and
809 2834 58 75 the
889 2834 72 75 root
989 2834 110 75 begins
1124 2834 36 75 to
1182 2834 39 75 be

187 2880 82 75 dead
309 2880 77 75 then
415 2880 26 75 it
468 2880 80 75 muft
575 2880 39 75 be
641 2880 169 75 thickened
840 2880 105 75 again,
977 2880 63 75 and
1065 2880 160 75 carefully

187 2926 78 75 kept
282 2926 89 75 often
388 2926 116 75 turned
520 2926 62 75 and
606 2926 143 75 worked,
774 2926 71 75 that
867 2926 55 75 the
945 2926 145 75 growing
1106 2926 41 75 of
1166 2926 55 75 the

187 2973 74 75 root
277 2973 73 75 may
374 2973 61 75 not
455 2973 117 75 revive,
599 2973 61 75 and
682 2973 65 75 this
772 2973 27 75 is
827 2973 104 75 better
954 2973 84 75 done
1063 2973 76 75 with
1165 2973 56 75 the

187 3019 88 75 Sloes
288 3019 55 75 off
350 3019 76 75 than
444 3019 41 75 on
497 3019 9 75 :
533 3019 79 75 And
627 3019 76 75 here
723 3019 56 75 the
793 3019 190 75 Workman’s
1002 3019 47 75 art
1067 3019 62 75 and
1147 3019 72 75 dili-

188 3067 97 75 gence
306 3067 38 75 ia
361 3067 171 75 particular
552 3067 29 75 is
602 3067 97 75 tried,
723 3067 33 75 in
782 3067 137 75 keeping
940 3067 56 75 the
1017 3067 82 75 floor
1122 3067 97 75 clear,

1270 271 63 75 and
1348 271 131 75 turning
1506 271 56 75 the
1579 271 79 75 malt
1673 271 104 75 often,
1801 271 72 75 that
1889 271 27 75 it
1944 271 125 75 neither
2096 271 127 75 moulds
2249 271 61 75 nor

1271 316 198 75 acre-fpires,
1493 316 72 75 that
1582 316 40 75 is,
1647 316 71 75 that
1742 316 57 75 the
1815 316 94 75 blade
1925 316 78 75 does
2024 316 56 75 not
2097 316 89 75 grow
2204 316 57 75 out
2277 316 34 75 at

1273 367 56 75 the
1345 367 142 75 oppofite
1501 367 65 75 end
1590 367 41 75 of
1641 367 57 75 the
1714 367 96 75 root;
1837 367 64 75 for,
1926 367 32 75 if
1968 367 27 75 it
2011 367 91 75 does,
2128 367 55 75 the
2200 367 111 75 flower

1274 411 63 75 and
1361 411 141 75 ftrength
1519 411 40 75 of
1581 411 56 75 the
1665 411 80 75 malt
1760 411 27 75 is
1816 411 94 75 gone,
1937 411 62 75 and
2016 411 135 75 nothing
2177 411 60 75 left
2254 411 57 75 be-

1274 458 79 75 hind
1379 458 61 75 but
1466 458 55 75 the
1538 458 185 75 acre-fpire,
1747 458 93 75 hulk,
1866 458 61 75 and
1945 458 77 75 tail:
2049 458 100 75 Now,
2174 458 95 75 when
2285 458 27 75 it

1275 506 26 75 is
1319 506 32 75 at
1367 506 65 75 this
1448 506 129 75 degree,
1603 506 62 75 and
1683 506 36 75 fit
1736 506 51 75 for
1804 506 56 75 the
1876 506 81 75 kiln,
1974 506 26 75 it
2017 506 27 75 is
2060 506 90 75 often
2168 506 57 75 put
2241 506 70 75 into

1276 552 18 75 a
1309 552 94 75 heap,
1428 552 63 75 and
1506 552 45 75 let
1576 552 43 75 lie
1635 552 116 75 twelve
1779 552 100 75 hours
1907 552 111 75 before
2034 552 26 75 it
2076 552 28 75 is
2119 552 130 75 turned,
2274 552 37 75 to

1275 598 76 75 heat
1374 598 63 75 and
1462 598 140 75 mellow,
1628 598 106 75 which
1757 598 83 75 wilf
1848 598 94 75 much
1975 598 142 75 improve
2151 598 55 75 the
2232 598 79 75 malt

1274 644 30 75 if
1322 644 25 75 it
1364 644 26 75 is
1414 644 84 75 done
1524 644 78 75 with
1631 644 212 75 moderation,
1870 644 63 75 and
1961 644 84 75 after
2082 644 70 75 that
2180 644 78 75 time
2283 644 26 75 it

1278 691 80 75 muft
1370 691 43 75 be
1429 691 116 75 turned
1561 691 97 75 every
1673 691 45 75 fix
1736 691 99 75 hours
1851 691 118 75 during
1987 691 210 75 twenty-four
2212 691 10 75 ;
2250 691 60 75 but

1275 737 31 75 if
1327 737 27 75 it
1377 737 28 75 is
1422 737 205 75 overheated,
1651 737 27 75 it
1706 737 67 75 will
1800 737 131 75 become
1959 737 65 75 like
2051 737 108 75 greafe
2184 737 63 75 and
2269 737 40 75 be

1274 784 133 75 fpoiled,
1432 784 37 75 or
1485 784 35 75 at
1539 784 76 75 leaft
1642 784 89 75 caufe
1756 784 56 75 the
1836 784 95 75 drink
1948 784 34 75 to
1999 784 39 75 be
2059 784 247 75 unwholefome.

1276 831 110 75 When
1404 831 64 75 this
1485 831 165 75 operation
1673 831 27 75 is
1715 831 91 75 over,
1831 831 27 75 it
1874 831 76 75 then
1967 831 80 75 muft
2062 831 41 75 be
2120 831 58 75 put
2193 831 43 75 on
2251 831 58 75 the

1274 878 80 75 kiln,
1379 878 36 75 to
1431 878 61 75 dry
1508 878 86 75 four,
1620 878 59 75 fix,
1705 878 37 75 or
1754 878 115 75 twelve
1880 878 112 75 hours,
2018 878 170 75 according
2204 878 34 75 to
2253 878 56 75 the

1275 925 111 75 nature
1403 925 40 75 of
1465 925 56 75 the
1538 925 99 75 malt;
1663 925 53 75 for
1731 925 56 75 the
1804 925 70 75 pale
1891 925 65 75 fort
1972 925 144 75 requires
2144 925 89 75 more
2249 925 59 75 lei-

1274 971 81 75 fure,
1374 971 63 75 and
1447 971 61 75 lefs
1523 971 70 75 fire,
1609 971 79 75 than
1704 971 56 75 the
1772 971 107 75 amber
1895 971 38 75 or
1944 971 111 75 brown
2068 971 100 75 forts:
2194 971 115 75 Three

1274 1018 107 75 inches
1397 1018 91 75 thick
1513 1018 65 75 was
1594 1018 155 75 formerly
1764 1018 139 75 thought
1921 1018 19 75 a
1956 1018 153 75 fufficient
2132 1018 101 75 depth
2256 1018 53 75 for

1274 1064 56 75 the
1346 1064 79 75 malt
1451 1064 36 75 to
1509 1064 41 75 lie
1567 1064 42 75 on
1626 1064 54 75 the
1695 1064 175 75 hair-cloth
1885 1064 10 75 ;
1920 1064 59 75 but
2003 1064 73 75 now
2101 1064 48 75 fix
2164 1064 27 75 is
2216 1064 92 75 often

1273 1111 138 75 allowed
1424 1111 44 75 it;
1495 1111 147 75 fourteen
1654 1111 38 75 of
1708 1111 123 75 fixteen
1846 1111 66 75 feet
1927 1111 113 75 fquare
2052 1111 66 75 will
2135 1111 61 75 dry
2208 1111 98 75 about

1274 1157 66 75 two
1365 1157 159 75 quarters,
1550 1157 38 75 if
1602 1157 56 75 the
1686 1157 79 75 malt
1793 1157 58 75 lies
1881 1157 72 75 four
1981 1157 109 75 inches
2118 1157 101 75 thick,
2245 1157 63 75 and

1273 1203 77 75 here
1365 1203 26 75 it
1408 1203 112 75 ftiould
1533 1203 39 75 be
1589 1203 116 75 turned
1721 1203 95 75 every
1828 1203 80 75 two,
1932 1203 105 75 three,
2055 1203 37 75 or
2108 1203 75 75 four
2195 1203 112 75 hours,

1273 1250 136 75 keeping
1424 1250 56 75 the
1496 1250 70 75 hair
1582 1250 88 75 cloth
1688 1250 105 75 clear:
1830 1250 77 75 The
1924 1250 77 75 time
2028 1250 41 75 of
2090 1250 168 75 preparing
2281 1250 27 75 it

1272 1297 84 75 from
1381 1297 56 75 the
1461 1297 114 75 ciftern
1596 1297 36 75 to
1656 1297 56 75 the
1739 1297 68 75 kiln
1829 1297 27 75 is
1882 1297 176 75 uncertain,
2083 1297 172 75 according
2271 1297 36 75 to

1272 1343 54 75 the
1342 1343 108 75 feafon
1463 1343 41 75 of
1513 1343 55 75 the
1585 1343 98 75 year;
1701 1343 32 75 in
1751 1343 165 75 moderate
1924 1343 152 75 weather,
2095 1343 90 75 three
2198 1343 106 75 weeks

1271 1390 53 75 are
1352 1390 89 75 often
1464 1390 168 75 fufficient.
1679 1390 113 75 When
1816 1390 56 75 the
1900 1390 79 75 malt
2003 1390 27 75 is
2054 1390 103 75 dried,
2182 1390 26 75 it
2223 1390 81 75 muft

1271 1436 56 75 not
1344 1436 72 75 cool
1433 1436 41 75 on
1491 1436 55 75 the
1562 1436 81 75 kiln,
1660 1436 59 75 but
1735 1436 40 75 be
1790 1436 134 75 direftly
1941 1436 127 75 thrown
2085 1436 59 75 off,
2162 1436 55 75 not
2234 1436 70 75 into

1271 1483 18 75 a
1305 1483 92 75 heap,
1432 1483 58 75 but
1518 1483 152 75 fpreaded
1697 1483 84 75 wide
1804 1483 32 75 in
1864 1483 39 75 an
1929 1483 69 75 airy
2025 1483 102 75 place,
2151 1483 52 75 till
2226 1483 26 75 it
2276 1483 28 75 is

1271 1529 199 75 thoroughly
1486 1529 95 75 cool;
1607 1529 78 75 then
1709 1529 57 75 put
1781 1529 26 75 it
1823 1529 69 75 into
1909 1529 19 75 a
1953 1529 96 75 heap,
2074 1529 37 75 or
2135 1529 170 75 otherwife

1272 1577 120 75 difpofe
1404 1577 40 75 of
1455 1577 37 75 it.

1315 1623 112 75 There
1443 1623 53 75 are
1512 1623 118 75 feveral
1647 1623 148 75 methods
1811 1623 77 75 ufed
1903 1623 33 75 in
1951 1623 117 75 drying
2084 1623 41 75 of
2136 1623 107 75 malts,
2269 1623 34 75 as

1269 1669 55 75 the
1340 1669 172 75 iron-plate
1529 1669 114 75 frame,
1667 1669 57 75 the
1751 1669 188 75 tile-frame,
1965 1669 71 75 that
2053 1669 53 75 are
2133 1669 80 75 both
2241 1669 63 75 full

1271 1715 40 75 of
1335 1715 83 75 little
1434 1715 113 75 holes;
1573 1715 55 75 the
1651 1715 219 75 brafs-wired,
1896 1715 62 75 and
1975 1715 186 75 iron-wired
2187 1715 114 75 frame,

1269 1762 61 75 and
1342 1762 55 75 the
1412 1762 190 75 hair-cloth.
1640 1762 77 75 The
1733 1762 71 75 iron
1819 1762 62 75 and
1893 1762 79 75 tiled
1992 1762 76 75 ones
2085 1762 84 75 were
2186 1762 117 75 chiefly

1269 1809 147 75 invented
1440 1809 52 75 for
1507 1809 115 75 drying
1639 1809 40 75 of
1689 1809 113 75 brown
1818 1809 108 75 malts,
1951 1809 62 75 and
2028 1809 108 75 faving
2156 1809 41 75 of
2212 1809 89 75 fuel;

1269 1855 52 75 for
1336 1855 100 75 thefe,
1452 1855 93 75 when
1562 1855 78 75 they
1656 1855 91 75 come
1762 1855 36 75 to
1814 1855 39 75 be
1865 1855 161 75 thorough
2039 1855 71 75 hot,
2128 1855 65 75 will
2210 1855 94 75 make

1268 1902 55 75 the
1340 1902 93 75 corns
1450 1902 94 75 crack
1562 1902 61 75 and
1636 1902 92 75 jump
1745 1902 43 75 by
1804 1902 55 75 the
1875 1902 164 75 fiercenefs
2055 1902 41 75 of
2112 1902 84 75 their
2212 1902 90 75 heat,

1269 1950 33 75 fo
1318 1950 69 75 that
1405 1950 77 75 they
1494 1950 65 75 will
1575 1950 40 75 be
1637 1950 124 75 roafted
1776 1950 37 75 or
1837 1950 152 75 fcorcbed
2006 1950 32 75 in
2059 1950 19 75 a
2097 1950 84 75 little
2197 1950 77 75 time
2288 1950 11 75 ;

1268 1995 62 75 and
1346 1995 83 75 after
1446 1995 79 75 they
1541 1995 53 75 are
1613 1995 52 75 off
1682 1995 56 75 the
1764 1995 82 75 kiln,
1870 1995 35 75 to
1933 1995 110 75 plump
2067 1995 57 75 the
2152 1995 86 75 body
2266 1995 43 75 of

1268 2041 55 75 the
1340 2041 88 75 corn,
1454 2041 62 75 and
1532 2041 91 75 make
1648 2041 25 75 it
1696 2041 75 75 take
1791 2041 56 75 the
1863 2041 70 75 eye,
1959 2041 85 75 fome
2071 2041 67 75 will
2161 2041 142 75 fprinkle

1268 2087 99 75 water
1386 2087 77 75 over
1482 2087 39 75 it,
1538 2087 70 75 that
1624 2087 26 75 it
1667 2087 74 75 may
1757 2087 84 75 meet
1862 2087 80 75 with
1960 2087 56 75 the
2032 2087 106 75 better
2152 2087 145 75 market:

1268 2134 67 75 But
1350 2134 32 75 if
1392 2134 76 75 fuch
1488 2134 79 75 malt
1583 2134 26 75 is
1626 2134 57 75 not
1698 2134 77 75 ufed
1791 2134 144 75 quickly,
1959 2134 25 75 it
2009 2134 65 75 will
2091 2134 122 75 flacken
2236 2134 62 75 and

1267 2181 64 75 lofe
1351 2181 41 75 its
1409 2181 104 75 fpirits
1530 2181 36 75 to
1582 2181 18 75 a
1619 2181 91 75 great
1727 2181 129 75 degree,
1880 2181 64 75 and
1967 2181 147 75 perhaps,
2140 2181 32 75 in
2189 2181 73 75 half
2280 2181 22 75 a

1267 2227 76 75 year
1362 2227 38 75 or
1419 2227 72 75 lefs,
1516 2227 74 75 may
1605 2227 41 75 be
1674 2227 94 75 taken
1786 2227 42 75 by
1856 2227 56 75 the
1927 2227 124 75 whools
2076 2227 62 75 and
2160 2227 135 75 fpoiled.

1270 2274 86 75 Such
1374 2274 88 75 hafty
1484 2274 143 75 dryings,
1654 2274 38 75 or
1707 2274 196 75 fcorchings,
1929 2274 53 75 are
1998 2274 66 75 alfo
2080 2274 55 75 apt
2151 2274 36 75 to
2203 2274 100 75 bitter

1268 2322 55 75 the
1337 2322 93 75 .malt,
1455 2322 44 75 by
1515 2322 136 75 burning
1666 2322 41 75 its
1724 2322 80 75 fkin,
1828 2322 63 75 and
1913 2322 162 75 therefore
2102 2322 88 75 thefe
2218 2322 89 75 kilns'

1267 2368 53 75 are
1336 2368 57 75 not
1409 2368 35 75 fo
1460 2368 93 75 much
1571 2368 75 75 ufed
1663 2368 75 75 now
1754 2368 36 75 as
1804 2368 166 75 formerly.
1997 2368 78 75 The
2092 2368 213 75 wire-frames

1268 2414 114 75 indeed
1402 2414 53 75 are
1472 2414 178 75 fomething
1666 2414 119 75 better,
1809 2414 54 75 yet
1880 2414 77 75 they
1974 2414 53 75 are
2055 2414 54 75 apt
2128 2414 35 75 to
2189 2414 113 75 fcorch

1269 2460 55 75 the
1340 2460 145 75 outward
1505 2460 70 75 part
1592 2460 40 75 of
1646 2460 56 75 the
1719 2460 90 75 dorn,
1834 2460 71 75 that
1928 2460 115 75 cannot
2059 2460 40 75 be
2115 2460 57 75 got
2195 2460 51 75 off
2268 2460 35 75 fo

1268 2507 75 75 foon
1365 2507 33 75 as
1416 2507 54 75 the
1486 2507 174 75 hair-cjoth
1678 2507 115 75 admits
1809 2507 48 75 of,
1882 2507 52 75 for
1951 2507 87 75 thefe
2054 2507 80 75 muft
2150 2507 40 75 be
2202 2507 99 75 fwept

1268 2553 92 75 when
1377 2553 55 75 the
1449 2553 94 75 other
1557 2553 28 75 is
1609 2553 76 75 only
1700 2553 114 75 turned
1843 2553 33 75 at
1900 2553 100 75 once;
2028 2553 160 75 however,
2214 2553 88 75 thefe

1267 2600 57 75 laft
1343 2600 92 75 three
1459 2600 87 75 ways
1569 2600 54 75 are
1639 2600 72 75 now
1727 2600 33 75 in
1776 2600 94 75 much
1888 2600 124 75 requeft
2029 2600 52 75 for
2097 2600 116 75 drying
2230 2600 71 75 pale

1269 2647 61 75 and
1346 2647 109 75 amber
1471 2647 108 75 malts,
1606 2647 133 75 becaufe
1762 2647 85 75 their
1872 2647 57 75 fire
1956 2647 74 75 may
2051 2647 41 75 be
2119 2647 77 75 kept
2222 2647 81 75 with

1268 2693 88 75 more
1376 2693 124 75 leifure,
1534 2693 62 75 and
1617 2693 57 75 the
1699 2693 78 75 malt
1804 2693 88 75 more
1916 2693 167 75 gradually
2110 2693 62 75 and
2197 2693 105 75 better

1268 2741 114 75 dryed.
1431 2741 68 75 But
1524 2741 44 75 by
1596 2741 96 75 many
1719 2741 55 75 the
1800 2741 71 75 hair
1888 2741 88 75 cloth
2004 2741 26 75 is
2059 2741 161 75 reckoned
2244 2741 57 75 the

1267 2786 78 75 beft.

1315 2832 105 75 Malts
1439 2832 53 75 are
1516 2832 92 75 dried
1636 2832 79 75 with
1739 2832 118 75 feveral
1885 2832 80 75 forts
1994 2832 41 75 of
2056 2832 89 75 fuel;
2183 2832 34 75 as
2245 2832 56 75 the

1269 2879 92 75 coak,
1385 2879 120 75 Welch
1534 2879 82 75 coal,
1643 2879 102 75 ftraw,
1771 2879 107 75 wood,
1903 2879 63 75 and
1994 2879 83 75 fern,
2103 2879 65 75 &c.
2233 2879 68 75 But

1267 2926 54 75 the
1341 2926 81 75 coak
1438 2926 28 75 is
1481 2926 159 75 reckoned
1669 2926 43 75 by
1729 2926 78 75 moft
1832 2926 35 75 to
1894 2926 122 75 exceed
2040 2926 42 75 all
2111 2926 109 75 others
2249 2926 52 75 for

1268 2970 127 75 making
1411 2970 95 75 drink
1522 2970 41 75 of
1574 2970 55 75 the
1654 2970 89 75 fineft
1766 2970 122 75 flavour
1913 2970 62 75 and
1999 2970 71 75 pale
2095 2970 124 75 colour,
2244 2970 55 75 be-

1268 3019 89 75 caufe
1374 3019 24 75 it
1415 3019 89 75 fends
1529 3019 41 75 no
1593 3019 109 75 fmoke
1720 3019 87 75 forth
1831 3019 35 75 to
1883 3019 72 75 hurt
1974 3019 55 75 the
2046 3019 78 75 malt
2140 3019 79 75 with
2237 3019 62 75 any

1266 3068 148 75 offenfive
1431 3068 87 75 tang,
1544 3068 71 75 that
1631 3068 107 75 wood,
1762 3068 84 75 fern,
1871 3068 67 75 and
1949 3068 93 75 ftraw
2056 3068 54 75 are
2125 3068 55 75 apt
2204 3068 35 75 to
2256 3068 46 75 do
