2397 3387
635 155 36 75 B
728 155 35 75 E
821 155 35 75 C

1201 155 19 75 (
1278 155 84 75 53^
1419 155 19 75 )

1737 155 233 75 BED

285 217 139 75 portion,
442 217 107 75 order,
567 217 237 75 andfimplicity
818 217 194 75 contributes
1025 217 126 75 greatly
1162 217 34 75 to
1213 217 54 75 en-

286 264 99 75 hance
401 264 56 75 the
476 264 118 75 beauty
609 264 40 75 of
664 264 55 75 the
736 264 120 75 obje<£b
873 264 71 75 that
960 264 155 75 furround
1132 264 49 75 us,
1207 264 63 75 and

286 310 41 75 of
344 310 109 75 courfe
468 310 92 75 tends
578 310 35 75 to
640 310 60 75 our
720 310 176 75 happinefs.
946 310 66 75 We
1036 310 74 75 may
1125 310 40 75 be
1192 310 76 75 con-

287 356 112 75 firmed
415 356 32 75 in
471 356 63 75 this
554 356 152 75 thought,
732 356 83 75 upon
833 356 172 75 refledting,
1031 356 70 75 that
1117 356 59 75 our
1193 356 76 75 tafte

287 402 51 75 for
355 402 86 75 thefe
456 402 187 75 particulars
661 402 26 75 is
705 402 56 75 not
776 402 190 75 accidental,
985 402 56 75 but
1057 402 140 75 uniform
1206 402 63 75 and

286 447 168 75 univerfal,
479 447 129 75 making
635 447 18 75 a
678 447 117 75 branch
814 447 40 75 of
874 447 61 75 our
962 447 124 75 nature.
1136 447 48 75 At
1211 447 58 75 the

285 495 84 75 fame
396 495 90 75 time,
520 495 187 75 regularity,
739 495 201 75 uniformity,
972 495 108 75 order,
1117 495 63 75 and
1196 495 71 75 fim-

283 541 123 75 plicity,
431 541 193 75 contribute,
649 541 78 75 each
751 541 40 75 of
802 541 100 75 them,
927 541 35 75 to
980 541 156 75 readineis
1154 541 40 75 of
1210 541 54 75 ap-

283 587 197 75 prehenfion,
506 587 63 75 and
584 587 112 75 enable
713 587 35 75 us
766 587 35 75 to
818 587 84 75 form
918 587 88 75 more
1033 587 123 75 diftindt
1179 587 87 75 ideas

285 634 40 75 of
335 634 120 75 objedts
472 634 77 75 than
566 634 58 75 can
640 634 39 75 be
692 634 83 75 done
791 634 106 75 where
914 634 87 75 thefe
1014 634 186 75 particulars
1214 634 53 75 are

284 681 153 75 wanting.
486 681 39 75 In
551 681 84 75 fome
659 681 167 75 inftances,
852 681 32 75 as
905 681 33 75 in
962 681 143 75 animals,
1132 681 135 75 propor-

284 728 66 75 tion
378 728 26 75 is
429 728 162 75 evidently
614 728 175 75 connedted
813 728 79 75 with
920 728 121 75 utility,
1074 728 63 75 and
1159 728 27 75 is
1211 728 57 75 the

284 775 88 75 more
389 775 165 75 agreeable
570 775 41 75 on
628 775 70 75 that
710 775 147 75 account.

330 820 138 75 Beauty,
494 820 31 75 in
542 820 96 75 many
657 820 164 75 inftances,
846 820 163 75 promotes
1025 820 154 75 induftry,
1204 820 64 75 and

284 869 32 75 as
333 869 26 75 it
374 869 27 75 is
418 869 184 75 frequently
618 869 172 75 connedted
807 869 77 75 with
900 869 122 75 utility,
1047 869 24 75 it
1097 869 114 75 proves
1228 869 39 75 an

285 914 173 75 additional
475 914 185 75 incitement
677 914 34 75 to
729 914 110 75 enrich
855 914 60 75 our
931 914 91 75 fields
1045 914 61 75 and
1125 914 142 75 improve

282 962 59 75 our
366 962 244 75 manufadtures.
669 962 123 75 Thefe,
817 962 163 75 however,
1007 962 53 75 are
1087 962 57 75 but
1173 962 95 75 flight

282 1009 120 75 effedts,
428 1009 170 75 compared
614 1009 78 75 with
710 1009 55 75 the
790 1009 200 75 connedtions
1007 1009 70 75 that
1094 1009 52 75 are
1166 1009 101 75 form-

280 1055 41 75 ed
337 1055 116 75 among
468 1055 191 75 individuals
675 1055 31 75 in
731 1055 122 75 fociety
876 1055 45 75 by
948 1055 108 75 means
1072 1055 40 75 of
1135 1055 131 75 beauty.

280 1102 76 75 The
372 1102 233 75 qualifications
623 1102 40 75 of
673 1102 56 75 the
751 1102 84 75 head
850 1102 62 75 and
928 1102 92 75 heart
1038 1102 53 75 are
1106 1102 161 75 undoubt-

281 1147 76 75 edly
373 1147 56 75 the
445 1147 79 75 moft
539 1147 81 75 folid
636 1147 61 75 and
714 1147 79 75 moft
809 1147 185 75 permanent
1011 1147 203 75 foundations
1231 1147 42 75 of

282 1194 74 75 fuch
375 1194 199 75 connedtioos
590 1194 9 75 :
627 1194 78 75 But,
732 1194 33 75 as
794 1194 146 75 external
957 1194 119 75 beauty
1091 1194 59 75 lies
1176 1194 91 75 more

281 1241 32 75 in
330 1241 92 75 view,
448 1241 63 75 and
522 1241 26 75 is
565 1241 88 75 more
670 1241 132 75 obvious
826 1241 35 75 to
878 1241 55 75 the
950 1241 78 75 bulk
1057 1241 40 75 of
1115 1241 152 75 mankind

281 1287 77 75 than
375 1287 56 75 the
447 1287 148 75 qualities
613 1287 73 75 now
701 1287 195 75 mentioned,
922 1287 54 75 the
993 1287 85 75 fenfe
1098 1287 39 75 of
1145 1287 120 75 beauty

281 1334 57 75 has
356 1334 18 75 a
390 1334 88 75 more
495 1334 157 75 extenfive
677 1334 155 75 influence
854 1334 32 75 in
915 1334 138 75 forming
1077 1334 87 75 thefe
1188 1334 76 75 con-

281 1380 151 75 nedtions.
466 1380 48 75 At
526 1380 61 75 any
600 1380 80 75 rate,
694 1380 25 75 it
737 1380 134 75 concurs
887 1380 32 75 in
941 1380 40 75 an
998 1380 139 75 eminent
1148 1380 117 75 degree

279 1427 79 75 with
375 1427 120 75 mental
512 1427 245 75 qualifications,
782 1427 33 75 in
843 1427 178 75 producing
1048 1427 94 75 facial
1167 1427 98 75 inter-

280 1474 122 75 courfe,
420 1474 123 75 mutual
560 1474 179 75 good-will,
758 1474 60 75 and
836 1474 229 75 confequently
1077 1474 120 75 mutual
1212 1474 54 75 aid

279 1520 63 75 and
357 1520 143 75 fupport,
516 1520 106 75 which
640 1520 53 75 are
709 1520 55 75 the
779 1520 58 75 life
849 1520 40 75 of
899 1520 133 75 fociety.
1070 1520 31 75 It
1114 1520 79 75 muft
1206 1520 58 75 not

278 1566 149 75 however
444 1566 39 75 be
499 1566 208 75 overlooked,
732 1566 72 75 that
828 1566 55 75 the
900 1566 84 75 fenfe
999 1566 41 75 of
1051 1566 119 75 beauty
1185 1566 78 75 does

279 1613 58 75 not
353 1613 77 75 tend
445 1613 35 75 to
497 1613 140 75 advance
653 1613 55 75 the
724 1613 143 75 interefts
884 1613 40 75 of
935 1613 132 75 fociety,
1097 1613 56 75 but
1170 1613 93 75 when

278 1660 31 75 in
327 1660 18 75 a
365 1660 62 75 due
443 1660 91 75 mean
546 1660 78 75 with
641 1660 117 75 refpedt
776 1660 34 75 to
822 1660 154 75 ftrength.
1018 1660 105 75 Love,
1140 1660 33 75 in
1191 1660 71 75 par-

279 1707 127 75 ticular,
432 1707 113 75 arifing
572 1707 84 75 from
682 1707 19 75 a
727 1707 85 75 fenfe
836 1707 41 75 of
897 1707 128 75 beauty,
1051 1707 93 75 lofes,
1170 1707 94 75 when

277 1753 164 75 exceflive,
466 1753 41 75 its
524 1753 96 75 focial
636 1753 161 75 charadter
811 1753 9 75 ;
848 1753 55 75 the
919 1753 138 75 appetite
1075 1753 50 75 for
1141 1753 122 75 gratifi-

277 1800 118 75 cation,
421 1800 175 75 prevailing
611 1800 76 75 over
703 1800 148 75 affedtion
879 1800 52 75 for
959 1800 56 75 the
1041 1800 136 75 beloved
1204 1800 59 75 ob-

272 1848 78 75 jedt,
376 1848 27 75 is
431 1848 246 75 ungovernable,
702 1848 64 75 and
791 1848 94 75 tends
903 1848 157 75 violently
1076 1848 35 75 to
1127 1848 42 75 its
1186 1848 75 75 end,

277 1893 175 75 regardlefs
468 1893 40 75 of
517 1893 59 75 the
593 1893 114 75 mifery
722 1893 71 75 that
810 1893 80 75 muft
913 1893 125 75 follow.
1099 1893 105 75 Love,
1229 1893 34 75 in

277 1939 65 75 this
358 1939 90 75 ftate,
472 1939 27 75 is
527 1939 43 75 no
597 1939 112 75 longer
725 1939 18 75 a
758 1939 97 75 fweet
878 1939 165 75 agreeable
1069 1939 115 75 paffion
1200 1939 9 75 ;
1235 1939 28 75 it

276 1986 148 75 becomes
440 1986 135 75 painful,
598 1986 65 75 like
685 1986 122 75 hunger
824 1986 37 75 or
878 1986 102 75 thirft,
1007 1986 62 75 and
1084 1986 179 75 produceth

276 2033 42 75 no
330 2033 176 75 happinefs,
531 2033 58 75 but
606 2033 31 75 in
653 2033 56 75 the
720 2033 113 75 inftant
846 2033 39 75 of
897 2033 145 75 fruition.
1090 2033 86 75 This
1189 2033 73 75 fug-

275 2079 81 75 gefts
373 2079 39 75 an
430 2079 172 75 important
618 2079 109 75 lefibn,
753 2079 71 75 that
851 2079 200 75 wtoderation
1079 2079 33 75 in
1130 2079 59 75 our
1205 2079 56 75 de-

275 2126 74 75 fires
373 2126 62 75 and
451 2126 165 75 appetites,
642 2126 105 75 which
775 2126 51 75 fits
851 2126 37 75 us
911 2126 51 75 for
977 2126 99 75 doing
1091 2126 61 75 our
1168 2126 92 75 duty,

275 2171 196 75 contributes
497 2171 33 75 at
554 2171 55 75 the
625 2171 85 75 fame
731 2171 78 75 time
832 2171 56 75 the
910 2171 80 75 moft
1006 2171 36 75 to
1075 2171 185 75 happinefs;

276 2219 79 75 even
384 2219 96 75 focial
501 2219 142 75 paffions,
668 2219 94 75 when
779 2219 177 75 moderate,
981 2219 54 75 are
1059 2219 89 75 more
1175 2219 86 75 plea-

276 2265 68 75 fant
359 2265 77 75 than
453 2265 93 75 when
568 2265 77 75 they
661 2265 87 75 fwell
765 2265 128 75 beyond
908 2265 116 75 proper
1039 2265 138 75 bounds.

229 2312 180 75 Beauty,
434 2312 32 75 in
490 2312 222 75 architefture,
738 2312 154 75 painting,
926 2312 61 75 and
1013 2312 93 75 other
1132 2312 77 75 arts,
1234 2312 27 75 is

275 2360 56 75 the
358 2360 157 75 harmony
532 2360 62 75 and
617 2360 134 75 juftnefs
776 2360 41 75 of
839 2360 56 75 the
921 2360 106 75 whole
1055 2360 207 75 compofition

277 2405 95 75 taken
389 2405 160 75 together.

229 2451 232 75 BEAUVIN,
487 2451 18 75 a
521 2451 66 75 city
603 2451 40 75 of
662 2451 191 75 Burgundy,
879 2451 33 75 in
936 2451 136 75 France,
1098 2451 97 75 about
1219 2451 39 75 15:

277 2499 90 75 miles
383 2499 97 75 north
505 2499 40 75 of
564 2499 157 75 Chalons,
754 2499 33 75 in
814 2499 22 75 4
836 2481 17 49 0
872 2499 57 75 50'
945 2499 43 75 E.
1006 2499 89 75 long,
1117 2499 63 75 and
1196 2499 43 75 47
1239 2481 23 49 0

276 2546 48 75 N.
343 2546 57 75 lat.

229 2592 265 75 BEAUVOIR,
520 2592 19 75 a
561 2592 177 75 port-town
754 2592 40 75 of
814 2592 135 75 France,
975 2592 97 75 about
1100 2592 41 75 ay
1169 2592 91 75 miles

278 2637 183 75 fouth-weft
474 2637 39 75 of
524 2637 119 75 Nants,
667 2637 33 75 in
719 2637 18 75 2
737 2619 24 49 0
780 2637 61 75 W.
859 2637 88 75 long,
973 2637 62 75 and
1049 2637 66 75 47°
1133 2637 49 75 N.
1199 2637 59 75 lat.

230 2684 257 75 BEAUVOIS,
520 2684 18 75 a
562 2684 65 75 city
650 2684 40 75 of
715 2684 53 75 the
793 2684 52 75 ifle
870 2684 39 75 of
929 2684 134 75 France,
1090 2684 98 75 about
1214 2684 42 75 43

277 2731 90 75 miles
384 2731 96 75 north
496 2731 39 75 of
553 2731 104 75 Paris,
683 2731 32 75 in
734 2731 18 75 2
752 2713 24 49 0
796 2731 55 75 20'
875 2731 44 75 E.
937 2731 89 75 long,
1052 2731 63 75 and
1140 2731 21 75 4
1161 2713 22 49 0
1205 2731 54 75 30'

278 2780 46 75 N.
342 2780 58 75 lat.

228 2826 177 75 BECAH,
438 2826 37 75 or
500 2826 148 75 Bekah,
674 2826 33 75 in
731 2826 141 75 Hebrew
896 2826 173 75 antiquity,
1096 2826 18 75 a
1142 2826 115 75 Jewifti

278 2871 83 75 coin,
380 2871 92 75 equal
489 2871 35 75 to

706 2871 39 75 of
757 2871 58 75 our
831 2871 128 75 money.

228 2919 216 75 BECALM,
469 2919 33 75 in
527 2919 19 75 a
569 2919 128 75 general
719 2919 95 75 fenfe,
839 2919 133 75 fignifies
997 2919 34 75 to
1057 2919 142 75 appeafe,
1224 2919 36 75 to

279 2964 96 75 allay.

226 3011 176 75 Becalm,
428 3011 34 75 in
478 3011 54 75 the
547 3011 51 75 fea
614 3011 168 75 language.
830 3011 33 75 A
880 3011 65 75 ftiip
962 3011 27 75 is
1006 3011 68 75 faid
1090 3011 35 75 to
1145 3011 39 75 be
1203 3011 57 75 be-

1363 218 136 75 calmed,
1525 218 93 75 when
1635 218 90 75 there
1741 218 28 75 is
1786 218 57 75 not
1858 218 19 75 a
1894 218 112 75 breath
2023 218 39 75 of
2074 218 87 75 wind
2177 218 35 75 to
2228 218 47 75 fill
2293 218 56 75 the

1364 264 85 75 fails.

1317 311 243 75 BECANER,
1586 311 56 75 the
1659 311 114 75 capital
1791 311 41 75 of
1842 311 55 75 the
1912 311 155 75 territory
2079 311 39 75 of
2130 311 103 75 Becar
2249 311 31 75 in
2294 311 56 75 In-

1365 356 64 75 dia,
1463 356 133 75 fituated
1621 356 41 75 on
1687 356 55 75 the
1767 356 83 75 river
1875 356 147 75 Ganges,
2054 356 33 75 in
2109 356 63 75 83°
2189 356 44 75 E.
2257 356 91 75 long,

1366 403 60 75 and
1445 403 66 75 28°
1531 403 47 75 N.
1596 403 58 75 lat.

1318 452 346 75 BECCABUNGA,
1689 452 32 75 in
1737 452 133 75 botany,
1895 452 56 75 the
1968 452 106 75 trivial
2091 452 91 75 name
2199 452 41 75 of
2246 452 18 75 a
2280 452 70 75 fpe-

1365 496 62 75 cies
1445 496 41 75 of
1497 496 160 75 veronica.
1708 496 61 75 See
1786 496 217 75 Veronica.

1315 544 220 75 BECHICS,
1571 544 172 75 medicines
1770 544 148 75 defigned
1946 544 35 75 to
1997 544 116 75 relieve
2130 544 134 75 coughs,
2293 544 57 75 be-

1363 587 53 75 ing
1435 587 55 75 the
1506 587 83 75 fame
1606 587 79 75 with
1702 587 86 75 what
1806 587 48 75 we
1878 587 62 75 call
1963 587 218 75 expectorants
2200 587 62 75 and
2272 587 77 75 pec-

1364 636 117 75 torals.

1316 682 198 75 BECHIN,
1548 682 19 75 a
1590 682 88 75 town
1702 682 40 75 of
1761 682 169 75 Bohemia,
1955 682 33 75 in
2018 682 63 75 iy°
2100 682 44 75 E.
2169 682 90 75 long,
2285 682 64 75 and

1365 729 43 75 49
1408 711 24 49 0
1456 729 52 75 14'
1524 729 47 75 N.
1590 729 59 75 lat.

1315 775 366 75 BECKENRIEDT,
1707 775 18 75 a
1758 775 87 75 town
1862 775 41 75 of
1923 775 214 75 Switzerland
2152 775 33 75 in
2201 775 56 75 the
2274 775 73 75 can-

1364 819 55 75 ton
1437 819 40 75 of
1488 819 228 75 Underwaldt.

1316 867 205 75 BECZAU,
1550 867 18 75 a
1586 867 85 75 town
1688 867 40 75 of
1740 867 168 75 Bohemia,
1926 867 84 75 upon
2027 867 58 75 the
2103 867 83 75 river
2201 867 120 75 Topel.

1316 912 111 75 BED,
1454 912 18 75 a
1488 912 146 75 machine
1651 912 49 75 for
1719 912 172 75 ftretching
1908 912 61 75 and
1986 912 179 75 compofing
2188 912 55 75 the
2260 912 87 75 body

1363 959 53 75 on,
1443 959 51 75 for
1510 959 81 75 eafe,
1608 959 38 75 or
1663 959 94 75 fleep,
1782 959 164 75 confifting
1970 959 163 75 generally
2149 959 40 75 of
2205 959 140 75 feathers

1363 1006 140 75 inclofed
1530 1006 33 75 in
1592 1006 19 75 a
1637 1006 107 75 ticken
1777 1006 82 75 cafe.
1917 1006 112 75 There
2056 1006 54 75 are
2136 1006 148 75 varieties
2312 1006 43 75 of

1363 1051 90 75 beds,
1479 1051 34 75 as
1537 1051 19 75 a
1579 1051 236 75 (landing-bed,
1840 1051 19 75 a
1882 1051 189 75 fettee-bed,
2096 1051 19 75 a
2142 1051 160 75 tent-bed,
2327 1051 20 75 a

1363 1099 217 75 truckle-bed,
1607 1099 64 75 isc.

1315 1145 80 75 Bed
1415 1145 43 75 of
1466 1145 135 75 juftice,
1626 1145 33 75 in
1686 1145 56 75 the
1769 1145 125 75 French
1919 1145 147 75 cuftoms,
2090 1145 20 75 a
2127 1145 115 75 throne
2262 1145 85 75 upon

1362 1191 106 75 which
1489 1191 55 75 the
1561 1191 76 75 king
1653 1191 27 75 is
1698 1191 106 75 feated
1827 1191 94 75 when
1938 1191 41 75 he
1996 1191 76 75 goes
2098 1191 35 75 to
2158 1191 55 75 the
2230 1191 116 75 parlia-

1361 1237 99 75 ment.
1509 1237 77 75 The
1606 1237 77 75 king
1701 1237 97 75 never
1819 1237 94 75 holds
1931 1237 18 75 a
1973 1237 62 75 bed
2059 1237 40 75 of
2114 1237 112 75 juftice
2242 1237 105 75 unlefs

1361 1283 52 75 for
1429 1283 108 75 affairs
1550 1283 70 75 that
1638 1283 138 75 concern
1789 1283 54 75 the
1860 1283 89 75 ftate,
1975 1283 63 75 and
2050 1283 77 75 then
2142 1283 43 75 all
2203 1283 55 75 the
2274 1283 71 75 offi-

1361 1330 67 75 cers
1445 1330 41 75 of
1496 1330 186 75 parliament
1699 1330 54 75 are
1769 1330 149 75 cloathed
1934 1330 33 75 in
1984 1330 112 75 fcarlet
2114 1330 107 75 robes.

1314 1377 80 75 Bed
1413 1377 43 75 of
1462 1377 53 75 the
1531 1377 152 75 carriage
1700 1377 42 75 of
1748 1377 22 75 a
1780 1377 99 75 great
1889 1377 85 75 gun,
1999 1377 19 75 a
2034 1377 89 75 thick
2140 1377 107 75 plank,
2272 1377 73 75 that

1359 1423 58 75 lies
1436 1423 99 75 under
1552 1423 54 75 the
1631 1423 88 75 piece
1733 1423 10 75 ;
1770 1423 108 75 being,
1903 1423 34 75 as
1961 1423 26 75 it
2011 1423 96 75 were,
2132 1423 55 75 the
2207 1423 86 75 body
2309 1423 43 75 of

1361 1470 54 75 the
1432 1470 152 75 carriage.

1313 1516 95 75 Bed,
1433 1516 31 75 in
1482 1516 157 75 mafonry,
1666 1516 18 75 a
1700 1516 121 75 courfe,
1846 1516 37 75 or
1895 1516 96 75 range
2003 1516 40 75 of
2053 1516 103 75 (tones
2171 1516 11 75 ;
2209 1516 62 75 and
2288 1516 57 75 the

1356 1562 84 75 joint
1456 1562 41 75 of
1518 1562 56 75 the
1598 1562 62 75 bed
1688 1562 25 75 is
1742 1562 55 75 the
1825 1562 121 75 mortar
1974 1562 143 75 between
2133 1562 66 75 two
2226 1562 116 75 ftones,

1360 1610 110 75 placed
1486 1610 76 75 over
1577 1610 78 75 each
1672 1610 106 75 other.

1312 1656 94 75 Bed,
1430 1656 32 75 in
1479 1656 186 75 gardening,
1690 1656 113 75 fquare
1820 1656 37 75 or
1881 1656 119 75 oblong
2024 1656 103 75 pieces
2143 1656 41 75 of
2202 1656 139 75 ground,

1357 1702 32 75 in
1406 1702 19 75 a
1441 1702 131 75 garden,
1597 1702 101 75 raifed
1715 1702 18 75 a
1756 1702 85 75 little
1857 1702 100 75 above
1982 1702 55 75 the
2053 1702 83 75 level
2152 1702 39 75 of
2214 1702 54 75 the
2285 1702 56 75 ad-

1355 1750 125 75 joining
1496 1750 137 75 ground,
1658 1750 63 75 and
1732 1750 140 75 wherein
1895 1750 78 75 they
1985 1750 65 75 fow
2066 1750 102 75 feeds,
2200 1750 38 75 or
2253 1750 90 75 plant

1359 1796 101 75 roots.

1311 1842 182 75 //cZ-Bed.
1543 1842 62 75 See
1621 1842 199 75 Hot-bed.

1312 1888 100 75 Lords
1431 1888 44 75 of
1479 1888 53 75 the
1548 1888 298 75 Bed-chamber,
1871 1888 32 75 in
1917 1888 56 75 the
1989 1888 118 75 Britifh
2120 1888 148 75 cuftoms,
2285 1888 56 75 ten

1357 1934 88 75 lords
1462 1934 74 75 who
1552 1934 109 75 attend
1677 1934 34 75 in
1727 1934 83 75 their
1826 1934 103 75 turns,
1954 1934 77 75 each
2049 1934 18 75 a
2083 1934 90 75 week
2187 1934 10 75 ;
2224 1934 117 75 during

1357 1980 105 75 which
1486 1980 77 75 time
1588 1980 78 75 they
1682 1980 42 75 lie
1748 1980 33 75 in
1803 1980 56 75 the
1884 1980 104 75 king’s
2011 1980 241 75 bed-chamber,
2277 1980 64 75 and

1358 2026 74 75 wait
1449 2026 40 75 on
1506 2026 66 75 him
1590 2026 91 75 when
1698 2026 41 75 he
1756 2026 88 75 dines
1861 2026 31 75 in
1910 2026 134 75 private.

1309 2075 181 75 BEDAL,
1532 2075 19 75 a
1577 2075 228 75 market-town
1837 2075 40 75 of
1904 2075 185 75 Yorkftiire,
2125 2075 89 75 eight
2249 2075 93 75 miles

1357 2120 93 75 fouth
1467 2120 39 75 of
1525 2120 198 75 Richmondj
1747 2120 34 75 in
1801 2120 39 75 i°
1859 2120 55 75 20'
1933 2120 60 75 W.
2010 2120 89 75 long,
2124 2120 63 75 and
2204 2120 62 75 y4°
2284 2120 45 75 20

1357 2167 46 75 N.
1421 2167 60 75 lat.

1310 2214 178 75 BEDEL.
1539 2214 62 75 See
1617 2214 171 75 Beadle.

1308 2261 272 75 BEDEREPE,
1617 2261 18 75 a
1662 2261 177 75 cuftomary
1866 2261 131 75 fervice,
2021 2261 45 75 by
2082 2261 104 75 which
2214 2261 126 75 tenants

1356 2307 83 75 were
1455 2307 161 75 anciently
1631 2307 109 75 bound
1764 2307 35 75 to
1816 2307 74 75 reap
1909 2307 84 75 their
2019 2307 177 75 landlord’s
2213 2307 77 75 corn
2306 2307 33 75 in

1355 2353 230 75 harveft-time.

1308 2400 246 75 BEDFORD,
1579 2400 56 75 the
1651 2400 223 75 county-town
1891 2400 36 75 of
1942 2400 238 75 Bedford/hire,
2205 2400 133 75 fituated

1356 2446 39 75 on
1413 2446 56 75 the
1482 2446 83 75 river
1581 2446 99 75 Oufe,
1705 2446 98 75 about
1820 2446 42 75 22
1882 2446 89 75 miles
1988 2446 183 75 fouth-weft
2188 2446 40 75 of
2240 2446 98 75 Cam-

1356 2492 123 75 bridge,
1504 2492 32 75 in
1555 2492 45 75 20
1626 2492 61 75 W.
1705 2492 89 75 long,
1820 2492 63 75 and
1901 2492 65 75 y2°
1990 2492 51 75 ic/
2058 2492 47 75 N.
2124 2492 60 75 lat.

1308 2539 402 75 BED-MOULDING,
1735 2539 32 75 in
1792 2539 222 75 architecture,
2039 2539 19 75 a
2080 2539 83 75 term
2186 2539 76 75 ufed
2286 2539 52 75 for

1356 2585 89 75 thofe
1460 2585 156 75 members
1634 2585 40 75 of
1685 2585 18 75 a
1719 2585 161 75 corniche,
1898 2585 104 75 which
2020 2585 53 75 are
2097 2585 113 75 placed
2233 2585 106 75 below

1355 2632 55 75 the
1427 2632 155 75 coronet;
1608 2632 63 75 and
1687 2632 73 75 now
1788 2632 121 75 ufually
1925 2632 124 75 confifts
2077 2632 45 75 of.
2135 2632 41 75 an
2202 2632 92 75 ogee,
2318 2632 20 75 a

1354 2678 59 75 lift,
1440 2678 17 75 a
1478 2678 89 75 large
1592 2678 155 75 boultine,
1772 2678 63 75 and
1858 2678 133 75 another
2013 2678 49 75 lift
2087 2678 101 75 under
2211 2678 54 75 the
2281 2678 55 75 co-

1355 2725 102 75 ronet.

1305 2773 265 75 BEDOUINS,
1595 2773 32 75 in
1645 2773 54 75 the
1716 2773 141 75 Arabian
1875 2773 148 75 cuftoms,
2048 2773 99 75 tribes
2164 2773 40 75 of
2215 2773 120 75 Arabs,

1355 2818 73 75 who
1443 2818 64 75 live
1531 2818 31 75 in
1580 2818 97 75 tents,
1702 2818 62 75 and
1786 2818 53 75 are
1859 2818 159 75 difperfed
2041 2818 42 75 all
2108 2818 76 75 over
2201 2818 133 75 Arabia,

1354 2865 122 75 Egypt,
1502 2865 62 75 and
1580 2865 56 75 the
1653 2865 95 75 north
1765 2865 40 75 of
1816 2865 127 75 Africa.

1307 2912 213 75 BEDWIN,
1557 2912 18 75 a
1602 2912 251 75 borough-town
1881 2912 40 75 of
1947 2912 180 75 Wiltftiire,
2163 2912 98 75 about
2292 2912 40 75 18

1354 2957 90 75 miles
1457 2957 188 75 north-weft
1656 2957 41 75 of
1709 2957 173 75 SalHbury,
1906 2957 34 75 in
1956 2957 40 75 i°
2016 2957 56 75 40'
2087 2957 62 75 W.
2164 2957 89 75 long,
2272 2957 62 75 and
