2397 3387
150 29 104 75 (*C)

585 29 36 75 B
712 29 40 75 O
843 29 39 75 O
970 29 37 75 K
1051 29 15 75 -
1116 29 38 75 K

149 92 41 75 be
207 92 99 75 fixed,
332 92 53 75 the
403 92 69 75 title
490 92 81 75 may'
571 92 40 75 be
628 92 95 75 taken
737 92 83 75 from
840 92 52 75 the
901 92 195 75 commodity
1105 92 77 75 they

148 137 72 75 deal
238 137 44 75 in,
307 137 34 75 as
352 137 152 75 Accojnpt
517 137 35 75 in
565 137 253 75 Wine-company
823 169 7 49 t
857 137 140 75 accompt
1011 137 36 75 in
1061 137 119 75 ‘Tobac-

148 184 42 75 co
199 184 160 75 company,
382 184 87 75 &c.;
495 184 38 75 or
557 184 83 75 from
670 184 54 75 the
745 184 89 75 place
862 184 75 75 they
955 184 90 75 trade
1074 184 47 75 to,
1146 184 34 75 as

203 229 15 75 c
237 229 66 75 mpt
319 229 36 75 in
372 229 195 75 Eafl-lnaia
585 229 160 75 company*,
771 229 60 75 tkc.

199 277 88 75 Note
312 277 31 75 ?,
369 277 124 75 Inftead
521 277 39 75 of
584 277 44 75 si.
652 277 42 75 B.
721 277 48 75 my
785 277 140 75 accompt
938 277 129 75 proper,
1094 277 85 75 fome

147 322 93 75 write
258 322 36 75 A
324 322 41 75 B.
386 322 46 75 my
445 322 293 75 accompt-currcnt
753 322 10 75 ;
791 322 84 75 fome
892 322 55 75 too
968 322 17 75 w
996 322 58 75 rite
1074 322 35 75 A
1133 322 42 75 B.

146 367 48 75 his
220 367 141 75 accompt
385 367 160 75 cur>ent\
572 367 61 75 and
651 367 108 75 others
777 367 69 75 title
865 367 61 75 this
946 367 142 75 accompt
1107 367 67 75 (im-

146 414 54 75 ply
219 414 42 75 by
278 414 54 75 the
349 414 115 75 tru(fee
464 396 13 49 ?
477 414 16 75 s
511 414 97 75 name.
663 414 67 75 But
747 414 48 75 the
806 414 63 75 ugh
887 414 55 75 the
960 414 85 75 titles
1063 414 40 75 of
1123 414 49 75 ac-

146 460 126 75 compts
291 460 52 75 are
372 460 31 75 in
420 460 85 75 fome
529 460 63 75 fort
620 460 170 75 arbitrary,
816 460 37 75 or
881 460 33 75 as
954 460 39 75 he
1011 460 59 75 me
1079 460 96 75 chant

145 507 119 75 pleates
278 507 7 75 ,
314 507 53 75 yet
386 507 24 75 it
428 507 26 75 is
473 507 132 75 fuitable
629 507 37 75 or
683 507 191 75 congruous,
901 507 68 75 that
988 507 77 75 they
1082 507 92 75 Carry

144 553 33 75 in
196 553 85 75 them
298 553 85 75 fome
401 553 102 75 badge
520 553 39 75 of
571 553 188 75 diftin&ion,
786 553 135 75 (hewing
939 553 35 75 to
998 553 173 75 whatclafs

145 599 39 75 of
197 599 161 75 accompts
376 599 76 75 they
465 599 128 75 belong.

191 644 67 75 We
268 644 71 75 now
353 644 134 75 proceed
506 644 33 75 to
552 644 17 75 a
587 644 169 75 pirticcjar
771 644 188 75 application
978 644 39 75 of
1030 644 53 75 Dr
1107 644 61 75 and

147 689 48 75 Cr
216 689 30 75 in
268 689 55 75 'he
340 689 84 75 cafes
443 689 68 75 that
530 689 77 75 moft
625 689 179 75 commonly
822 689 95 75 occur
935 689 41 75 on
996 689 62 75 this
1077 689 92 75 head,

143 737 106 75 which
267 737 75 75 (hall
361 737 38 75 be
423 737 145 75 confined
585 737 34 75 to
637 737 54 75 the
709 737 65 75 two
791 737 159 75 problems
968 737 173 75 following.

142 820 100 75 Prob.
266 820 29 75 x.
321 820 62 75 Q;_
418 820 128 75 Debtor
562 820 61 75 and
642 820 97 75 Credi
758 820 36 75 or
818 820 138 75 applied,
996 820 94 75 when
1104 820 64 75 you

280 864 78 75 give
372 864 36 75 in
416 864 85 75 your
506 864 105 75 Jhare
623 864 42 75 of
667 864 84 75 Jiode
764 864 31 75 to
813 864 51 75 the
880 864 130 75 trujlee.

190 929 77 75 Cafe
289 929 26 75 i.
340 929 38 75 If
398 929 60 75 you
476 929 70 75 give
563 929 31 75 in
610 929 62 75 ju(I
689 929 81 75 your
786 929 70 75 own
876 929 69 75 part
960 929 10 75 ;
1009 929 61 75 and
1097 929 69 75 that

142 973 114 75 either,
290 973 25 75 i.
341 973 37 75 In
397 973 123 75 money,
549 973 36 75 or
605 973 30 75 in
660 973 100 75 goods
788 973 157 75 preftntly
972 973 120 75 bought
1119 973 50 75 for

141 1020 98 75 ready
254 1020 114 75 money
384 1020 10 75 ;
419 1020 50 75 or,
497 1020 29 75 2.
553 1020 36 75 In
603 1020 100 75 goods
716 1020 157 75 prefently
886 1020 119 75 bought
1020 1020 41 75 on
1076 1020 90 75 time;

141 1066 48 75 or,
229 1066 30 75 3.
284 1066 38 75 In
338 1066 102 75 goods
457 1066 129 75 already
610 1066 130 75 entered
764 1066 32 75 in
821 1066 82 75 your
928 1066 113 75 books,
1078 1066 89 75 enter

142 1112 43 75 A.
203 1112 40 75 B.
262 1112 46 75 my
322 1112 140 75 accompt
475 1112 36 75 in
525 1112 146 75 company
690 1112 52 75 Dr

235 1158 57 75 To
315 1158 96 75 Cajh,
436 1158 30 75 if
477 1158 62 75 you
557 1158 72 75 give
646 1158 32 75 in
694 1158 127 75 money,
847 1158 35 75 or
900 1158 61 75 pay
977 1158 51 75 for
1043 1158 118 75 goods,

284 1204 67 75 on.
371 1236 18 49 4
389 1204 11 75 .

236 1250 56 75 To
310 1250 118 75 Seiler,
454 1250 30 75 if
495 1250 62 75 you
579 1250 63 75 buy
661 1250 102 75 goods
781 1250 40 75 on
838 1250 89 75 time.

237 1297 56 75 To
311 1297 101 75 Goods
426 1297 129 75 proper,
581 1297 29 75 if
622 1297 56 75 the
697 1297 101 75 goods
816 1297 83 75 were
916 1297 154 75 formerly
1086 1297 81 75 your

280 1343 82 75 own.

188 1390 30 75 2.
243 1390 35 75 If
292 1390 62 75 you
379 1390 65 75 find
467 1390 80 75 both
572 1390 80 75 your
676 1390 72 75 own
773 1390 68 75 part
859 1390 61 75 and
937 1390 54 75 the
1008 1390 156 75 truftee’s,

143 1433 91 75 enter
251 1433 160 75 Sundries
429 1433 80 75 (viz.
528 1433 41 75 A.
588 1433 40 75 B.
652 1433 47 75 my
716 1433 142 75 accompt
874 1433 36 75 in
926 1433 161 75 company,
1113 1433 51 75 for

137 1478 83 75 your
237 1478 71 75 own
327 1478 82 75 part,
434 1478 61 75 and
512 1478 43 75 A.
581 1478 42 75 B.
648 1478 46 75 my
718 1478 140 75 accompt
877 1478 130 75 proper,
1041 1478 52 75 for
1114 1478 50 75 his

138 1525 87 75 part)
254 1525 78 75 Drs.

237 1571 52 75 To
302 1571 96 75 Cash,
425 1571 27 75 if
466 1571 62 75 you
547 1571 71 75 give
634 1571 31 75 in
682 1571 131 75 money,
836 1571 37 75 or
885 1571 61 75 pay
958 1571 51 75 for
1026 1571 113 75 goods,

231 1615 57 75 To
304 1615 119 75 Seller,
448 1615 30 75 if
490 1615 62 75 you
571 1615 61 75 buy
646 1615 54 75 the
714 1615 100 75 goods
830 1615 41 75 on
885 1615 89 75 time,

235 1662 55 75 To
303 1662 101 75 Goads
412 1662 128 75 proper,
566 1662 31 75 if
604 1662 61 75 you
679 1662 71 75 give
763 1662 30 75 in
806 1662 101 75 goods
918 1662 154 75 formerly
1084 1662 81 75 your

280 1707 83 75 own,
390 1707 67 75 On.
476 1707 30 75 9.

184 1753 32 75 g.
241 1753 37 75 If
290 1753 53 75 the
361 1753 113 75 truftee
494 1753 130 75 provide
641 1753 79 75 both
739 1753 80 75 your
837 1753 69 75 part
925 1753 60 75 and
1006 1753 50 75 his
1073 1753 86 75 own,

136 1798 90 75 enter
236 1798 40 75 A.
291 1798 39 75 B.
344 1798 47 75 my
404 1798 139 75 accompt
558 1798 36 75 in
606 1798 148 75 company
768 1798 53 75 Dr
832 1798 35 75 to
876 1798 83 75 ditto
967 1798 46 75 my
1022 1798 142 75 accompt

129 1844 131 75 proper.
308 1844 77 75 And
403 1844 90 75 when
512 1844 62 75 you
591 1844 62 75 pay
672 1844 78 75 him,
777 1844 116 75 charge
923 1844 39 75 A.
987 1844 41 75 B.
1044 1844 47 75 my
1109 1844 53 75 ac-

135 1892 101 75 compt
248 1892 116 75 proper
382 1892 52 75 Dr
452 1892 35 75 to
510 1892 94 75 Cash.
653 1892 64 75 But
742 1892 30 75 if
796 1892 39 75 he
859 1892 137 75 demand
1022 1892 140 75 intereft,

136 1937 92 75 make
238 1937 157 75 Sundries
409 1937 78 75 (viz.
500 1937 41 75 A.
551 1937 38 75 B.
603 1937 46 75 my
659 1937 139 75 accompt
803 1937 130 75 proper,
947 1937 50 75 for
1009 1937 51 75 the
1071 1937 89 75 debt,

135 1982 61 75 and
217 1982 108 75 Profit
342 1982 67 75 and
426 1982 85 75 Lofs,
539 1982 49 75 tor
606 1982 53 75 the
676 1982 141 75 intered)
837 1982 68 75 Drs
923 1982 34 75 to
974 1982 95 75 Cash.

162 2016 45 75 Not
207 2016 13 75 e
235 2016 22 75 1.
266 2016 83 75 There
361 2016 55 75 may
428 2016 28 75 he
466 2016 88 75 feveral
565 2016 72 75 other
645 2016 113 75 varieties
767 2016 25 75 in
802 2016 21 75 c.
823 2016 28 75 tf;
863 2016 21 75 i.
899 2016 91 75 betides
1006 2016 69 75 thole
1092 2016 70 75 men-

134 2042 93 75 tioned;
237 2042 36 75 as,
286 2042 20 75 1.
322 2042 78 75 When
410 2042 51 75 you
470 2042 56 75 give
536 2042 24 75 in
569 2042 53 75 part
631 2042 101 75 money,
746 2042 53 75 part
812 2042 79 75 goods
900 2042 117 75 prefently
1027 2042 94 75 bought
1130 2042 35 75 on

134 2069 62 75 time
235 2069 22 75 2.
274 2069 78 75 when
361 2069 49 75 you
421 2069 56 75 give
485 2069 54 75 part
548 2069 24 75 in
582 2069 101 75 money,
696 2069 54 75 part
757 2069 79 75 goods
845 2069 29 75 of
880 2069 62 75 your
951 2069 64 75 own.
1048 2069 21 75 3.
1085 2069 79 75 When

136 2095 51 75 you
195 2095 56 75 give
261 2095 25 75 in
296 2095 87 75 goods,
397 2095 53 75 part
460 2095 95 75 bought
564 2095 32 75 on
606 2095 70 75 time,
690 2095 53 75 part
753 2095 62 75 your
824 2095 65 75 own.
918 2095 17 75 4
958 2095 78 75 When
1046 2095 51 75 von
1108 2095 57 75 cive

134 2122 26 75 in
171 2122 14 75 p
193 2122 30 75 itt
239 2122 100 75 money,
353 2122 52 75 part
419 2122 78 75 goods
511 2122 96 75 bought
621 2122 33 75 on
662 2122 70 75 time,
746 2122 53 75 part
813 2122 78 75 goods
900 2122 28 75 of

133 2148 83 75 which
222 2148 74 75 cafes,
310 2148 70 75 enter
387 2148 28 75 A.
428 2148 24 75 B.
463 2148 37 75 my
508 2148 36 75 act
548 2148 13 75 o
569 2148 13 75 n
597 2148 9 75 t
615 2148 25 75 in
647 2148 108 75 company
763 2148 33 75 Dr
805 2148 28 75 to
841 2148 95 75 Sundrit

163 2185 101 75 Variety,
274 2185 8 75 1
301 2185 23 75 T
333 2167 33 49 r°
374 2185 57 75 ^
452 2185 87 75 fort;he
548 2185 51 75 fum
610 2185 74 75 given
694 2185 33 75 in,

248 2204 13 75 r
301 2204 23 75 L
334 2204 32 75 fo
375 2204 82 75 StJer,
474 2204 38 75 for
517 2204 73 75 value
599 2204 30 75 of
634 2204 42 75 the
685 2204 78 75 goods
772 2204 103 75 bought.

261 2231 11 75 ,
301 2231 65 75 pro
375 2231 34 75 C-i
409 2231 31 75 Jh,
454 2231 35 75 for
499 2231 43 75 the
551 2231 51 75 fum
610 2231 74 75 given
692 2231 34 75 in,

303 2258 63 75 Lro
376 2258 75 75 Goods
456 2258 93 75 proper,
562 2258 39 75 for
609 2258 63 75 their
680 2258 82 75 value.

262 2286 12 75 -
302 2286 64 75 pTo
375 2286 83 75 Seller,
472 2286 38 75 for
519 2286 72 75 value
601 2286 31 75 of
637 2286 43 75 the
689 2286 79 75 goods
776 2286 105 75 bought,

261 2303 15 49 3
276 2321 7 75 ’
302 2321 23 75 L
331 2321 42 75 to
382 2321 76 75 Goods
465 2321 91 75 proper,
571 2321 37 75 for
616 2321 65 75 their
686 2321 82 75 value,

303 2342 19 75 p
328 2342 41 75 To
378 2342 42 75 Cnj
420 2342 22 75 h,
456 2342 37 75 for
500 2342 42 75 the
551 2342 53 75 fum
614 2342 30 75 gi'
689 2368 78 75 goods
774 2368 106 75 bought,

568 2421 8 75 l
576 2421 13 75 y
602 2421 30 75 be
642 2421 115 75 fuppofed
773 2421 24 75 in
810 2421 51 75 cafe
877 2421 22 75 2.
928 2421 28 75 In
968 2421 164 75 journalizing
1141 2421 29 75 of

304 2394 66 75 LTo
380 2394 75 75 Goods
469 2394 90 75 proper,

163 2422 45 75 Not
208 2422 13 75 e
230 2422 23 75 2.
272 2422 57 75 The
343 2422 49 75 like
405 2422 113 75 varieties
532 2422 36 75 ms

135 2449 92 75 which,
241 2449 43 75 the
297 2449 49 75 belt
360 2449 103 75 method
472 2449 28 75 is,
514 2449 18 75 fi
532 2449 28 75 rrt

793 2449 12 75 _
896 2449 6 75 ,

136 2475 118 75 Sundries,
269 2475 25 75 as
302 2475 25 75 in
336 2475 43 75 the
389 2475 90 75 former
486 2475 38 75 not
524 2475 20 75 e,
558 2475 38 75 for
604 2475 43 75 the
656 2475 81 75 whole
746 2475 72 75 value
828 2475 30 75 of
863 2475 43 75 the
914 2475 101 75 money,
1029 2475 47 75 and
1085 2475 79 75 goods

136 2502 77 75 given
220 2502 41 75 jn;
275 2502 48 75 and
336 2502 70 75 then,
418 2502 25 75 in
457 2502 104 75 another
569 2502 79 75 entry,
663 2502 89 75 charge
766 2502 29 75 A.
805 2502 27 75 B.
842 2502 38 75 my
888 2502 110 75 aceompt'
998 2502 81 75 proper
1090 2502 34 75 Dr
1136 2502 27 75 to

137 2528 59 75 aitto
208 2528 8 75 I
216 2528 8 75 f
223 2528 6 75 i
230 2528 4 75 '
234 2528 11 75 y
254 2528 99 75 accompi
367 2528 24 75 in
400 2528 116 75 company,
530 2528 37 75 for
582 2528 43 75 the
639 2528 112 75 truftee’s
765 2528 63 75 part.
858 2528 55 75 And
929 2528 71 75 whsn
1017 2528 41 75 the
1075 2528 90 75 truftee

136 2555 59 75 pavs
204 2555 49 75 you
262 2555 38 75 for
310 2555 36 75 his
355 2555 62 75 part,
431 2555 69 75 enter
510 2555 31 75 Caj
541 2555 24 75 To
573 2555 33 75 Dr
615 2555 29 75 to
654 2555 27 75 A.
693 2555 26 75 B.
730 2555 39 75 my
776 2555 101 75 accompt
883 2555 94 75 proper,
989 2555 48 75 03.
1050 2555 38 75 U.
1117 2555 47 75 But

136 2582 23 75 If
163 2582 30 75 he
204 2582 45 75 pay
257 2582 50 75 you
316 2582 49 75 alfo
372 2582 105 75 intereft,
491 2582 72 75 make
571 2582 41 75 Caj
612 2582 15 75 h
635 2582 33 75 Dr
675 2582 27 75 to
710 2582 119 75 Sundries,
842 2582 30 75 •v'
872 2582 18 75 r/
890 2582 7 75 .
908 2582 28 75 to
945 2582 28 75 A.
981 2582 28 75 B.
1019 2582 37 75 my
1064 2582 101 75 accompt

133 2607 95 75 proper,
242 2607 38 75 for
287 2607 42 75 tile
338 2607 67 75 debts
419 2589 23 49 aI
442 2607 24 75 td
475 2607 28 75 1°
514 2607 73 75 Profit
595 2607 48 75 and
652 2607 59 75 Lofs,
724 2607 38 75 for
770 2607 8 75 t
778 2607 8 75 l
786 2607 26 75 »e
822 2607 104 75 intereft.

137 2676 99 75 Prob.
254 2676 18 75 2
306 2676 44 75 R.
402 2676 131 75 Debtor
552 2676 69 75 and
634 2676 152 75 Creditor
800 2676 136 75 applied,
961 2676 94 75 when
1064 2676 98 75 goods

190 2722 35 75 in
248 2722 145 75 ootnpany
420 2722 60 75 are
503 2722 138 75 difpofed
666 2722 44 75 of,
734 2722 68 75 and
819 2722 62 75 you
899 2722 125 75 receive
1053 2722 53 75 all
1126 2722 36 75 or

182 2769 78 75 part
273 2769 40 75 of
322 2769 85 75 your
414 2769 155 75 Jloareof
577 2769 76 75 neat
668 2769 163 75 proceeds.

184 2834 77 75 Cafe
282 2834 31 75 u
339 2834 37 75 If
394 2834 63 75 you
474 2834 80 75 have
577 2834 110 75 advice
703 2834 40 75 of
757 2834 91 75 falea,
874 2834 63 75 and
954 2834 32 75 at
1004 2834 55 75 the
1076 2834 87 75 fame

1244 43 33 75 E
1364 43 34 75 E
1486 43 34 75 P
1607 43 17 75 I
1713 43 41 75 N
1842 43 50 75 G.

1234 95 75 75 time
1327 95 121 75 receive
1465 95 82 75 your
1564 95 87 75 fliare
1668 95 40 75 of
1720 95 71 75 neat
1808 95 150 75 proceeds
2010 95 105 75 which
2132 95 71 75 may
2220 95 39 75 be

1231 140 102 75 either
1351 140 30 75 in
1400 140 127 75 money,
1554 140 86 75 bills,
1666 140 35 75 or
1720 140 122 75 goods;
1867 140 89 75 enter
1978 140 95 75 Cajh,
2100 140 86 75 Bills
2203 140 50 75 re-

1227 189 152 75 ceivable,
1405 189 36 75 or
1459 189 102 75 Goods
1578 189 155 75 received,
1752 189 53 75 Dr
1822 189 35 75 to
1875 189 44 75 A.
1940 189 29 75 B
2008 189 47 75 my
2067 189 140 75 accompt
2219 189 35 75 in

1227 233 158 75 company,
1410 233 53 75 for
1478 233 91 75 value
1587 233 156 75 received,
1772 233 71 75 On.
1873 233 33 75 9.
1933 233 60 75 and
2007 233 45 75 20

1276 281 32 75 2.
1336 281 37 75 If
1397 281 62 75 you
1475 281 81 75 have
1574 281 75 75 only
1666 281 109 75 advice
1800 281 33 75 of
1851 281 78 75 Tales
1945 281 41 75 on
2004 281 88 75 time,
2118 281 138 75 without

1229 325 158 75 receiving
1405 325 60 75 any
1482 325 103 75 thing,
1604 325 88 75 enter
1714 325 43 75 A.
1777 325 42 75 B.
1846 325 48 75 my
1911 325 139 75 accompt
2062 325 117 75 proper
2198 325 52 75 Dr

1226 370 34 75 to
1284 370 83 75 ditto
1388 370 46 75 my
1451 370 139 75 accompt
1608 370 35 75 in
1664 370 158 75 company,
1849 370 50 75 for
1917 370 79 75 your
2014 370 85 75 (hate
2117 370 39 75 of
2179 370 75 75 neat

1225 417 150 75 proceeds
1393 417 61 75 due
1472 417 34 75 to
1535 417 61 75 you
1615 417 10 75 ;
1650 417 60 75 and
1741 417 90 75 when
1861 417 61 75 you
1948 417 122 75 receive
2087 417 161 75 payment,

1224 463 115 75 charge
1361 463 94 75 Ctfh,
1487 463 85 75 Bills
1596 463 187 75 receivable,
1808 463 37 75 or
1866 463 114 75 Goods,
2011 463 49 75 Dr
2081 463 34 75 to
2133 463 45 75 A.
2199 463 45 75 B.

1224 507 46 75 my
1283 507 140 75 accompt
1444 507 127 75 proper,
1597 507 51 75 for
1665 507 91 75 valus
1774 507 152 75 received.
1978 507 66 75 But
2061 507 31 75 if
2104 507 55 75 the
2176 507 68 75 tru-

1223 554 76 75 ftees
1317 554 61 75 had
1398 554 76 75 been
1488 554 126 75 obliged
1630 554 35 75 to
1682 554 94 75 allow
1789 554 176 75 abatement
1983 554 35 75 to
2047 554 53 75 the
2117 554 128 75 buyers,

1223 599 35 75 or
1273 599 60 75 had
1352 599 60 75 any
1430 599 39 75 of
1483 599 52 75 the
1548 599 91 75 debts
1657 599 199 75 outdanding
1874 599 116 75 proved
2009 599 72 75 bad,
2101 599 88 75 then,
2214 599 32 75 in

1223 646 64 75 this
1301 646 68 75 cafe
1408 646 30 75 if
1449 646 56 75 the
1522 646 139 75 accompt
1680 646 34 75 in
1738 646 145 75 company
1901 646 49 75 be.
1960 646 53 75 yet
2036 646 92 75 open,
2154 646 90 75 enter

1227 693 157 75 Sundries
1401 693 72 75 {viz
1497 693 82 75 Cajh
1604 693 82 75 Bills
1702 693 176 75 receivable
1904 693 62 75 &c.
1987 693 50 75 for
2051 693 53 75 the
2115 693 64 75 fum
2193 693 50 75 re-

1223 737 120 75 ceivtd,
1371 737 75 75 and,
1475 737 44 75 A.
1544 737 29 75 B
1609 737 45 75 my
1682 737 140 75 accompt
1840 737 33 75 in
1899 737 160 75 company,
2085 737 50 75 for
2163 737 81 75 your

1220 782 85 75 (hare
1322 782 39 75 of
1380 782 55 75 the
1453 782 67 75 fum
1548 782 114 75 abated
1687 782 36 75 or
1749 782 72 75 loll)
1840 782 68 75 Drs
1927 782 33 75 to
1978 782 45 75 A.
2051 782 39 75 B.
2118 782 47 75 my
2189 782 54 75 ac-

1219 828 102 75 compt
1333 828 126 75 proper.
1510 828 37 75 If
1569 828 55 75 the
1640 828 140 75 accompt
1797 828 36 75 in
1856 828 146 75 company
2018 828 40 75 be
2075 828 167 75 balanced,

1220 874 113 75 charge
1351 874 106 75 Profit
1473 874 68 75 and
1565 874 71 75 Lojs
1656 874 52 75 Dr
1724 874 52 75 fpr
1792 874 81 75 your
1897 874 87 75 (hare
2009 874 39 75 of
2067 874 54 75 the
2133 874 108 75 abate-

1219 919 97 75 ment,
1343 919 36 75 or
1392 919 39 75 of
1441 919 52 75 the
1511 919 73 75 lofs.

1268 967 16 75 3
1319 967 36 75 If
1376 967 55 75 the
1448 967 100 75 goods
1565 967 54 75 are
1636 967 80 75 fold,
1742 967 70 75 part
1827 967 52 75 for
1896 967 98 75 ready
2019 967 126 75 money,
2172 967 71 75 part

1218 1011 39 75 on
1276 1011 88 75 time,
1389 1011 62 75 and
1470 1011 173 75 thereupon
1660 1011 62 75 you
1740 1011 121 75 receive
1877 1011 79 75 your
1973 1011 87 75 (hare
2076 1011 40 75 of
2127 1011 116 75 money

1218 1058 155 75 received,
1397 1058 88 75 enter
1510 1058 154 75 Sundries
1679 1058 72 75 {viz
1783 1058 96 75 Cafly,
1903 1058 51 75 for
1963 1058 54 75 the
2035 1058 64 75 fum
2113 1058 62 75 you
2189 1058 51 75 re-

1217 1102 101 75 ceive,
1344 1102 60 75 and
1427 1102 40 75 A.
1483 1102 29 75 B
1552 1102 46 75 my
1623 1102 134 75 occompt
1772 1102 128 75 proper,
1927 1102 50 75 for
2000 1102 81 75 your
2101 1102 87 75 (hare
2204 1102 41 75 of

1217 1150 77 75 fales
1311 1150 41 75 on
1369 1150 92 75 time)
1476 1150 68 75 Drs
1558 1150 34 75 to
1610 1150 43 75 A.
1674 1150 42 75 B.
1744 1150 47 75 my
1808 1150 140 75 accompt
1975 1150 34 75 in
2018 1150 159 75 company.

1264 1196 31 75 4.
1323 1196 37 75 If
1372 1196 69 75 part
1454 1196 39 75 of
1502 1196 54 75 the
1581 1196 99 75 goods
1701 1196 74 75 only
1793 1196 52 75 are
1858 1196 80 75 fold,
1965 1196 61 75 you
2046 1196 72 75 may
2133 1196 54 75 put
2194 1196 52 75 off

1216 1241 55 75 the
1285 1241 138 75 booking
1440 1241 39 75 of
1491 1241 24 75 it
1533 1241 49 75 till
1600 1241 123 75 further
1738 1241 126 75 advice;
1890 1241 101 75 unlefs
2001 1241 25 75 it
2036 1241 39 75 be
2085 1241 156 75 forready

1215 1284 126 75 money,
1367 1284 40 75 of
1420 1284 103 75 which
1537 1284 61 75 you
1618 1284 215 75 immediattly
1852 1284 120 75 receive
1984 1284 81 75 your
2081 1284 107 75 (hare:
2207 1284 33 75 in

1216 1330 102 75 which
1336 1330 81 75 ca(e,
1443 1330 87 75 enter
1549 1330 83 75 Cajh
1651 1330 51 75 Dr
1714 1330 34 75 to
1767 1330 42 75 A.
1822 1330 43 75 B.
1892 1330 47 75 my
1951 1330 141 75 accompt
2105 1330 39 75 jn
2156 1330 82 75 com-

1210 1375 94 75 pany,
1332 1375 50 75 for
1399 1375 56 75 the
1473 1375 65 75 fum
1563 1375 61 75 you
1640 1375 122 75 receive

1264 1421 28 75 5.
1321 1421 37 75 If
1378 1421 62 75 you
1470 1421 165 75 withdraw
1653 1421 80 75 your
1758 1421 86 75 (bare
1861 1421 39 75 of
1913 1421 99 75 (lock,
2038 1421 37 75 or
2091 1421 62 75 any
2163 1421 77 75 part

1213 1466 35 75 of
1264 1466 38 75 it,
1328 1466 89 75 enter
1432 1466 96 75 Cajh,
1553 1466 38 75 or
1614 1466 101 75 Goods
1739 1466 215 75 withdrawn.
1981 1466 51 75 Dr
2061 1466 35 75 to
2124 1466 42 75 A.
2194 1466 47 75 Q\

1215 1513 45 75 my
1274 1513 141 75 accompt
1429 1513 35 75 in
1481 1513 160 75 company,
1656 1513 48 75 for
1722 1513 55 75 the
1796 1513 64 75 fum
1879 1513 35 75 or
1931 1513 92 75 value
2040 1513 201 75 withdrawn,

1261 1560 32 75 6.
1317 1560 35 75 If
1365 1560 83 75 after
1466 1560 53 75 the
1536 1560 100 75 goods
1655 1560 52 75 are
1719 1560 144 75 difpofed
1881 1560 47 75 of,
1946 1560 63 75 you
2025 1560 72 75 take
2112 1560 41 75 up
2164 1560 79 75 only

1214 1603 79 75 your
1307 1603 88 75 {hare
1412 1603 37 75 of
1464 1603 71 75 neat
1553 1603 86 75 gain,
1665 1603 185 75 continuing
1867 1603 80 75 yonr
1960 1603 85 75 (hare
2064 1603 36 75 of
2107 1603 86 75 flock
2206 1603 35 75 as

1215 1648 16 75 a
1249 1648 79 75 fund
1345 1648 49 75 for
1414 1648 17 75 a
1453 1648 69 75 new
1546 1648 186 75 adventure,
1758 1648 114 75 charge
1897 1648 81 75 Cash
2005 1648 52 75 Dr
2082 1648 34 75 to
2132 1648 109 75 Profit

1213 1695 68 75 and
1290 1695 86 75 Lofs,
1402 1695 50 75 for
1469 1695 55 75 the
1552 1695 67 75 fum
1636 1695 156 75 received,
1818 1695 60 75 and
1895 1695 44 75 let
1957 1695 54 75 the
2034 1695 142 75 accompt
2200 1695 38 75 in

1214 1739 151 75 compary
1382 1739 86 75 (land
1493 1739 33 75 as
1544 1739 23 75 it
1586 1739 37 75 is.

1261 1786 47 75 N.
1326 1786 40 75 B.
1391 1786 84 75 This
1491 1786 27 75 is
1536 1786 54 75 the
1600 1786 147 75 ordinary
1766 1786 67 75 cafe
1850 1786 31 75 in
1897 1786 84 75 fixed
2000 1786 191 75 companies.

1240 1820 42 75 Not
1282 1820 12 75 e
1306 1820 21 75 1.
1351 1820 8 75 t
1367 1820 58 75 here
1439 1820 56 75 may
1509 1820 30 75 be
1554 1820 72 75 other
1634 1820 112 75 varieties
1759 1820 25 75 m
1792 1820 68 75 Cafes
1876 1820 21 75 1.
1912 1820 23 75 &
1946 1820 22 75 2.
1984 1820 90 75 belides
2087 1820 68 75 thote
2169 1820 71 75 men-

1211 1846 94 75 tioned;
1319 1846 55 75 viz.
1388 1846 21 75 1.
1424 1846 55 75 You
1487 1846 56 75 may
1549 1846 106 75 receive,
1664 1846 26 75 as
1697 1846 62 75 your
1768 1846 66 75 fturc
1842 1846 28 75 of
1874 1846 56 75 neat
1938 1846 125 75 proceeds,
2076 1846 52 75 part
2136 1846 103 75 money,

1212 1871 53 75 part
1274 1871 54 75 bill;
1342 1871 48 75 and
1398 1871 61 75 then
1470 1871 109 75 Sundries
1588 1871 41 75 are
1644 1871 54 75 Drs,
1710 1871 56 75 viz.
1781 1871 66 75 Cajh,
1860 1871 47 75 and
1920 1871 60 75 Bills
1994 1871 138 75 receivable.
2148 1871 46 75 03.
2212 1871 25 75 9.

1213 1901 11 75 "
1246 1901 21 75 ”

1427 1883 9 49 !

1603 1901 37 75 sy,
1653 1901 54 75 part
1715 1901 94 75 goods;
1823 1901 48 75 and
1877 1901 60 75 then
1947 1901 42 75 the
1996 1901 45 75 Drs
2047 1901 50 75 are,
2111 1901 65 75 O/yJ,

1611 1927 53 75 You
1671 1927 57 75 may
1735 1927 96 75 receive
1838 1927 53 75 part
1900 1927 50 75 bill,
1963 1927 55 75 part
2024 1927 90 75 goods;
2124 1927 46 75 and

1728 1989 6 75 ‘
1810 1989 7 75 ‘
1942 1989 22 75 "
2027 1989 212 75 WZVaT.

1238 2029 28 75 N.
1278 2029 26 75 B.
1320 2029 23 75 If
1348 2029 42 75 the
1400 2029 85 75 perfon
1494 2029 33 75 on
1537 2029 81 75 whom
1629 2029 50 75 you
1688 2029 42 75 get
1737 2029 42 75 the
1786 2029 41 75 bill
1837 2029 62 75 have
1909 2029 30 75 an
1948 2029 115 75 accompt
2074 2029 25 75 in
2109 2029 62 75 your
2178 2029 60 75 Led-

1210 2056 51 75 ger,
1275 2056 72 75 make
1357 2056 51 75 him
1417 2056 42 75 Dr,
1473 2056 48 75 and
1530 2056 45 75 not
1583 2056 59 75 Bills
1651 2056 141 75 receivable.

1218 2145 30 75 2.
1264 2145 88 75 How
1368 2145 21 75 a
1406 2145 118 75 trujlee
1531 2145 88 75 keeps
1631 2145 52 75 the
1695 2145 161 75 company'
1856 2145 16 75 s
1886 2145 156 75 acootnpts
2059 2145 35 75 in
2105 2145 48 75 his
2163 2145 73 75 own

1683 2188 97 75 books.

1448 2263 75 75 The
1541 2263 124 75 Ledger
1681 2263 138 75 acompts
1837 2263 175 75 deferibed.

1261 2329 32 75 A
1309 2329 135 75 Truftee
1461 2329 73 75 who
1550 2329 96 75 keeps
1674 2329 55 75 the
1745 2329 180 75 company’s
1950 2329 159 75 accompts
2125 2329 30 75 in
2182 2329 55 75 his

1214 2374 71 75 own
1299 2374 113 75 books,
1437 2374 56 75 has
1510 2374 141 75 occafion
1678 2374 50 75 for
1749 2374 54 75 the
1831 2374 88 75 three
1938 2374 296 75 Lcdger-accompts

1215 2420 176 75 following,
1411 2420 29 75 in
1460 2420 103 75 which
1573 2420 96 75 ^.5.
1695 2420 156 75 reprefent
1875 2420 79 75 your
1968 2420 33 75 pa
2023 2420 95 75 tner’s
2131 2420 102 75 name.

1265 2465 32 75 1.
1322 2465 102 75 Goods
1440 2465 34 75 in
1490 2465 145 75 company
1652 2465 83 75 with
1755 2465 42 75 A.
1820 2465 39 75 B.
1884 2465 19 75 o
1937 2465 92 75 Sales
2046 2465 36 75 in
2109 2465 122 75 compa-

1213 2513 37 75 ny
1276 2513 85 75 with
1381 2513 41 75 A.
1451 2513 38 75 B.
1513 2513 36 75 or
1577 2513 202 75 particularly
1804 2513 110 75 Sugar
1928 2513 35 75 in
1981 2513 144 75 company
2149 2513 85 75 with

1215 2559 45 75 A.
1280 2559 42 75 B.
1347 2559 85 75 This
1444 2559 142 75 accompt
1605 2559 25 75 is
1648 2559 126 75 debited
1794 2559 46 75 for
1853 2559 51 75 the
1917 2559 90 75 value
2021 2559 31 75 of
2068 2559 52 75 the
2130 2559 101 75 goods

1214 2603 138 75 brought
1379 2603 69 75 into
1472 2603 166 75 company,
1664 2603 50 75 for
1732 2603 41 75 all
1791 2603 143 75 charges,
1960 2603 60 75 and
2044 2603 81 75 your
2142 2603 87 75 com-

1213 2649 133 75 miffion:
1372 2649 24 75 it
1410 2649 26 75 is
1452 2649 142 75 credited
1611 2649 33 75 as
1661 2649 61 75 you
1740 2649 121 75 difpofe
1878 2649 36 75 of
1928 2649 54 75 the
1995 2649 112 75 goods,
2131 2649 32 75 in
2175 2649 55 75 the

1213 2695 81 75 fame
1311 2695 128 75 manner
1451 2695 33 75 as
1501 2695 28 75 if
1542 2695 55 75 the
1614 2695 100 75 goods
1727 2695 83 75 were
1828 2695 80 75 your
1931 2695 83 75 own.

1261 2743 32 75 2.
1320 2743 41 75 A.
1391 2743 42 75 B.
1460 2743 47 75 his
1524 2743 141 75 accompt
1680 2743 36 75 in
1731 2743 157 75 company.
1938 2743 84 75 This
2045 2743 27 75 is
2089 2743 145 75 credited

1214 2785 48 75 for
1281 2785 78 75 your
1375 2785 155 75 partner’s
1546 2785 127 75 imputs,
1699 2785 48 75 his
1760 2785 85 75 (hare
1861 2785 39 75 of
1910 2785 143 75 charges,
2078 2785 74 75 and'
2152 2785 76 75 pro-

1213 2836 125 75 portion
1355 2836 39 75 of
1401 2836 71 75 neat
1484 2836 73 75 gain
1574 2836 34 75 at
1624 2836 99 75 clofe:
1747 2836 25 75 it
1781 2836 26 75 is
1820 2836 127 75 debited
1965 2836 48 75 for
2026 2836 48 75 his
2090 2836 86 75 (hare
2192 2836 41 75 of

2156 2874 73 75 neat
