2483 3387
202 232 26 49 4
228 200 56 75 o6

654 200 43 75 A
774 200 36 75 II
888 200 19 75 I
984 200 41 75 T
1119 200 44 75 H
1238 200 51 75 M

206 264 227 75 confequentjy
449 264 49 75 we
515 264 81 75 ftiail
608 264 81 75 have
706 264 48 75 fix
770 264 165 75 uncertain
952 264 106 75 places
1074 264 32 75 in
1119 264 56 75 the
1191 264 52 75 to-

205 314 46 75 tal
266 314 133 75 product
412 314 126 75 toward
553 314 56 75 the
626 314 101 75 right,
742 314 63 75 and
821 314 65 75 alfo
898 314 61 75 one
972 314 164 75 uncertain
1152 314 91 75 place

203 361 90 75 more
310 361 42 75 on
369 361 135 75 account
522 361 39 75 of
581 361 54 75 the
661 361 162 75 uncertain
848 361 143 75 carriage
1014 361 83 75 from
1115 361 55 75 the
1188 361 55 75 co-

203 408 90 75 lumn
309 408 32 75 in
358 408 106 75 which
483 408 54 75 the
555 408 188 75 right-hand
756 408 102 75 figure
874 408 40 75 of
925 408 55 75 the
996 408 57 75 lalt
1069 408 173 75 particular

203 454 133 75 product
353 454 117 75 Hands.

252 502 75 75 The
344 502 109 75 reafon
470 502 41 75 of
521 502 87 75 Rule
623 502 32 75 2.
672 502 27 75 is
713 502 65 75 alfo
795 502 147 75 obvious.
991 502 66 75 For
1074 502 32 75 in
1122 502 70 75 Ex.
1206 502 32 75 2.

203 551 46 75 by
265 551 129 75 making
410 551 56 75 the
483 551 87 75 finite
589 551 101 75 faftor
706 551 56 75 the
779 551 190 75 multiplier,
992 551 49 75 we
1063 551 82 75 have
1166 551 75 75 four

203 595 174 75 particular
394 595 161 75 produ&s,
580 595 33 75 in
630 595 77 75 each
724 595 41 75 of
784 595 104 75 which
912 595 56 75 the
992 595 188 75 right-hand
1202 595 38 75 fi-

203 644 78 75 gure
297 644 27 75 is
342 644 184 75 uncertain;
553 644 63 75 and
632 644 34 75 fo
690 644 48 75 we
754 644 81 75 have
858 644 73 75 four
954 644 163 75 uncertain
1134 644 107 75 places

202 691 33 75 in
252 691 55 75 the
324 691 81 75 total
422 691 145 75 produft,
585 691 62 75 and
659 691 60 75 one
736 691 163 75 uncertain
916 691 90 75 place
1023 691 88 75 more
1128 691 113 75 arifing

203 738 84 75 from
305 738 55 75 the
372 738 164 75 uncertain
550 738 152 75 carriage.

250 786 77 75 The
350 786 140 75 carriage
506 786 38 75 in
554 786 86 75 foroe
658 786 84 75 cafes
760 786 74 75 may
847 786 92 75 affed
956 786 120 75 feveral
1093 786 144 75 columns

203 832 42 75 on
262 832 55 75 the
332 832 74 75 left,
429 832 64 75 and
509 832 137 75 thereby
662 832 114 75 render
793 832 34 75 fo
843 832 96 75 many
951 832 88 75 more
1051 832 115 75 figures
1180 832 57 75 un-

1364 205 35 75 E
1477 205 40 75 T
1595 205 18 75 I
1692 205 37 75 C
1807 205 50 75 K.

1292 266 98 75 tions,
1407 266 68 75 will
1490 266 108 75 throw
1613 266 19 75 a
1648 266 84 75 light
1747 266 85 75 upon
1849 266 56 75 the
1921 266 129 75 matter,
2068 266 62 75 and
2141 266 115 75 unfold
2271 266 53 75 the

1293 313 110 75 reafon
1420 313 40 75 of
1479 313 57 75 the
1550 313 82 75 rule.
1683 313 123 75 Which
1823 313 121 75 takehs
1961 313 141 75 follows.

1342 359 159 75 Multiply
1521 359 196 75 18.634375
1735 359 11 75 i
1746 341 59 49 nto
1818 359 120 75 9-S75,
1955 359 63 75 and
2032 359 85 75 limit
2128 359 54 75 the
2195 359 131 75 produft

1290 407 37 75 to
1343 407 74 75 four
1432 407 136 75 decimal
1584 407 119 75 places.

1455 455 53 75 By
1524 455 55 75 the
1596 455 83 75 rule.

1822 455 55 75 By
1892 455 58 75 the
1964 455 94 75 other
2069 455 148 75 method.

1484 505 196 75 18.634375

1969 505 198 75 18.634375

1529 561 106 75 578.9

2013 593 33 49 A
2061 561 106 75 9-875

1471 645 156 75 1677093

1494 691 133 75 149075
1519 732 12 49 I
1531 750 102 75 3°44
1561 786 7 75 '
1568 786 60 75 931

1868 646 159 75 1677093

1891 693 132 75 149075
2040 655 39 75 75

2037 695 69 75 000

1915 742 216 75 130440625

2038 788 111 75 71875

200 879 135 75 certain.

248 926 77 75 The
353 926 95 75 fiureft
471 926 72 75 way
566 926 164 75 therefore
754 926 36 75 to
820 926 176 75 determine
1030 926 55 75 the
1116 926 122 75 certain

200 973 106 75 places
331 973 33 75 in
389 973 56 75 the
469 973 136 75 product
627 973 41 75 of
686 973 249 75 approximates,
960 973 27 75 is
1012 973 44 75 by
1081 973 19 75 a
1121 973 118 75 fecond

200 1021 180 75 operation,
405 1021 109 75 giving
530 1021 56 75 the
610 1021 238 75 approximates
873 1021 152 75 contrary
1050 1021 103 75 ligns;
1187 1021 53 75 for

201 1068 91 75 then,
318 1068 33 75 fo
369 1068 50 75 far
436 1068 34 75 as
487 1068 55 75 the
567 1068 66 75 two
656 1068 151 75 products
833 1068 107 75 agree,
965 1068 57 75 the
1045 1068 115 75 figures
1185 1068 54 75 are

198 1114 133 75 certaim
381 1114 77 75 The
473 1114 118 75 fecond
606 1114 184 75 operations
812 1114 35 75 of
870 1114 57 75 the
943 1114 68 75 two
1034 1114 121 75 former
1179 1114 58 75 ex-

200 1161 130 75 amples,
336 1161 124 75 follow.

460 1207 66 75 Ex.
549 1207 29 75 :.

858 1207 64 75 Ex.
942 1207 34 75 2.

441 1258 195 75 245.117+
756 1258 8 75 •
804 1258 193 75 .210527-

510 1302 123 75 .253—

846 1302 106 75 2.875

450 1406 113 75 23535
563 1388 24 49 1

788 1406 159 75 1052635

407 1451 157 75 1225585

764 1451 164 75 M73689

402 1488 133 75 735351

738 1488 161 75 1684216

735 1534 141 75 421054

391 1583 198 75 86.526301

724 1628 220 75 .605265125

245 1678 41 75 Xn
300 1678 71 75 Ex.
398 1678 29 75 1.
455 1678 80 75 865
562 1678 27 75 is
614 1678 134 75 certain,
774 1678 66 75 and
862 1678 42 75 all
921 1678 56 75 the
1002 1678 94 75 othen
1118 1678 117 75 figures

199 1723 178 75 uncertain.
418 1723 38 75 In
470 1723 69 75 Ex.
555 1723 33 75 2.
617 1723 128 75 .60526
763 1723 53 75 are
828 1723 55 75 the
896 1723 76 75 only
985 1723 120 75 certain
1117 1723 117 75 places.

248 1771 140 75 Becaufe
406 1771 55 75 the
478 1771 245 75 multiplication
740 1771 41 75 of
797 1771 152 75 decimals
975 1771 71 75 that
1069 1771 110 75 confift
1201 1771 40 75 of

197 1819 96 75 many
309 1819 118 75 places,
451 1819 128 75 proves,
604 1819 31 75 in
653 1819 56 75 the
724 1819 73 75 way
813 1819 143 75 hitherto
970 1819 166 75 pra&ifed,
1154 1819 19 75 a
1185 1819 48 75 te-

201 1866 93 75 dious
311 1866 179 75 operation,
515 1866 49 75 we
580 1866 77 75 fhall
675 1866 76 75 here
768 1866 129 75 explain
922 1866 19 75 a
964 1866 133 75 method
1113 1866 121 75 where-

199 1915 45 75 by
258 1915 153 75 decimals
428 1915 40 75 of
486 1915 65 75 this
568 1915 78 75 fort,
671 1915 146 75 whether
833 1915 90 75 finite
938 1915 38 75 or
1001 1915 233 75 approximate,

199 1961 74 75 may
290 1961 40 75 be
354 1961 180 75 multiplied
558 1961 246 75 expeditioufly,
828 1961 63 75 and
915 1961 31 75 at
972 1961 56 75 the
1051 1961 84 75 fame
1158 1961 78 75 time

200 2006 81 75 have
306 2006 56 75 the
386 2006 138 75 decimal
547 2006 106 75 places
678 2006 32 75 in
735 2006 55 75 the
818 2006 133 75 product
974 2006 126 75 limited
1123 2006 35 75 to
1175 2006 63 75 any

201 2052 133 75 number
361 2052 168 75 propofed.
578 2052 86 75 This
692 2052 74 75 may
793 2052 40 75 be
858 2052 134 75 effected
1017 2052 43 75 by
1087 2052 57 75 the
1173 2052 64 75 fol-

205 2100 121 75 lowing

249 2145 124 75 Rule.
421 2145 116 75 Under
552 2145 58 75 the
625 2145 220 75 multiplicand
868 2145 90 75 place
982 2145 55 75 the
1062 2145 175 75 multiplier

200 2193 159 75 inverted,
384 2193 34 75 fo
443 2193 74 75 that
539 2193 43 75 its
604 2193 87 75 units
714 2193 91 75 place
828 2193 74 75 may
926 2193 89 75 Hand
1037 2193 106 75 under
1164 2193 76 75 that

202 2241 92 75 place
310 2241 39 75 of
369 2241 54 75 the
440 2241 220 75 multiplicand
683 2241 35 75 to
740 2241 106 75 which
863 2241 65 75 you
953 2241 133 75 propofe
1103 2241 34 75 to
1153 2241 85 75 limit

202 2288 55 75 the
274 2288 157 75 rrroduS:;
456 2288 78 75 then
552 2288 148 75 multiply
719 2288 55 75 the
790 2288 189 75 right-hand
996 2288 100 75 figure
1120 2288 37 75 of
1179 2288 57 75 the

202 2332 175 75 multiplier
391 2332 68 75 into
472 2332 70 75 that
554 2332 100 75 figme
666 2332 39 75 of
717 2332 54 75 the
783 2332 221 75 multiplicand
1015 2332 106 75 which
1132 2332 105 75 Hands

204 2382 134 75 direflly
354 2382 77 75 over
446 2382 37 75 it,
508 2382 113 75 taking
643 2382 34 75 in
703 2382 55 75 the
783 2382 145 75 carriage
947 2382 85 75 from
1057 2382 55 75 the
1137 2382 98 75 right,

205 2429 62 75 and
283 2429 41 75 go
341 2429 41 75 on
399 2429 35 75 to
451 2429 149 75 multiply
617 2429 25 75 it
658 2429 70 75 into
744 2429 41 75 all
803 2429 58 75 the
883 2429 93 75 other
992 2429 115 75 figures
1124 2429 42 75 on
1182 2429 56 75 the

203 2476 76 75 left.
326 2476 148 75 Proceed
488 2476 30 75 in
531 2476 64 75 like
612 2476 130 75 manner
759 2476 80 75 with
856 2476 97 75 every
969 2476 95 75 other
1086 2476 101 75 figure
1203 2476 41 75 of

205 2523 56 75 the
286 2523 186 75 multiplier,
498 2523 126 75 placing
647 2523 56 75 the
720 2523 189 75 right-hand
925 2523 116 75 figures
1057 2523 41 75 of
1117 2523 42 75 all
1182 2523 58 75 the

205 2567 172 75 particular
393 2567 101 75 prod&
503 2567 39 75 ds
560 2567 135 75 direftly
710 2567 102 75 under
825 2567 107 75 other.
971 2567 79 75 The
1066 2567 81 75 total
1163 2567 75 75 pro-

207 2618 73 75 duft
297 2618 68 75 will
379 2618 41 75 be
437 2618 236 75 approximate,
697 2618 63 75 and
782 2618 57 75 the
854 2618 188 75 right-hand
1059 2618 99 75 figure
1181 2618 60 75 un-

208 2664 132 75 certain.

253 2710 57 75 To
332 2710 93 75 make
442 2710 63 75 this
517 2710 69 75 rule
601 2710 89 75 more
706 2710 97 75 eafily
820 2710 211 75 underfiood,
1050 2710 55 75 the
1128 2710 123 75 readeir

208 2759 73 75 may
297 2759 76 75 look
389 2759 83 75 back
488 2759 35 75 to
539 2759 56 75 the
617 2759 245 75 multiplication
886 2759 40 75 of
945 2759 139 75 integers
1097 2759 9 75 ;
1133 2759 116 75 where:

209 2805 26 75 it
248 2805 64 75 was
330 2805 169 75 obfetved,
520 2805 70 75 that
601 2805 120 75 infiesd
738 2805 39 75 of
796 2805 172 75 beginning
982 2805 79 75 with
1075 2805 55 75 the
1140 2805 102 75 right-

209 2851 87 75 hand
320 2851 101 75 figure
444 2851 40 75 of
503 2851 56 75 the
582 2851 188 75 multiplier,
795 2851 48 75 we
868 2851 75 75 may
964 2851 96 75 begin
1082 2851 82 75 with
1187 2851 56 75 the

210 2899 74 75 left,
310 2899 62 75 and
395 2899 61 75 Hill
480 2899 81 75 have
584 2899 19 75 a
622 2899 66 75 juft
711 2899 144 75 product,
882 2899 156 75 provided
1060 2899 56 75 the
1140 2899 102 75 right-

212 2944 85 75 hand
320 2944 101 75 figure
442 2944 40 75 of
506 2944 95 75 every
629 2944 173 75 particular
829 2944 133 75 prodnff
991 2944 40 75 be
1058 2944 113 75 placed
1193 2944 52 75 di-

213 2993 99 75 reflly
331 2993 102 75 under
450 2993 55 75 the
521 2993 202 75 multiplying
739 2993 111 75 figure.
900 2993 100 75 Now,
1025 2993 56 75 the
1097 2993 151 75 working,

214 3038 38 75 an
269 3038 160 75 example,
451 3038 79 75 both
547 3038 33 75 in
597 3038 64 75 this
678 3038 143 75 manner,
845 3038 62 75 and
929 3038 65 75 alfo
1019 3038 43 75 by
1078 3038 56 75 the
1160 3038 89 75 rule,,

213 3087 62 75 and
291 3087 185 75 comparing
491 3087 55 75 the
570 3087 81 75 fteps
679 3087 63 75 and
765 3087 113 75 refuks
902 3087 39 75 of
960 3087 56 75 the
1040 3087 66 75 two
1132 3087 111 75 opera-

1459 879 213 75 184.0143-f-

1847 879 301 75 184.0144I53125

2013 926 28 75 B

1333 971 38 75 In
1389 971 146 75 working
1551 971 43 75 by
1606 971 65 75 this
1687 971 82 75 rule,
1786 971 68 75 you
1866 971 104 75 invert
1982 971 56 75 the
2055 971 185 75 multiplier,
2258 971 63 75 and

1286 1018 90 75 place
1401 1018 34 75 9,
1461 1018 55 75 the
1541 1018 85 75 units
1654 1018 115 75 figure,
1793 1018 101 75 under
1921 1018 34 75 3,
1979 1018 59 75 the
2052 1018 115 75 fourth
2180 1018 89 75 place
2286 1018 41 75 of

1286 1065 166 75 decimals,
1477 1065 132 75 becaufe
1637 1065 59 75 the
1720 1065 134 75 produdt
1877 1065 32 75 is
1929 1065 123 75 limited
2076 1065 38 75 to
2135 1065 75 75 four
2231 1065 88 75 deci-

1287 1112 63 75 mal
1378 1112 128 75 places;
1539 1112 81 75 then
1639 1112 163 75 multiply,
1827 1112 121 75 faying,
1981 1112 204 75 9X3=127,
2211 1112 62 75 and
2298 1112 22 75 6

1286 1159 124 75 carried
1434 1159 85 75 from
1544 1159 59 75 the
1625 1159 89 75 right
1730 1159 109 75 makes
1863 1159 56 75 33,
1946 1159 66 75 fcc.
2060 1159 40 75 In
2117 1159 206 75 multiplying

1286 1207 44 75 by
1347 1207 34 75 8,
1406 1207 67 75 fay,
1500 1207 19 75 8
1532 1207 109 75 X4=
1650 1207 58 75 32,
1732 1207 63 75 and
1809 1207 20 75 3
1846 1207 41 75 of
1906 1207 143 75 carriage
2064 1207 112 75 makes
2192 1207 41 75 35
2248 1207 9 75 ;
2285 1207 35 75 fo

1286 1253 47 75 fet
1353 1253 16 75 5
1389 1253 100 75 under
1509 1253 17 75 3
1540 1253 10 75 ;
1577 1253 63 75 and
1656 1253 138 75 proceed
1810 1253 33 75 in
1866 1253 66 75 like
1956 1253 130 75 manner
2100 1253 46 75 -to
2170 1253 151 75 multiply

1286 1301 56 75 the
1367 1301 114 75 figures
1505 1301 45 75 on
1571 1301 55 75 the
1650 1301 74 75 left.
1771 1301 77 75 The
1874 1301 190 75 right-hand
2087 1301 101 75 figure
2204 1301 40 75 of
2262 1301 57 75 the

1285 1346 135 75 product
1442 1346 30 75 is
1493 1346 168 75 defective,
1686 1346 35 75 as
1740 1346 141 75 wanting
1906 1346 56 75 the
1989 1346 143 75 carriage
2153 1346 86 75 from
2262 1346 59 75 the

1286 1395 144 75 columns
1453 1395 55 75 cut
1524 1395 51 75 off
1595 1395 41 75 on
1653 1395 55 75 the
1724 1395 89 75 right
1828 1395 44 75 by
1888 1395 55 75 the
1964 1395 64 75 line
2045 1395 33 75 A
2095 1395 43 75 B.
2185 1395 78 75 The
2281 1395 37 75 fi-

1286 1441 94 75 gures
1396 1441 177 75 expreffing
1590 1441 56 75 the
1662 1441 68 75 fum
1745 1441 41 75 of
1805 1441 56 75 the
1886 1441 144 75 columns
2053 1441 34 75 fo
2103 1441 55 75 cut
2181 1441 59 75 off,
2265 1441 55 75 are

1284 1489 34 75 fo
1334 1489 96 75 many
1452 1489 164 75 uncertain
1632 1489 107 75 places
1761 1489 40 75 of
1821 1489 55 75 the
1892 1489 147 75 product,
2063 1489 94 75 when
2179 1489 56 75 the
2251 1489 69 75 fac-

1285 1535 68 75 tors
1371 1535 53 75 are
1448 1535 233 75 approximate,
1707 1535 64 75 and
1787 1535 42 75 on
1845 1535 71 75 that
1931 1535 138 75 account
2085 1535 36 75 to
2144 1535 41 75 be
2205 1535 115 75 reject-

1285 1582 41 75 ed
1341 1582 35 75 as
1392 1582 126 75 ufelefs.
1566 1582 78 75 The
1666 1582 135 75 figures*
1820 1582 179 75 moreover,
2025 1582 45 75 on
2091 1582 56 75 the
2171 1582 92 75 right
2283 1582 43 75 of

1283 1629 54 75 the
1354 1629 64 75 line
1439 1629 33 75 A
1488 1629 44 75 B,
1557 1629 86 75 flrow
1658 1629 76 75 how
1750 1629 50 75 far
1817 1629 55 75 the
1887 1629 168 75 operation
2076 1629 28 75 is
2121 1629 195 75 contracted,

1283 1678 38 75 or
1337 1678 75 75 how
1428 1678 95 75 much
1540 1678 113 75 labour
1670 1678 26 75 is
1713 1678 95 75 faved
1819 1678 31 75 in
1864 1678 147 75 working
2027 1678 43 75 by
2086 1678 54 75 the
2159 1678 69 75 rule

1331 1722 37 75 If
1387 1722 91 75 there
1494 1722 39 75 be
1550 1722 45 75 no
1607 1722 86 75 units
1710 1722 37 75 in
1762 1722 56 75 the
1835 1722 187 75 multiplier,
2046 1722 36 75 in
2096 1722 65 75 this
2178 1722 69 75 cafe
2271 1722 49 75 fet

1283 1769 55 75 the
1362 1769 190 75 right-hand
1577 1769 99 75 figure
1701 1769 41 75 of
1765 1769 56 75 the
1845 1769 147 75 inverted
2018 1769 173 75 multiplier
2217 1769 102 75 under

1283 1815 71 75 that
1378 1815 102 75 figure
1502 1815 41 75 of
1561 1815 56 75 the
1640 1815 236 75 multiplicand,
1899 1815 107 75 below
2026 1815 110 75 which
2157 1815 27 75 it
2207 1815 111 75 would

1283 1862 80 75 have
1380 1862 89 75 flood
1485 1862 65 75 had
1567 1862 92 75 there
1676 1862 85 75 been
1774 1862 99 75 units.

1329 1912 71 75 Ex.
1449 1912 159 75 Multiply
1626 1912 83 75 .825
1724 1912 43 75 by
1786 1912 100 75 .825*
1903 1912 140 75 limiting
2058 1912 56 75 the
2130 1912 135 75 product
2281 1912 35 75 to

1283 1957 91 75 three
1389 1957 135 75 decimal
1537 1957 119 75 places.

1473 2003 51 75 By
1541 2003 54 75 the
1613 2003 82 75 rule.
1770 2003 79 75 The
1864 2003 148 75 common
2028 2003 72 75 way
2116 2003 34 75 at
2165 2003 101 75 large.

1618 2048 85 75 .825,

1953 2048 79 75 .Say

1606 2095 81 75 528.

1953 2095 79 75 .825

1605 2191 71 75 64a

1938 2191 41 75 <r'
1979 2191 58 75 *25

1633 2236 40 75 16

1918 2236 102 75 16I501

1649 2279 20 75 4

1890 2279 104 75 66o(o

1588 2374 121 75 .680+

1878 2374 133 75 .68o|62
2018 2374 19 75 5

1332 2425 78 75 The
1432 2425 135 75 decimal
1593 2425 105 75 places
1722 2425 41 75 of
1780 2425 56 75 the
1860 2425 122 75 faClors
2003 2425 75 75 may
2092 2425 104 75 either
2210 2425 44 75 be
2267 2425 51 75 re-

1285 2471 109 75 tained
1410 2471 32 75 at
1459 2471 200 75 full-length,
1683 2471 36 75 or
1737 2471 117 75 turned
1868 2471 70 75 into
1954 2471 238 75 approximates
2208 2471 112 75 before

1285 2518 64 75 you
1367 2518 94 75 begin
1474 2518 34 75 to
1526 2518 162 75 multiply.

1335 2566 71 75 Ex.
1446 2566 159 75 Multiply
1623 2566 269 75 25.8490.13^25
1909 2566 50 75 by
1972 2566 43 75 42
2033 2566 133 75 92235,
2182 2566 143 75 limiting,

1287 2613 57 75 the
1357 2613 134 75 product
1503 2613 34 75 to
1554 2613 66 75 two
1636 2613 138 75 decimal
1788 2613 121 75 places.

1714 2653 276 75 25.849013635.

1668 2710 175 75 53*79-24

1695 2794 142 75 10339&

1741 2841 90 75 5169

1739 2887 91 75 2326

1765 2933 71 75 tffo.

1812 2987 17 75 5

1673 3074 35 75 LI
1719 3074 146 75 LO.764-

2252 3114 69 75 We
