2428 3377
145 171 19 75 2
178 171 48 75 IO

697 179 1005 75 ANATOMY.

2086 179 99 75 Part
2202 179 51 75 II.

140 257 256 75 TIBIALIS
422 257 275 75 GRACILIS
715 257 96 75 vulgo
831 257 342 75 PLANTARIS.

187 326 101 75 This
305 326 27 75 is
350 326 19 75 a
384 326 88 75 fmall
491 326 156 75 pyriform
663 326 129 75 mufcle,
816 326 133 75 fituated
963 326 166 75 obliquely
1139 326 34 75 in

140 374 56 75 the
211 374 75 75 ham
302 374 104 75 below
422 374 56 75 the
503 374 145 75 external
673 374 136 75 condyle
833 374 41 75 of
892 374 55 75 the
970 374 36 75 os
1029 374 143 75 femoris,

140 419 145 75 between
303 419 54 75 the
375 419 159 75 popliteus
553 419 62 75 and
638 419 248 75 gaftrocnemius
910 419 173 75 externus;
1111 419 63 75 and

139 466 43 75 its
209 466 133 75 tendon,
374 466 109 75 which
507 466 27 75 is
561 466 89 75 long,
681 466 68 75 flat,
782 466 63 75 and
867 466 79 75 very
969 466 103 75 fmali,
1099 466 73 75 runs

141 512 96 75 down
259 512 42 75 on
318 512 56 75 the
397 512 63 75 fide
483 512 41 75 of
542 512 55 75 the
613 512 246 75 galtrocnemius
875 512 157 75 internus,
1058 512 42 75 all
1117 512 56 75 the

140 559 73 75 way
229 559 35 75 to
281 559 54 75 the
351 559 85 75 heel.

186 606 76 75 The
286 606 97 75 flefhy
406 606 97 75 body,
529 606 104 75 which
660 606 26 75 is
711 606 77 75 only
812 606 99 75 about
933 606 66 75 two
1015 606 108 75 inches
1138 606 34 75 in

139 653 124 75 length,
290 653 63 75 and
368 653 60 75 one
444 653 32 75 in
493 653 148 75 breadth,
666 653 26 75 is
709 653 101 75 fixed,
828 653 43 75 by
889 653 18 75 a
922 653 85 75 Ihort
1025 653 56 75 flat
1103 653 69 75 ten-

140 699 76 75 don,
242 699 100 75 above
358 699 55 75 the
426 699 93 75 outer
534 699 81 75 edge
632 699 40 75 of
683 699 55 75 the
754 699 142 75 exterior
913 699 135 75 condyle
1065 699 41 75 of
1117 699 55 75 the

139 746 35 75 os
191 746 145 75 femoris,
358 746 45 75 bn
424 746 61 75 one
510 746 63 75 fide
598 746 40 75 of
657 746 56 75 the
738 746 245 75 gaftrocnemius
1006 746 165 75 externus.

138 793 99 75 From
249 793 113 75 thence
378 793 55 75 the
449 793 96 75 flefhy
556 793 88 75 body
660 793 74 75 runs
752 793 164 75 obliquely
932 793 77 75 over
1025 793 55 75 the
1091 793 82 75 edge

137 839 42 75 of
198 839 55 75 the
270 839 172 75 popliteus,
466 839 63 75 and
552 839 184 75 terminates
760 839 33 75 in
819 839 19 75 a
862 839 77 75 very
954 839 102 75 fmall,
1080 839 93 75 long,

138 885 56 75 flat
211 885 132 75 tendon.

959 885 6 75 ,

184 932 85 75 This
284 932 120 75 tendon
421 932 74 75 runs
512 932 144 75 between
673 932 56 75 the
752 932 88 75 body
856 932 41 75 of
914 932 56 75 the
994 932 178 75 gaftrocne-

140 978 83 75 mius
239 978 152 75 externus
415 978 63 75 and
493 978 119 75 foleus,
635 978 42 75 all
694 978 56 75 the
769 978 73 75 way
858 978 34 75 to
913 978 56 75 the
985 978 91 75 inner
1093 978 81 75 edge

137 1026 42 75 of
189 1026 56 75 the
260 1026 100 75 upper
374 1026 72 75 part
458 1026 40 75 of
509 1026 55 75 the
580 1026 99 75 tendo
695 1026 139 75 Achillis
848 1026 11 75 ;
884 1026 62 75 and
961 1026 86 75 from
1059 1026 115 75 thence

140 1072 186 75 continuing
341 1072 42 75 its
401 1072 109 75 courfe
527 1072 199 75 downward,
742 1072 26 75 it
782 1072 85 75 joins
884 1072 64 75 this
961 1072 131 75 tendon,
1111 1072 64 75 and

138 1118 27 75 is
181 1118 151 75 inferred,
359 1118 147 75 together
521 1118 80 75 with
617 1118 39 75 it,
681 1118 32 75 in
730 1118 56 75 the
802 1118 122 75 outfide
940 1118 41 75 of
998 1118 56 75 the
1070 1118 101 75 pofte-

137 1166 65 75 rior
219 1166 71 75 part
313 1166 41 75 of
372 1166 56 75 the
452 1166 35 75 os
511 1166 110 75 calcis,
645 1166 137 75 without
806 1166 265 75 communicating
1093 1166 79 75 with

138 1213 55 75 the
210 1213 201 75 aponeurofis
425 1213 165 75 plantaris.

287 1324 324 75 TIBIALIS
659 1324 362 75 POSTICUS.

183 1411 102 75 This
303 1411 27 75 is
347 1411 18 75 a
387 1411 88 75 long,
500 1411 110 75 flelhy,
635 1411 179 75 penniform
830 1411 130 75 mufcle,
985 1411 135 75 broader
1138 1411 32 75 a-

136 1459 83 75 bove
235 1459 77 75 than
329 1459 118 75 below,
472 1459 294 75 fituated-between
790 1459 56 75 the
870 1459 80 75 tibia
973 1459 63 75 and
1059 1459 115 75 fibula,,

137 1506 42 75 on
196 1506 55 75 the
263 1506 160 75 back-fide
441 1506 40 75 of
499 1506 56 75 the
570 1506 66 75 leg,
662 1506 61 75 and
741 1506 137 75 covered
889 1506 44 75 by
949 1506 56 75 the
1021 1506 150 75 extenfor

138 1551 174 75 digitorum
327 1551 129 75 longus.

185 1598 32 75 It
232 1598 27 75 is
275 1598 89 75 fixed
380 1598 116 75 above,
518 1598 44 75 by
577 1598 97 75 fldhy
697 1598 108 75 fibres,
829 1598 218 75 immediately
1070 1598 102 75 under

137 1646 57 75 the
222 1646 204 75 articulation
449 1646 41 75 of
508 1646 55 75 the
587 1646 80 75 tibia
692 1646 62 75 and
776 1646 111 75 fibula,
912 1646 36 75 to
970 1646 56 75 the
1051 1646 120 75 neareft

137 1692 90 75 parts
251 1692 39 75 of
310 1692 87 75 thefe
421 1692 67 75 two
512 1692 111 75 bones,
649 1692 116 75 chiefly
779 1692 36 75 to
832 1692 55 75 the
903 1692 91 75 tibia,
1021 1692 151 75 reaching

139 1738 36 75 to
197 1738 56 75 the
268 1738 111 75 lateral
397 1738 86 75 parts
500 1738 39 75 of
559 1738 70 75 that
645 1738 95 75 bone,
766 1738 99 75 above
882 1738 56 75 the
961 1738 209 75 interolTeous

136 1783 169 75 ligament,
327 1783 105 75 which
448 1783 28 75 is
491 1783 76 75 here
584 1783 153 75 wanting.

185 1831 98 75 From
299 1831 113 75 thence
428 1831 42 75 its
481 1831 152 75 infertion
644 1831 27 75 is
682 1831 163 75 extended
856 1831 105 75 below
973 1831 55 75 the
1039 1831 132 75 oblique

137 1878 64 75 line
218 1878 37 75 or
271 1878 175 75 imprefiion
462 1878 33 75 in
519 1878 55 75 the
597 1878 92 75 tibia,
714 1878 76 75 over
806 1878 42 75 all
865 1878 55 75 the
937 1878 233 75 neighbouring

137 1924 72 75 part
225 1924 41 75 of
276 1924 55 75 the
347 1924 207 75 interofleous
569 1924 169 75 ligament,
753 1924 62 75 and
831 1924 139 75 through
988 1924 89 75 more
1093 1924 77 75 than

138 1971 57 75 the
211 1971 100 75 upper
330 1971 72 75 half
422 1971 39 75 of
480 1971 56 75 the
551 1971 136 75 internal
703 1971 92 75 angle
812 1971 40 75 of
871 1971 54 75 the
941 1971 109 75 fibula.

186 2016 97 75 After
298 2016 77 75 this,
393 2016 26 75 it
435 2016 99 75 forms
552 2016 18 75 a
587 2016 134 75 tendon,
735 2016 105 75 which
854 2016 74 75 runs
945 2016 93 75 down
1052 2016 119 75 behind

139 2064 56 75 the
210 2064 90 75 inner
322 2064 179 75 malleolus,
526 2064 141 75 through
683 2064 19 75 a
724 2064 225 75 cartilaginous
972 2064 118 75 groove
1108 2064 63 75 and

139 2107 41 75 an
188 2107 130 75 annular
325 2107 169 75 ligament,
503 2107 75 75 and,
590 2107 115 75 palfing
716 2107 102 75 under
825 2107 55 75 the
891 2107 178 75 malleolus,
1085 2107 84 75 isin-

139 2157 107 75 Ibrted
260 2157 36 75 in
304 2157 54 75 the
371 2157 174 75 tuberofity
558 2157 37 75 or
607 2157 100 75 lower
717 2157 74 75 part
802 2157 40 75 of
853 2157 55 75 the
921 2157 37 75 os
968 2157 202 75 fcaphoides.

139 2286 217 75 Peron.5Eus
373 2286 197 75 Maximus
592 2286 94 75 vulgo
702 2286 213 75 PERONiEus
935 2286 238 75 Posterior.

188 2374 98 75 This
302 2374 27 75 is
350 2374 19 75 a
384 2374 77 75 long
477 2374 178 75 penniform
672 2374 130 75 mulcle,
827 2374 90 75 lying
932 2374 40 75 on
990 2374 55 75 the
1061 2374 109 75 fibula.

186 2421 33 75 It
231 2421 27 75 is
273 2421 87 75 fixed
378 2421 99 75 above
497 2421 35 75 to
549 2421 55 75 the
622 2421 140 75 anterior
778 2421 62 75 and
856 2421 92 75 outer
971 2421 71 75 part
1058 2421 40 75 of
1115 2421 56 75 the

142 2468 83 75 head
241 2468 40 75 of
300 2468 55 75 the
367 2468 115 75 fibula,
507 2468 63 75 and
585 2468 35 75 to
631 2468 19 75 a
665 2468 88 75 fmall
770 2468 126 75 portion
914 2468 39 75 of
971 2468 55 75 the
1042 2468 83 75 head
1137 2468 40 75 of

145 2515 55 75 the
217 2515 99 75 tibia;
342 2515 76 75 then
441 2515 36 75 to
492 2515 56 75 the
564 2515 119 75 outfide
704 2515 41 75 of
764 2515 54 75 the
835 2515 80 75 neck
931 2515 44 75 of
990 2515 53 75 the
1061 2515 109 75 fibula,

142 2562 37 75 to
195 2562 55 75 the
266 2562 98 75 upper
380 2562 74 75 half
472 2562 40 75 of
525 2562 54 75 the
595 2562 144 75 external
753 2562 90 75 angle
859 2562 41 75 of
911 2562 70 75 that
997 2562 94 75 bone,
1110 2562 63 75 and

143 2609 37 75 to
203 2609 54 75 the
281 2609 199 75 aponeurofis
496 2609 136 75 tibialis,
654 2609 104 75 which
775 2609 33 75 at
824 2609 70 75 that
910 2609 89 75 place
1023 2609 106 75 makes
1155 2609 17 75 a

145 2653 121 75 ieptum
282 2653 143 75 between
442 2653 64 75 this
522 2653 117 75 mufcle
656 2653 62 75 and
733 2653 55 75 the
804 2653 148 75 extenfor
968 2653 137 75 pollicis.

190 2699 97 75 From
304 2699 114 75 thence
434 2699 130 75 turning
586 2699 18 75 a
627 2699 84 75 link
734 2699 183 75 backward,
942 2699 170 75 according
1135 2699 36 75 to

149 2748 56 75 the
222 2748 152 75 direction
391 2748 39 75 of
441 2748 56 75 the
513 2748 94 75 bone,
625 2748 26 75 it
667 2748 99 75 forms
784 2748 17 75 a
813 2748 211 75 confiderable
1040 2748 132 75 tendon,

144 2793 119 75 which,
296 2793 135 75 running
457 2793 119 75 behind
607 2793 55 75 the
689 2793 145 75 external
862 2793 178 75 malleolus,
1074 2793 97 75 paffes

146 2838 139 75 through
303 2838 19 75 a
337 2838 78 75 kind
434 2838 40 75 of
493 2838 119 75 hollow
628 2838 132 75 groove,
785 2838 62 75 and
863 2838 138 75 through
1018 2838 39 75 an
1074 2838 101 75 annu-

146 2886 48 75 lar
208 2886 152 75 ligament
375 2886 146 75 common
537 2886 36 75 to
588 2886 26 75 it
630 2886 63 75 and
704 2886 35 75 to
755 2886 55 75 the
827 2886 120 75 tendon
958 2886 40 75 of
1009 2886 54 75 the
1080 2886 93 75 pero-

146 2932 85 75 nams
248 2932 134 75 medifis,
407 2932 105 75 which
528 2932 58 75 lies
601 2932 110 75 before
727 2932 38 75 it.

192 2976 201 75 Afterwards
409 2976 133 75 running
559 2976 140 75 through
715 2976 55 75 the
787 2976 129 75 oblique
933 2976 117 75 groove
1067 2976 32 75 in
1116 2976 56 75 the

146 3024 100 75 lower
261 3024 62 75 fide
339 3024 40 75 of
397 3024 55 75 the
469 3024 35 75 os
521 3024 163 75 cuboides,
707 3024 27 75 it
744 3024 27 75 is
786 3024 138 75 inferred
939 3024 32 75 in
988 3024 54 75 the
1058 3024 62 75 fide
1136 3024 41 75 of

1225 239 55 75 the
1296 239 78 75 bafis
1396 239 41 75 of
1455 239 55 75 the
1527 239 64 75 firft
1610 239 180 75 metatarfal
1806 239 96 75 bone,
1927 239 62 75 and
2005 239 65 75 alfo
2093 239 19 75 a
2126 239 85 75 little
2222 239 33 75 in

1224 285 56 75 the
1292 285 79 75 bafis
1388 285 41 75 of
1448 285 54 75 the
1519 285 36 75 os
1567 285 194 75 cuneiforme
1777 285 117 75 majus.

1223 423 153 75 Sect.
1407 423 89 75 XII.
1552 423 90 75 The-
1658 423 212 75 Muscles
1901 423 133 75 which
2062 423 101 75 move
2189 423 65 75 the

1498 483 239 75 Metaiarfus
1767 483 85 75 and
1874 483 100 75 Toes.

1267 591 320 75 EXTENSOR
1627 591 277 75 POLLICIS
1951 591 255 75 LONGUS.

1268 669 99 75 This
1382 669 28 75 is
1422 669 19 75 a
1456 669 69 75 thin
1542 669 96 75 fingle
1653 669 131 75 mufcle,
1800 669 92 75 lying
1905 669 143 75 between
2064 669 55 75 the
2135 669 119 75 tibialis

1223 714 121 75 anticus
1363 714 61 75 and
1440 714 149 75 extenfor
1605 714 175 75 digitorum
1796 714 127 75 longus,
1947 714 45 75 by
2003 714 106 75 which
2125 714 26 75 it
2167 714 27 75 is
2206 714 47 75 al-

1223 759 78 75 moft
1317 759 70 75 hid.

1270 806 32 75 It
1313 806 27 75 is
1357 806 88 75 fixed
1462 806 35 75 to
1510 806 55 75 the
1576 806 96 75 infide
1688 806 42 75 of
1748 806 55 75 the
1819 806 108 75 fibula,
1952 806 78 75 near
2049 806 55 75 the
2120 806 133 75 interof-

1222 852 89 75 feous
1328 852 165 75 ligament,
1518 852 85 75 from
1618 852 56 75 the
1691 852 82 75 neck
1792 852 96 75 down
1909 852 35 75 to
1961 852 55 75 the
2032 852 109 75 loweft
2157 852 95 75 quar-

1222 898 49 75 ter
1295 898 40 75 of
1355 898 71 75 that
1447 898 103 75 bone;
1577 898 35 75 to
1636 898 56 75 the
1715 898 129 75 interofl'
1844 898 75 75 eous
1942 898 153 75 ligament
2112 898 141 75 through

1221 945 55 75 the
1292 945 84 75 fame
1392 945 103 75 fpace,
1513 945 61 75 and
1590 945 19 75 a
1619 945 84 75 little
1721 945 35 75 to
1771 945 56 75 the
1842 945 100 75 lower
1957 945 175 75 extremity
2143 945 41 75 of
2196 945 57 75 the

1223 992 79 75 tibia
1314 992 79 75 next
1409 992 55 75 the
1481 992 110 75 fibula.

1268 1040 113 75 There
1396 1040 26 75 it
1439 1040 78 75 ends
1533 1040 33 75 in
1592 1040 19 75 a
1630 1040 214 75 confiderable
1860 1040 131 75 tendon,
2016 1040 104 75 which
2138 1040 116 75 palling

1221 1086 141 75 through
1379 1086 19 75 a
1413 1086 122 75 diftindt
1553 1086 71 75 ring
1640 1086 40 75 of
1698 1086 56 75 the
1777 1086 147 75 common
1941 1086 131 75 annular
2087 1086 164 75 ligament,

1223 1132 59 75 and
1308 1132 77 75 then
1409 1132 141 75 through
1576 1132 18 75 a
1614 1132 225 75 membranous
1865 1132 126 75 vagina,
2014 1132 28 75 is
2060 1132 137 75 inferted
2218 1132 35 75 in

1221 1179 55 75 the
1292 1179 78 75 bafis
1387 1179 40 75 of
1445 1179 56 75 the
1517 1179 64 75 firft
1597 1179 139 75 phalanx
1749 1179 40 75 of
1803 1179 54 75 the
1874 1179 89 75 great
1980 1179 66 75 toe,
2071 1179 62 75 and
2149 1179 104 75 conti-

1222 1225 84 75 nued
1322 1225 85 75 from
1419 1225 113 75 thence
1549 1225 42 75 up
1607 1225 35 75 to
1659 1225 54 75 the
1729 1225 129 75 fecond.

1239 1331 275 75 FLEXOR
1562 1331 331 75 POLLICIS
1942 1331 293 75 LONGUS.

1267 1409 98 75 This
1382 1409 27 75 is
1423 1409 19 75 a
1456 1409 109 75 pretty
1581 1409 76 75 long
1668 1409 131 75 mufcle,
1823 1409 134 75 fituated
1973 1409 33 75 in
2029 1409 56 75 the
2101 1409 152 75 pofterior

1221 1455 63 75 and
1298 1455 103 75 lower
1417 1455 72 75 part
1505 1455 40 75 of
1563 1455 56 75 the
1635 1455 64 75 leg.

1268 1501 32 75 It
1316 1501 30 75 is
1360 1501 88 75 fixed
1464 1501 32 75 in
1519 1501 56 75 the
1598 1501 100 75 lower
1721 1501 76 75 half
1815 1501 40 75 of
1872 1501 55 75 the
1951 1501 163 75 back-fide
2138 1501 41 75 of
2197 1501 56 75 the

1223 1549 110 75 fibula,
1357 1549 42 75 its
1416 1549 149 75 infertion
1582 1549 152 75 reaching
1750 1549 111 75 almoft
1877 1549 33 75 as
1927 1549 51 75 far
1993 1549 35 75 as
2040 1549 55 75 the
2107 1549 145 75 external

1220 1597 179 75 malleolus.
1447 1597 76 75 The
1545 1597 97 75 fldhy
1665 1597 87 75 body
1775 1597 156 75 advances
1955 1597 41 75 on
2021 1597 55 75 the
2101 1597 99 75 infide
2215 1597 41 75 of

1222 1641 69 75 that
1307 1641 82 75 bone
1406 1641 140 75 towards
1558 1641 56 75 the
1630 1641 91 75 tibia,
1746 1641 172 75 according
1934 1641 34 75 to
1985 1641 55 75 the
2057 1641 130 75 oblique
2202 1641 50 75 di-

1223 1689 118 75 rection
1353 1689 42 75 of
1414 1689 71 75 that
1501 1689 76 75 fide,
1603 1689 63 75 and
1676 1689 78 75 ends
1769 1689 32 75 in
1819 1689 18 75 a
1852 1689 88 75 large
1956 1689 131 75 tendon.

1268 1734 85 75 This
1370 1734 118 75 tendon
1508 1734 98 75 pafies
1622 1734 120 75 behind
1757 1734 55 75 the
1828 1734 100 75 lower
1947 1734 174 75 extremity
2138 1734 38 75 of
2194 1734 56 75 the

1222 1780 90 75 tibia,
1338 1780 126 75 toward
1477 1780 56 75 the
1549 1780 89 75 inner
1650 1780 107 75 ankle,
1774 1780 76 75 then
1868 1780 138 75 through
2024 1780 18 75 a
2053 1780 89 75 fmall
2154 1780 104 75 notch-

1221 1827 32 75 in
1271 1827 55 75 the
1342 1827 91 75 inner
1445 1827 61 75 and
1522 1827 160 75 back-fide
1698 1827 41 75 of
1757 1827 55 75 the
1829 1827 183 75 aftragalus,
2036 1827 63 75 and
2110 1827 141 75 through

1221 1872 38 75 an
1276 1872 131 75 annular
1422 1872 153 75 ligament
1591 1872 38 75 or
1643 1872 211 75 ligamentary
1869 1872 124 75 vagina,
2011 1872 171 75 continued
2194 1872 57 75 un-

1221 1919 57 75 der
1291 1919 55 75 the
1361 1919 114 75 lateral
1492 1919 78 75 arch
1582 1919 42 75 of
1640 1919 56 75 the
1711 1919 37 75 os
1765 1919 108 75 calcis.

1268 1965 97 75 From
1386 1965 113 75 thence
1515 1965 25 75 it
1558 1965 154 75 advances
1729 1965 34 75 to
1783 1965 55 75 the
1855 1965 90 75 great
1968 1965 66 75 toe,
2058 1965 62 75 and
2137 1965 116 75 palling

1220 2011 139 75 through
1377 2011 55 75 the
1444 2011 157 75 interftice
1616 2011 144 75 between
1772 2011 55 75 the
1840 2011 65 75 two
1916 2011 154 75 fefamoid
2081 2011 110 75 bones,
2217 2011 33 75 in

1220 2058 56 75 the
1289 2058 208 75 ligamentary
1514 2058 112 75 vagina
1641 2058 41 75 of
1700 2058 55 75 the
1767 2058 64 75 firft
1848 2058 152 75 phalanx,
2025 2058 27 75 is
2067 2058 138 75 inferted
2217 2058 33 75 in

1220 2105 55 75 the
1291 2105 99 75 lower
1405 2105 72 75 part
1493 2105 40 75 of
1551 2105 55 75 the
1622 2105 128 75 fecond.

1587 2211 297 75 THENAR.

1268 2283 102 75 This
1390 2283 117 75 mufcle
1529 2283 26 75 is
1572 2283 92 75 made
1680 2283 43 75 up
1739 2283 40 75 of
1797 2283 117 75 feveral
1932 2283 161 75 portions,
2114 2283 63 75 and
2192 2283 58 75 lies

1221 2330 41 75 on
1278 2330 57 75 the
1349 2330 90 75 inner
1449 2330 82 75 edge
1546 2330 40 75 of
1604 2330 56 75 the
1675 2330 65 75 foie
1752 2330 40 75 of
1810 2330 56 75 the
1882 2330 83 75 foot.

1269 2376 32 75 It
1324 2376 28 75 is
1374 2376 105 75 fixed,
1498 2376 44 75 by
1566 2376 90 75 three
1678 2376 39 75 or
1740 2376 75 75 four
1838 2376 97 75 flelhy
1957 2376 157 75 fafciculi,
2137 2376 34 75 to
2194 2376 56 75 the

1221 2422 99 75 lower
1336 2422 62 75 and
1413 2422 89 75 inner
1518 2422 71 75 part
1606 2422 40 75 of
1664 2422 54 75 the
1735 2422 36 75 os
1788 2422 107 75 calcis,
1920 2422 36 75 os
1968 2422 196 75 fcaphoides,
2187 2422 64 75 and

1223 2469 35 75 os
1276 2469 194 75 cuneiforme
1493 2469 115 75 majus.
1657 2469 32 75 It
1705 2469 27 75 is
1748 2469 138 75 likewife
1908 2469 89 75 fixed
2013 2469 18 75 a
2047 2469 83 75 little
2146 2469 32 75 in
2195 2469 55 75 the

1222 2514 131 75 annular
1375 2514 152 75 ligament
1549 2514 100 75 under
1673 2514 55 75 the
1751 2514 89 75 inner
1866 2514 106 75 ankle,
1996 2514 105 75 which
2118 2514 131 75 belongs

1222 2563 34 75 to
1267 2563 55 75 the
1338 2563 118 75 tendon
1469 2563 40 75 of
1527 2563 56 75 the
1598 2563 103 75 flexor
1715 2563 130 75 longus.

1270 2608 97 75 From
1389 2608 43 75 all
1449 2608 86 75 thefe
1551 2608 149 75 different
1716 2608 181 75 infertions,
1920 2608 56 75 the
1995 2608 97 75 flefhy
2108 2608 140 75 fafciculi

1221 2653 158 75 approach
1395 2653 77 75 each
1488 2653 94 75 other
1601 2653 34 75 as
1658 2653 78 75 they
1756 2653 139 75 advance
1915 2653 141 75 forward
2072 2653 99 75 under
2190 2653 58 75 the

1222 2701 64 75 full
1302 2701 81 75 bone
1400 2701 40 75 of
1459 2701 54 75 the
1529 2701 198 75 metatarfus,
1753 2701 62 75 and
1830 2701 54 75 are
1900 2701 101 75 fixed,
2024 2701 106 75 partly
2145 2701 30 75 in
2194 2701 55 75 the

1222 2747 133 75 internal
1372 2747 152 75 fefamoid
1539 2747 95 75 bone,
1651 2747 63 75 and
1729 2747 107 75 partly
1846 2747 31 75 in
1891 2747 54 75 the
1961 2747 95 75 infide
2068 2747 39 75 of
2117 2747 55 75 the
2184 2747 65 75 firft

1222 2794 151 75 phalanx,
1398 2794 76 75 near
1485 2794 42 75 its
1539 2794 91 75 bafis.

1495 2897 32 75 A
1544 2897 35 75 N
1594 2897 36 75 T
1646 2897 16 75 I
1678 2897 40 75 T
1730 2897 35 75 H
1781 2897 30 75 E
1829 2897 34 75 N
1880 2897 33 75 A
1929 2897 48 75 R.

1267 2977 102 75 This
1389 2977 27 75 is
1429 2977 20 75 a
1462 2977 89 75 fmall
1568 2977 179 75 compound
1763 2977 130 75 mufcle,
1909 2977 89 75 lying
2013 2977 166 75 obliquely
2190 2977 57 75 un-

1220 3026 57 75 der
1289 3026 54 75 the
1355 3026 181 75 metatarfal
1551 3026 112 75 bones.

2216 3065 31 75 It
