2397 3387
477 136 224 75 BET

1027 136 18 75 (
1104 136 80 75 543
1249 136 17 75 )

1621 136 226 75 BET

145 210 53 75 ing
210 210 140 75 towards
367 210 55 75 the
439 210 68 75 top,
534 210 62 75 and
611 210 77 75 very
712 210 189 75 irregularly
920 210 211 75 hexanguJar.

145 258 32 75 It
193 258 26 75 is
242 258 39 75 of
302 258 19 75 a
347 258 79 75 very
449 258 62 75 fine
530 258 232 75 tranfparence,
788 258 61 75 and
874 258 157 75 naturally
1057 258 39 75 of
1114 258 18 75 a

144 304 68 75 pale
225 304 111 75 brown
348 304 9 75 ;
377 304 63 75 and
456 304 117 75 carries
591 304 32 75 fo
641 304 126 75 evident
785 304 105 75 marks
903 304 39 75 of
954 304 177 75 diltinffion

145 351 84 75 from
246 351 43 75 all
305 351 110 75 brown
432 351 142 75 cryftals,
600 351 71 75 that
694 351 59 75 our
770 351 166 75 lapidaries
954 351 60 75 call
1032 351 37 75 it,
1089 351 43 75 by

145 397 70 75 way
226 397 40 75 of
277 397 172 75 eminence,
468 397 55 75 the
542 397 227 75 beryl-cryfial,
787 397 37 75 or
841 397 110 75 Amply
965 397 53 75 the
1031 397 97 75 beryl,

97 445 100 75 BES,
223 445 38 75 or
277 445 156 75 Bessis,
459 445 32 75 in
518 445 129 75 Roman
674 445 171 75 antiquity,
871 445 66 75 two
965 445 101 75 thirds
1096 445 41 75 of

145 491 53 75 the
215 491 46 75 as.
312 491 61 75 See
390 491 67 75 As.

95 537 74 75 Bes
189 537 66 75 alfo
281 537 133 75 denotes
439 537 66 75 two
522 537 104 75 thirds
644 537 39 75 of
701 537 55 75 the
769 537 163 75 jugerum.
983 537 62 75 See
1061 537 66 75 Ju-

143 582 150 75 GERUM.

93 629 219 75 BESAILE,
338 629 132 75 fignifies
488 629 55 75 the
561 629 105 75 father
682 629 41 75 of
738 629 17 75 a
771 629 237 75 grand-father.

92 675 186 75 Besaile,
295 675 33 75 in
346 675 73 75 law,
438 675 18 75 a
472 675 75 75 writ
563 675 70 75 that
645 675 58 75 lies
717 675 105 75 where
835 675 55 75 the
902 675 222 75 great-grand-

139 721 108 75 father
264 721 63 75 was
345 721 97 75 feifed
459 721 32 75 in
510 721 50 75 fee
577 721 40 75 of
632 721 60 75 any
708 721 103 75 lands,
838 721 64 75 <bc.
927 721 32 75 at
977 721 55 75 the
1049 721 76 75 time

138 768 40 75 of
189 768 50 75 his
256 768 108 75 death'
364 768 13 75 ;
416 768 61 75 and
493 768 84 75 after
594 768 56 75 his-
660 768 140 75 deceafe,
827 768 18 75 a
862 768 139 75 Granger
1017 768 106 75 enters

138 814 145 75 thereon,
309 814 55 75 the
381 814 81 75 fame
479 814 75 75 day,
580 814 63 75 and
665 814 95 75 keepa
778 814 56 75 out
851 814 55 75 the
923 814 82 75 heir.

90 862 273 75 BESANCON,
389 862 53 75 the
455 862 116 75 capital
588 862 40 75 of
640 862 145 75 Franche
802 862 120 75 Comte
938 862 32 75 in
988 862 134 75 France,

136 908 134 75 fituated
287 908 30 75 in
337 908 42 75 6°
396 908 46 75 E.
459 908 90 75 long,
575 908 63 75 and
656 908 41 75 47
697 890 24 49 0
742 908 44 75 20
786 890 10 49 r
812 908 48 75 N.
874 908 58 75 lat.

86 954 206 75 BESANT,
311 954 37 75 or
365 954 178 75 Bezant,
568 954 18 75 a
603 954 71 75 coin
693 954 39 75 of
744 954 77 75 pure
838 954 89 75 gold,
952 954 41 75 of
1005 954 37 75 an
1061 954 58 75 un-

133 1000 119 75 certain
270 1000 106 75 value,
402 1000 104 75 ftruck
522 1000 33 75 at
572 1000 210 75 Byzantium,
807 1000 32 75 in
852 1000 55 75 the
923 1000 77 75 time
1016 1000 41 75 of
1068 1000 55 75 the

133 1046 160 75 Chriftian
310 1046 162 75 emperors
489 1046 10 75 ;
527 1046 84 75 from
629 1046 99 75 hence
750 1046 55 75 the
833 1046 78 75 gold
939 1046 123 75 offered
1079 1046 44 75 by

133 1092 55 75 the
205 1092 76 75 king
299 1092 32 75 at
348 1092 54 75 the
422 1092 93 75 altar,
542 1092 25 75 is
585 1092 103 75 called
705 1092 108 75 befant
831 1092 35 75 or
884 1092 117 75 bifant.

86 1139 190 75 Besants,
303 1139 31 75 in
359 1139 163 75 heraldry,
549 1139 103 75 round
677 1139 103 75 pieces
805 1139 40 75 of
868 1139 89 75 gold,
982 1139 138 75 without

133 1184 60 75 any
210 1184 110 75 ftamp,
345 1184 184 75 frequently
546 1184 99 75 borne
671 1184 32 75 in
733 1184 88 75 coats
849 1184 40 75 of
912 1184 95 75 arms.
1059 1184 63 75 See

131 1231 92 75 Plate
240 1231 62 75 LI.
328 1231 54 75 fig.
406 1231 54 75 14.

83 1278 211 75 BESIERS,
313 1278 18 75 a
348 1278 67 75 city
430 1278 40 75 of
481 1278 104 75 lower
601 1278 199 75 Languedoc
815 1278 31 75 in
864 1278 135 75 France,
1018 1278 99 75 about

129 1324 66 75 two
223 1324 90 75 miles
342 1324 96 75 north
467 1324 40 75 of
529 1324 55 75 the
612 1324 273 75 Mediterranean,
919 1324 61 75 and
1008 1324 109 75 fifteen

128 1370 175 75 north-eaff
321 1370 40 75 of
378 1370 189 75 Narbonne,
591 1370 31 75 in
643 1370 16 75 3
659 1352 25 49 0
703 1370 44 75 E.
765 1370 89 75 long,
879 1370 63 75 and
968 1370 42 75 43
1010 1352 21 49 0
1060 1370 55 75 25'

128 1417 46 75 N.
193 1417 58 75 lat.

81 1462 253 75 BESLERIA,
359 1462 33 75 in
418 1462 131 75 botany,
578 1462 19 75 a
612 1462 98 75 genus
727 1462 40 75 of
786 1462 56 75 the
858 1462 183 75 didynamia
1058 1462 55 75 an-

129 1507 186 75 giofpermia
331 1507 92 75 ciafs.
470 1507 77 75 The
564 1507 86 75 calix
666 1507 27 75 is
710 1507 130 75 divided
851 1507 69 75 into
932 1507 60 75 five
1003 1507 108 75 parts;

128 1555 61 75 and
206 1555 54 75 the
276 1555 96 75 berry
383 1555 159 75 globular,
560 1555 62 75 and
634 1555 142 75 contains
789 1555 92 75 many
898 1555 104 75 feeds.
1038 1555 77 75 The

126 1602 116 75 fpecies
260 1602 53 75 are
334 1602 103 75 three,
461 1602 71 75 viz.
558 1602 55 75 the
630 1602 207 75 melittifolia,
862 1602 56 75 the
933 1602 100 75 lutea,
1051 1602 63 75 and

125 1648 55 75 the
198 1648 137 75 criftata,
362 1648 42 75 all
421 1648 124 75 natives
567 1648 40 75 of
618 1648 163 75 America.

79 1695 237 75 BESORCH,
343 1695 18 75 a
375 1695 71 75 coin
463 1695 39 75 of
514 1695 60 75 tin,
600 1695 36 75 or
646 1695 92 75 Lome
755 1695 127 75 alloyed
903 1695 110 75 metal,
1039 1695 74 75 cur-

127 1739 71 75 rent
214 1739 33 75 at
263 1739 134 75 Ormus,
414 1739 33 75 at
464 1739 55 75 the
536 1739 55 75 the
604 1739 68 75 rate
684 1739 39 75 of
794 1739 86 75 parts
893 1739 39 75 of
940 1739 19 75 a
969 1739 143 75 farthing

126 1785 140 75 fterling.

77 1833 314 75 BESSARABIA,
417 1833 17 75 a
451 1833 148 75 province
617 1833 39 75 of
667 1833 117 75 Turky
802 1833 32 75 in
851 1833 144 75 Europe,
1018 1833 91 75 lying

124 1878 97 75 about
236 1878 55 75 the
307 1878 117 75 feveral
442 1878 128 75 mouths
587 1878 39 75 of
644 1878 56 75 the
720 1878 152 75 Danube.

75 1926 172 75 BESSIS.
299 1926 60 75 See
377 1926 85 75 Bes.

75 1973 159 75 BESSY,
259 1973 61 75 one
336 1973 41 75 of
388 1973 55 75 the
459 1973 156 75 Molucca
631 1973 124 75 iflands,
780 1973 135 75 fituated
934 1973 34 75 in
986 1973 56 75 the
1054 1973 54 75 In-

122 2019 71 75 dian
211 2019 110 75 ocean,
339 2019 31 75 in
392 2019 12 75 1
404 2001 27 49 0
454 2019 53 75 5c/
526 2019 36 75 S.
578 2019 58 75 lat.

73 2065 223 75 BESTAIL,
321 2065 38 75 or
378 2065 188 75 Bestial,
592 2065 33 75 in
642 2065 123 75 ancient
780 2065 148 75 ffatutes,
953 2065 43 75 all
1014 2065 101 75 kinds-

121 2109 39 75 of
174 2109 113 75 beads,
314 2109 37 75 or
378 2109 110 75 cattle,
514 2109 168 75 efpecially
700 2109 89 75 thofe
805 2109 161 75 purveyed
984 2109 52 75 for
1052 2109 66 75 the.

121 2155 104 75 king’s
241 2155 169 75 provifion.

74 2202 259 75 BESTIARII,
351 2202 31 75 in
396 2202 127 75 Roman
536 2202 173 75 antiquity,
727 2202 75 75 fuch
816 2202 33 75 as
863 2202 113 75 fought
989 2202 121 75 againff

120 2247 112 75 beads,
251 2247 37 75 or
304 2247 90 75 thofe
411 2247 74 75 who
501 2247 83 75 were
600 2247 141 75 expofed
754 2247 35 75 to
801 2247 88 75 them
907 2247 42 75 by
962 2247 146 75 fentence

119 2295 40 75 of
171 2295 55 75 the
242 2295 74 75 law.
364 2295 112 75 There
493 2295 84 75 were
593 2295 73 75 four
691 2295 98 75 kinds-
802 2295 39 75 of
865 2295 158 75 bediarii;
1051 2295 56 75 the

118 2341 64 75 fird
198 2341 84 75 were
295 2341 88 75 thofe
400 2341 73 75 who
485 2341 92 75 made
595 2341 17 75 a
629 2341 90 75 trade
736 2341 39 75 of
787 2341 37 75 it,
843 2341 62 75 and
922 2341 115 75 fought
1054 2341 54 75 for

117 2387 135 75 money;
280 2387 55 75 the
351 2387 115 75 fecond
482 2387 84 75 were
585 2387 75 75 fuch
677 2387 109 75 young
806 2387 72 75 men
900 2387 60 75 as,.,
972 2387 35 75 to
1023 2387 84 75 fhew

117 2433 85 75 their
230 2433 139 75 drength
396 2433 61 75 and
474 2433 163 75 dexterity
660 2433 31 75 in
719 2433 170 75 managing
905 2433 84 75 their
1006 2433 102 75 arms,,

117 2479 114 75 fought
248 2479 117 75 againd
380 2479 123 75 beads;
530 2479 55 75 the
602 2479 86 75 third
704 2479 78 75 kind
800 2479 77 75 was,
895 2479 107 75 where
1018 2479 87 75 feve-

116 2526 46 75 ral
182 2526 133 75 bediarii
332 2526 82 75 were
431 2526 44 75 let
491 2526 88 75 loofe
593 2526 32 75 at
642 2526 91 75 once,
759 2526 73 75 well
849 2526 120 75 armed,
987 2526 120 75 againd:

117 2572 16 75 a
152 2572 131 75 number
300 2572 41 75 of
350 2572 123 75 beads;
499 2572 59 75 and
577 2572 55 75 the
657 2572 109 75 fourth
796 2572 77 75 kind
902 2572 83 75 were
1013 2572 91 75 thofe

116 2619 197 75 condemned
330 2619 34 75 to
381 2619 54 75 the
452 2619 111 75 beads,
589 2619 162 75 confiding
776 2619 103 75 either
903 2619 40 75 of
965 2619 146 75 enemies-

116 2665 94 75 taken
229 2665 155 75 prifoners
406 2665 30 75 in
453 2665 90 75 war,,
557 2665 36 75 or
611 2665 33 75 as
664 2665 96 75 being
776 2665 111 75 flaves,
912 2665 61 75 and
999 2665 103 75 guilty

115 2713 39 75 of
167 2713 84 75 fome
267 2713 168 75 enormous
458 2713 118 75 crime;
603 2713 91 75 thofe
719 2713 84 75 were
827 2713 42 75 all
886 2713 139 75 expofed
1046 2713 55 75 na-

114 2758 76 75 ked,
216 2758 60 75 and
302 2758 136 75 without
461 2758 145 75 defence.

66 2806 274 75 BESTRICIA,
366 2806 18 75 a
403 2806 65 75 city
493 2806 40 75 of
555 2806 245 75 Tranfylvania,
826 2806 197 75 remarkable
1050 2806 54 75 for

114 2851 53 75 the
184 2851 77 75 gold
278 2851 99 75 mines
395 2851 74 75 near
490 2851 51 75 it;
579 2851 25 75 it
621 2851 27 75 is
665 2851 135 75 fituated
816 2851 32 75 in
868 2851 40 75 22
908 2833 25 49 0
952 2851 44 75 E.
1011 2851 89 75 long,

114 2898 61 75 and
194 2898 61 75 48°
273 2898 34 75 N
338 2898 58 75 lat.

64 2944 144 75 BETA,
234 2944 56 75 the
306 2944 84 75 beet,
417 2944 31 75 in
468 2944 133 75 botany,
627 2944 16 75 a
661 2944 97 75 genus
776 2944 42 75 of
840 2944 55 75 the
912 2944 191 75 pentandria

112 2993 130 75 digynia
264 2993 91 75 clafs.
403 2993 77 75 The
496 2993 85 75 calix
597 2993 56 75 has
673 2993 74 75 four
767 2993 126 75 leaves;
932 2993 26 75 it
983 2993 58 75 has
1059 2993 42 75 no

1230 202 142 75 corolla;
1399 202 55 75 the
1466 202 88 75 feeds
1567 202 53 75 are
1632 202 113 75 (haped
1758 202 64 75 like
1838 202 148 75 kidneys,
2005 202 61 75 and
2078 202 52 75 are
2144 202 75 75 fim'

1228 250 74 75 ated
1318 250 111 75 within
1442 250 56 75 the
1515 250 73 75 bafe
1605 250 39 75 of
1659 250 55 75 the
1730 250 98 75 calix.
1860 250 113 75 There
1993 250 54 75 are
2064 250 67 75 two
2147 250 74 75 fpe"

1229 295 75 75 cies,
1330 295 70 75 viz.
1427 295 56 75 the
1499 295 159 75 maritima
1681 295 37 75 or
1742 295 154 75 fea-beet,
1922 295 19 75 a
1965 295 107 75 native
2090 295 40 75 of
2142 295 82 75 Bri"

1230 342 65 75 tain
1310 342 11 75 ;
1347 342 60 75 and
1437 342 56 75 the
1520 342 140 75 vulgaris
1685 342 38 75 or
1749 342 96 75 green
1872 342 73 75 beet
1974 342 40 75 of
2036 342 181 75 Bauhinus.

1230 388 104 75 which
1354 388 27 75 is
1399 388 114 75 chiefly
1531 388 175 75 cultivated
1734 388 51 75 for
1810 388 143 75 culinary
1971 388 62 75 ule.
2086 388 130 75 Decoc-

1227 435 84 75 tions
1328 435 40 75 of
1379 435 55 75 the
1450 435 139 75 vulgaris
1606 435 107 75 loofen
1729 435 56 75 the
1802 435 87 75 belly
1903 435 10 75 ;
1941 435 60 75 and
2019 435 99 75 hence
2134 435 84 75 have

1226 482 79 75 been
1323 482 119 75 ranked
1458 482 115 75 among
1600 482 56 75 the
1683 482 164 75 emollient
1873 482 109 75 herbs.
2030 482 77 75 The
2127 482 89 75 juice

1228 529 162 75 exprefled
1408 529 84 75 from
1509 529 54 75 the
1581 529 88 75 roots
1686 529 26 75 is
1730 529 19 75 a
1766 529 155 75 powerful
1939 529 138 75 errhine.

1177 576 273 75 BETANCOS,
1477 576 18 75 a
1523 576 64 75 city
1615 576 40 75 of
1678 576 141 75 Gallicia
1845 576 32 75 in
1906 576 111 75 Spain,
2041 576 33 75 in
2096 576 39 75 8°
2158 576 57 75 50'

1222 622 61 75 W.
1301 622 88 75 long,
1416 622 63 75 and
1496 622 41 75 43
1537 604 20 49 0
1580 622 52 75 15'
1648 622 49 75 N.
1715 622 58 75 lat.

1175 669 193 75 BETAW.
1419 669 61 75 See
1498 669 149 75 Betue.

1175 715 175 75 BETEL,
1377 715 37 75 or
1430 715 147 75 Betle,
1601 715 32 75 in
1651 715 133 75 botany,
1810 715 55 75 the
1881 715 107 75 trivial
2016 715 92 75 name
2136 715 40 75 of
2194 715 20 75 a

1222 761 115 75 fpecies
1355 761 38 75 of
1406 761 101 75 piper.
1558 761 61 75 See
1635 761 134 75 Piper.

1174 809 329 75 BETELFAGUI,
1529 809 19 75 a
1564 809 87 75 town
1668 809 41 75 of
1732 809 123 75 Arabia
1871 809 108 75 Felix,
2010 809 98 75 about
2128 809 81 75 thir-

1220 855 113 75 ty-five
1349 855 127 75 leagues
1497 855 83 75 from
1597 855 136 75 Mocha.

1173 902 323 75 BETHLEHEM,
1527 902 78 75 once
1634 902 19 75 a
1680 902 182 75 flouridling
1884 902 65 75 city
1975 902 40 75 of
2040 902 168 75 Paledine,

1220 947 56 75 but
1291 947 73 75 now
1381 947 75 75 only
1474 947 18 75 a
1510 947 79 75 poor
1604 947 130 75 village,
1760 947 26 75 is
1804 947 61 75 dill
1881 947 96 75 much
2002 947 214 75 frequented,,

1220 994 33 75 as
1271 994 92 75 being
1381 994 54 75 the
1459 994 88 75 place
1570 994 41 75 of
1621 994 60 75 our
1698 994 163 75 Saviour’s
1889 994 87 75 birth
1990 994 10 75 ;
2027 994 26 75 it
2076 994 27 75 is
2131 994 76 75 fitu-

1220 1040 73 75 ated
1310 1040 30 75 in
1361 1040 65 75 36°
1444 1040 44 75 E.
1507 1040 88 75 long,
1621 1040 61 75 and
1703 1040 38 75 31
1741 1022 26 49 0
1788 1040 54 75 30'
1858 1040 48 75 N.
1920 1040 58 75 lat.

1171 1088 245 75 Bethlehem
1443 1088 26 75 is
1487 1088 64 75 alfo
1568 1088 55 75 the
1640 1088 91 75 name
1756 1088 40 75 of
1807 1088 18 75 a
1843 1088 88 75 town
1947 1088 41 75 of
1998 1088 155 75 Brabant,
2173 1088 33 75 in

1219 1134 54 75 the
1289 1134 150 75 Audrian
1457 1134 230 75 Netherlands,
1713 1134 98 75 about
1837 1134 66 75 two
1930 1134 92 75 miles
2050 1134 94 75 north
2169 1134 43 75 of

1217 1180 165 75 Louvain,
1403 1180 131 75 fituated
1552 1180 31 75 in
1600 1180 22 75 4
1622 1162 17 49 0
1661 1180 53 75 35'
1730 1180 45 75 E.
1793 1180 88 75 long,
1908 1180 61 75 and
1989 1180 38 75 51
2038 1162 17 49 0
2074 1180 48 75 N.
2144 1180 58 75 lat.

1167 1229 435 75 BETHLEHEMITES,
1637 1229 31 75 in
1697 1229 270 75 church-hidory,
2006 1229 17 75 a
2051 1229 154 75 religious

1214 1273 106 75 order,
1346 1273 104 75 called
1465 1273 65 75 alfo
1547 1273 237 75 Jlar-bearers,
1810 1273 131 75 becaufe
1959 1273 76 75 they
2051 1273 84 75 were
2152 1273 51 75 di-

1212 1320 187 75 flinguiflied
1415 1320 43 75 by
1476 1320 19 75 a
1519 1320 57 75 red
1598 1320 61 75 dar
1688 1320 76 75 with
1793 1320 60 75 five
1882 1320 95 75 rays,,
1993 1320 106 75 which
2123 1320 80 75 they

1211 1367 86 75 wore
1313 1367 41 75 on
1377 1367 85 75 their
1477 1367 114 75 bread,
1616 1367 31 75 in
1665 1367 147 75 memory
1825 1367 40 75 of
1886 1367 56 75 the
1966 1367 60 75 dar
2050 1367 72 75 that
2145 1367 57 75 ap-

1211 1414 116 75 peared
1344 1414 36 75 to
1396 1414 55 75 the
1468 1414 75 75 wife
1558 1414 85 75 men,
1669 1414 62 75 and
1748 1414 177 75 conduded
1941 1414 87 75 them
2047 1414 34 75 to
2097 1414 103 75 Beth-

1211 1460 117 75 lehem.

1163 1507 249 75 BETHUNE,
1438 1507 20 75 a
1484 1507 85 75 little
1591 1507 140 75 fortified
1756 1507 86 75 town
1871 1507 42 75 of
1934 1507 126 75 Artois,
2085 1507 32 75 in
2143 1507 56 75 the

1213 1552 124 75 French
1366 1552 232 75 Netherlands,
1631 1552 97 75 about
1756 1552 139 75 thirteen
1923 1552 89 75 miles
2041 1552 96 75 north
2166 1552 43 75 of

1210 1600 121 75 Arras,
1363 1600 132 75 fituated
1524 1600 33 75 in
1591 1600 43 75 2°
1667 1600 54 75 35'
1750 1600 44 75 E.
1819 1600 88 75 long,
1953 1600 64 75 and
2047 1600 44 75 50
2091 1582 22 49 6
2144 1600 56 75 32'

1210 1646 46 75 N.
1274 1646 59 75 lat.

1161 1694 189 75 BETLIS,
1377 1694 18 75 a
1414 1694 66 75 city
1496 1694 31 75 in
1545 1694 55 75 the
1617 1694 96 75 north
1731 1694 39 75 of
1795 1694 181 75 Curdidan,
2002 1694 136 75 fituated
2155 1694 41 75 on

1209 1738 16 75 a
1237 1738 84 75 deep
1335 1738 89 75 rock,
1450 1738 33 75 at
1500 1738 55 75 the
1571 1738 93 75 fouth
1683 1738 62 75 end
1760 1738 41 75 of
1813 1738 55 75 the
1883 1738 73 75 lake
1973 1738 86 75 Van,
2084 1738 41 75 on
2139 1738 57 75 the

1208 1787 149 75 frontiers
1384 1787 43 75 f>f
1449 1787 105 75 Perfia
1582 1787 63 75 and
1667 1787 131 75 Turky,
1823 1787 32 75 in
1873 1787 42 75 4.5
1915 1769 21 49 0
1953 1787 45 75 E.
2015 1787 89 75 long.
2131 1787 74 75 and.

1206 1831 61 75 and
1286 1831 42 75 37
1328 1813 24 49 0
1373 1831 55 75 30'
1445 1831 47 75 N.
1511 1831 58 75 lat.

1159 1880 211 75 BETONY,
1396 1880 31 75 in
1443 1880 132 75 botany,
1601 1880 55 75 the
1673 1880 131 75 Englidi
1829 1880 91 75 name
1936 1880 41 75 of
1988 1880 55 75 the
2070 1880 127 75 betoni-

1206 1925 48 75 ca,
1273 1925 62 75 and
1351 1925 40 75 of
1402 1925 120 75 feveral
1539 1925 115 75 fpecies
1672 1925 41 75 of
1724 1925 159 75 veronica.
1910 1925 62 75 See
1988 1925 206 75 Betonica

1206 1972 61 75 and
1284 1972 223 75 Veronica.

1155 2022 399 75 BETROTHMENT,
1587 2022 115 75 among
1730 2022 157 75 civilians,
1920 2022 57 75 the
2003 2022 84 75 fame
2115 2022 91 75 with;

1204 2066 180 75 efpoufals,.

1155 2112 179 75 BETUE,
1353 2112 36 75 or
1405 2112 157 75 Betaw,
1582 2112 17 75 a
1616 2112 137 75 terriory
1770 2112 31 75 in
1819 2112 114 75 Dutch
1952 2112 259 75 Guelderland,^

1202 2157 144 75 between
1364 2157 54 75 the
1438 2157 103 75 rivers
1555 2157 112 75 Maefe
1690 2157 63 75 and
1781 2157 106 75 Lech,
1912 2157 153 75 fuppofed
2091 2157 34 75 to
2150 2157 56 75 be-

1202 2203 54 75 the
1274 2203 125 75 ancient
1416 2203 148 75 Batavia.

1154 2252 213 75 BETULA,
1394 2252 37 75 or
1448 2252 44 75 Bi
1502 2252 187 75 rch-tree,.
1702 2252 32 75 in
1758 2252 131 75 botany,
1917 2252 18 75 a
1959 2252 98 75 genus
2074 2252 41 75 of
2134 2252 57 75 the

1202 2298 156 75 monoecia
1371 2298 174 75 tetrandria
1556 2298 91 75 clafs.
1675 2298 77 75 The
1764 2298 85 75 calix
1862 2298 40 75 of
1919 2298 55 75 the
1988 2298 81 75 male
2080 2298 111 75 flower

1201 2344 57 75 has
1268 2344 57 75 but
1335 2344 60 75 one
1409 2344 88 75 trifid
1508 2344 76 75 leaf,
1595 2344 62 75 and
1669 2344 131 75 inclofes
1814 2344 91 75 three
1917 2344 144 75 flowers;
2072 2344 54 75 the
2136 2344 55 75 co-

1202 2390 80 75 rolla
1294 2390 125 75 confids
1431 2390 138 75 likewife
1582 2390 40 75 of
1630 2390 60 75 one
1702 2390 70 75 leaf
1783 2390 53 75 cut
1849 2390 69 75 into
1931 2390 73 75 four
2016 2390 186 75 fegmcnts..

1200 2437 77 75 The
1305 2437 86 75 calix
1417 2437 41 75 of
1479 2437 56 75 the
1564 2437 113 75 female
1705 2437 26 75 is
1759 2437 104 75 trifid,
1885 2437 62 75 and
1971 2437 133 75 inclofes
2122 2437 65 75 two

1200 2484 123 75 flowers
1339 2484 10 75 ;
1387 2484 61 75 and
1466 2484 56 75 the
1538 2484 73 75 feed
1627 2484 26 75 is
1670 2484 238 75 membranous,
1933 2484 62 75 and
2012 2484 107 75 alated
2145 2484 56 75 on;

1200 2531 77 75 each
1305 2531 74 75 fide.
1440 2531 77 75 The
1544 2531 117 75 fpecies
1690 2531 54 75 are
1771 2531 82 75 five,
1870 2531 85 75 viz.,
1966 2531 57 75 tire
2050 2531 73 75 alba
2149 2531 38 75 or

1200 2578 193 75 birch-tree,
1416 2578 18 75 a
1457 2578 106 75 native
1580 2578 37 75 of
1630 2578 125 75 Britain
1770 2578 11 75 ;
1808 2578 56 75 the
1884 2578 102 75 nigra,
2008 2578 63 75 and
2087 2578 98 75 lenta,

1199 2623 78 75 both
1296 2623 121 75 natives
1439 2623 41 75 of
1499 2623 171 75 America;
1698 2623 54 75 the
1769 2623 93 75 nana,
1888 2623 18 75 a
1922 2623 106 75 native
2045 2623 39 75 of
2096 2623 88 75 Lap-

1197 2670 87 75 land,
1310 2670 118 75 Ruflia,
1454 2670 62 75 and
1533 2670 160 75 Sweden;
1720 2670 63 75 and
1810 2670 58 75 the
1883 2670 102 75 alnus,
2009 2670 140 75 likewife
2166 2670 19 75 a

1198 2717 104 75 native
1319 2717 39 75 of
1369 2717 160 75 Lapland.
1577 2717 77 75 The
1672 2717 78 75 bark
1762 2717 41 75 of
1812 2717 56 75 the
1881 2717 138 75 alba,.or
2035 2717 148 75 common

1197 2765 188 75 birch-tree,
1411 2765 26 75 is
1455 2765 18 75 a
1488 2765 114 75 highly
1618 2765 214 75 inflammable
1848 2765 160 75 fubdance
2020 2765 9 75 ;
2057 2765 58 75 but
2142 2765 42 75 its

1197 2813 134 75 medical
1347 2813 120 75 virtues
1490 2813 53 75 are
1568 2813 86 75 little
1682 2813 128 75 known.
1860 2813 101 75 Upon
1985 2813 115 75 boring
2128 2813 56 75 the

1197 2858 97 75 trunk
1311 2858 30 75 in
1359 2858 55 75 the
1439 2858 56 75 the
1519 2858 173 75 beginning
1709 2858 39 75 of
1760 2858 117 75 fpring,
1904 2858 18 75 a
1938 2858 140 75 fweetiih
2092 2858 89 75 juice

1196 2904 91 75 iffues
1304 2904 87 75 forth
1409 2904 31 75 in
1458 2904 90 75 great
1565 2904 172 75 quantities
1753 2904 10 75 ;
1791 2904 64 75 one
1866 2904 120 75 branch
2004 2904 65 75 will
2087 2904 106 75 bleed:

1196 2954 38 75 an
1251 2954 131 75 Engliflr
1399 2954 106 75 gallon
1534 2954 37 75 or
1594 2954 87 75 more
1698 2954 32 75 in
1760 2954 16 75 a
1805 2954 76 75 day.
1930 2954 85 75 This
2041 2954 86 75 juice
2155 2954 27 75 is

1195 2999 114 75 chiefly
1326 2999 247 75 recommended
1588 2999 33 75 in
1640 2999 164 75 fcorbutio
1816 2999 173 75 diforders,
2015 2999 183 75 andotherr

2094 3051 83 75 foui-
