2428 3377
150 154 78 75 248

691 154 356 75 ANA
1158 154 39 75 T

195 236 158 75 Sect,
385 236 48 75 II.
493 236 65 75 Of
582 236 66 75 the
678 236 228 75 particular
942 236 200 75 Nerves.

197 312 43 75 It
269 312 27 75 is
320 312 163 75 generally
509 312 78 75 faid,
621 312 72 75 that
726 312 92 75 there
857 312 53 75 are
935 312 90 75 forty
1052 312 68 75 pair
1147 312 41 75 of

151 358 111 75 nerves
280 358 32 75 in
329 358 64 75 all;
419 358 40 75 of
478 358 106 75 which
600 358 54 75 ten
671 358 90 75 come
776 358 60 75 out
854 358 84 75 from
954 358 55 75 the
1026 358 155 75 encepha-

149 404 68 75 lon,
247 404 63 75 and
335 404 54 75 the
414 404 94 75 other
532 404 102 75 thirty
672 404 81 75 have
779 404 85 75 their
896 404 103 75 origin
1018 404 85 75 from
1128 404 54 75 the

152 450 99 75 fpinal
268 450 150 75 marrow.

694 450 14 75 *

199 498 52 75 Of
262 498 55 75 the
333 498 55 75 ten
404 498 68 75 pair
484 498 38 75 of
543 498 110 75 nerves
671 498 104 75 which
793 498 89 75 come
906 498 84 75 from
1018 498 56 75 the
1091 498 91 75 ence-

152 543 131 75 phalon,
308 543 56 75 the
387 543 69 75 firji
471 543 26 75 is
523 543 55 75 the
602 543 259 75 Olfactory,
878 543 106 75 which
1001 543 81 75 have
1099 543 84 75 their

151 589 103 75 origin
273 589 84 75 from
369 589 54 75 the
440 589 136 75 corpora
592 589 118 75 ftriata,
736 589 75 75 near
838 589 56 75 the
910 589 71 75 part
1003 589 116 75 where
1127 589 56 75 the

151 635 137 75 internal
297 635 123 75 carotid
433 635 130 75 arteries
572 635 53 75 are
637 635 97 75 alrout
744 635 35 75 to
791 635 76 75 fend
876 635 51 75 off
936 635 82 75 their
1027 635 155 75 branches

153 682 35 75 to
215 682 55 75 the
287 682 148 75 different
451 682 88 75 parts
565 682 40 75 of
624 682 56 75 the
696 682 111 75 brain;
835 682 62 75 and
923 682 33 75 in
972 682 84 75 their
1072 682 111 75 courfe

152 728 101 75 under
270 728 55 75 the
345 728 140 75 anterior
499 728 89 75 lobes
605 728 40 75 of
656 728 55 75 the
728 728 102 75 brain,
856 728 105 75 which
978 728 80 75 have
1070 728 77 75 each
1164 728 19 75 a

150 774 173 75 depreffion
339 774 92 75 made
459 774 52 75 for
533 774 133 75 lodging
697 774 101 75 them,
823 774 132 75 become
981 774 117 75 larger,
1131 774 52 75 till

151 821 78 75 they
244 821 54 75 are
325 821 163 75 extended
508 821 37 75 to
567 821 56 75 the
646 821 181 75 cribriform
851 821 103 75 bone;
981 821 107 75 where
1105 821 79 75 they

152 867 73 75 fplit
256 867 69 75 into
353 867 19 75 a
399 867 89 75 great
516 867 133 75 number
676 867 41 75 of
739 867 89 75 fmall
855 867 168 75 filaments,
1054 867 36 75 to
1112 867 70 75 pafs

151 914 141 75 through
317 914 55 75 the
387 914 85 75 little
499 914 90 75 holes
606 914 33 75 in
655 914 72 75 that
743 914 104 75 bone;
874 914 62 75 and
959 914 95 75 being
1068 914 115 75 joined

150 961 44 75 by
211 961 18 75 a
245 961 119 75 branch
376 961 40 75 of
427 961 55 75 the
499 961 72 75 fifth
589 961 67 75 pair
668 961 40 75 of
728 961 123 75 nerves,
876 961 53 75 are
946 961 112 75 fpread
1074 961 41 75 on
1126 961 57 75 the

152 1008 182 75 membrane
354 1008 40 75 of
414 1008 55 75 the
490 1008 86 75 nofe.

197 1054 77 75 The
302 1054 112 75 tender
431 1054 152 75 ftrudlure
606 1054 62 75 and
695 1054 122 75 hidden
841 1054 168 75 expahfion
1037 1054 40 75 of
1096 1054 87 75 thefe

152 1100 112 75 nerves
288 1100 43 75 on
346 1100 77 75 fuch
451 1100 20 75 a
492 1100 89 75 large
608 1100 135 75 furface,
775 1100 114 75 render
906 1100 26 75 it
956 1100 171 75 impoflible
1147 1100 36 75 to

151 1146 87 75 trace
254 1146 89 75 them
354 1146 69 75 far;
448 1146 108 75 which
567 1146 58 75 has
642 1146 93 75 made
752 1146 86 75 fome
854 1146 130 75 authors
1002 1146 84 75 deny
1094 1146 89 75 them

151 1192 36 75 to
203 1192 40 75 be
260 1192 131 75 nerves:
419 1192 68 75 But
503 1192 93 75 when
617 1192 49 75 we
690 1192 100 75 break
813 1192 56 75 the
886 1192 246 75 circumference
1148 1192 41 75 of

153 1239 55 75 the
226 1239 181 75 cribriform
427 1239 137 75 lamella,
591 1239 156 75 and'then
764 1239 110 75 gently
891 1239 128 75 raifeit,
1045 1239 47 75 we
1110 1239 74 75 may

152 1284 50 75 fee
219 1284 55 75 the
287 1284 201 75 diflribution
504 1284 40 75 of
557 1284 54 75 the
624 1284 111 75 nerves
751 1284 85 75 fome
852 1284 73 75 way
942 1284 42 75 on
1007 1284 57 75 the
1083 1284 99 75 mem-

152 1331 96 75 brane
264 1331 40 75 of
315 1331 55 75 the
387 1331 85 75 nofe.

196 1375 76 75 The
294 1375 202 75 contrivance
523 1375 40 75 of
581 1375 172 75 defending
774 1375 88 75 thefe
889 1375 76 75 long
982 1375 62 75 foft
1070 1375 112 75 nerves

152 1424 84 75 from
253 1424 95 75 being
362 1424 56 75 too
432 1424 94 75 much
546 1424 120 75 prefled
682 1424 43 75 by
741 1424 56 75 the
814 1424 136 75 anterior
963 1424 89 75 lobes
1069 1424 39 75 of
1127 1424 56 75 the

152 1471 88 75 brain
262 1471 101 75 under
391 1471 105 75 which
524 1471 78 75 they
629 1471 55 75 lie,
710 1471 27 75 is
765 1471 156 75 Angular;
948 1471 131 75 becaufe
1103 1471 81 75 they

151 1517 80 75 have
259 1517 58 75 not
343 1517 77 75 only
446 1517 56 75 the
534 1517 179 75 prominent
739 1517 122 75 orbitar
888 1517 152 75 procefles
1068 1517 40 75 of
1127 1517 56 75 the

151 1564 119 75 frontal
287 1564 81 75 bone
385 1564 35 75 to
443 1564 131 75 fupport
589 1564 57 75 the
662 1564 89 75 brain
768 1564 41 75 on
837 1564 76 75 each
932 1564 74 75 fide,
1031 1564 79 75 with
1127 1564 55 75 the

151 1611 89 75 veins
263 1611 98 75 going
388 1611 69 75 into
483 1611 56 75 the
562 1611 211 75 longitudinal
798 1611 93 75 finus,
923 1611 62 75 and
1013 1611 93 75 other
1134 1611 48 75 at-

152 1656 177 75 tachments
345 1656 130 75 bearing
491 1656 25 75 it
532 1656 55 75 up,
612 1656 59 75 but
687 1656 90 75 there
792 1656 27 75 is
837 1656 18 75 a
871 1656 118 75 groove
1007 1656 126 75 formed
1148 1656 33 75 in

153 1701 77 75 each
248 1701 72 75 lobe
336 1701 39 75 of
382 1701 55 75 the
449 1701 90 75 brain
556 1701 90 75 itfelf
658 1701 51 75 for
725 1701 88 75 them
825 1701 35 75 to
872 1701 95 75 lodge
983 1701 32 75 in
1028 1701 155 75 •—Their

152 1748 144 75 fplitting
311 1748 67 75 into
394 1748 34 75 fo
451 1748 94 75 many
572 1748 92 75 fmall
679 1748 154 75 branches
862 1748 110 75 before
989 1748 82 75 they
1092 1748 91 75 enter

152 1795 56 75 the
228 1795 98 75 bones
342 1795 40 75 of
393 1795 55 75 the
465 1795 65 75 flail
533 1795 25 75 1,
583 1795 26 75 is
625 1795 139 75 likewife
781 1795 139 75 peculiar
946 1795 35 75 to
997 1795 87 75 them
1098 1795 11 75 ;
1131 1795 52 75 for

153 1841 162 75 generally
331 1841 56 75 the
403 1841 111 75 nerves
530 1841 91 75 come
648 1841 84 75 from
749 1841 54 75 the
823 1841 90 75 brain
932 1841 31 75 in
980 1841 202 75 difgregated

152 1887 169 75 filaments,
346 1887 63 75 and
424 1887 88 75 unite
528 1887 69 75 into
614 1887 106 75 cords,
746 1887 34 75 as
792 1887 77 75 they
885 1887 52 75 are
954 1887 96 75 going
1068 1887 57 75 out
1148 1887 33 75 at

153 1934 55 75 the
224 1934 90 75 holes
331 1934 39 75 of
376 1934 55 75 the
448 1934 111 75 bones.
604 1934 88 75 This
714 1934 204 75 contrivance
932 1934 27 75 is
976 1934 55 75 the
1048 1934 64 75 bell
1129 1934 52 75 for

154 1979 172 75 anfwering
337 1979 55 75 the
403 1979 133 75 purpofe
552 1979 79 75 they
646 1979 53 75 are
715 1979 147 75 defigned
878 1979 65 75 for,
968 1979 40 75 of
1020 1979 93 75 being
1126 1979 55 75 the

153 2025 99 75 organ
264 2025 40 75 of
322 2025 165 75 finelling;
514 2025 51 75 for
581 2025 63 75 had
661 2025 77 75 they
753 2025 79 75 been
849 2025 168 75 expanded
1028 2025 84 75 upon
1124 2025 56 75 the

153 2071 179 75 membrane
349 2071 40 75 of
400 2071 55 75 the
472 2071 73 75 nofe
561 2071 67 75 into
646 2071 18 75 a
680 2071 178 75 medullary
874 2071 83 75 web,
982 2071 75 75 fuch
1075 2071 33 75 as
1125 2071 55 75 the

154 2118 86 75 optic
267 2118 94 75 nerve
390 2118 113 75 forms,
528 2118 25 75 it
578 2118 107 75 would
712 2118 81 75 have
817 2118 79 75 been
920 2118 57 75 too
1000 2118 129 75 fenfible
1146 2118 35 75 to

153 2164 76 75 bear
244 2164 55 75 the
314 2164 190 75 impreflions
522 2164 40 75 of
581 2164 74 75 fuch
669 2164 173 75 objects-as
860 2164 52 75 are
929 2164 125 75 applied
1068 2164 36 75 to
1127 2164 54 75 the

154 2210 95 75 nofe;
276 2210 62 75 and
363 2210 17 75 a
396 2210 199 75 diftribution
612 2210 33 75 in
660 2210 56 75 the
732 2210 89 75 more
838 2210 146 75 common
1004 2210 83 75 way,
1113 2210 40 75 of
1164 2210 19 75 a

153 2256 79 75 cord
259 2256 130 75 fending
406 2256 51 75 off
479 2256 167 75 branches,
673 2256 106 75 would
807 2256 58 75 not
891 2256 80 75 have
991 2256 80 75 been
1087 2256 95 75 equal

156 2302 125 75 enough
295 2302 50 75 for
361 2302 75 75 fuch
454 2302 38 75 an
505 2302 98 75 organ
620 2302 34 75 of
678 2302 167 75 fenfation.

199 2348 76 75 The
295 2348 121 75 fecond
434 2348 67 75 pair
517 2348 40 75 of
576 2348 124 75 nerves,
725 2348 56 75 the
806 2348 141 75 Optic,
981 2348 95 75 rifing
1099 2348 85 75 from

159 2395 54 75 the
241 2395 130 75 thalami
388 2395 167 75 nervorum
572 2395 193 75 opticorum,
781 2395 92 75 make
885 2395 18 75 a
912 2395 86 75 large
1012 2395 95 75 curve
1115 2395 72 75 out-

157 2440 116 75 wards,
299 2440 64 75 and
396 2440 75 75 then
488 2440 59 75 run
570 2440 167 75 obliquely
759 2440 138 75 inwards
933 2440 61 75 and
1016 2440 170 75 forwards,

156 2485 50 75 riil
223 2485 78 75 they
311 2485 87 75 unite
416 2485 32 75 at
464 2485 55 75 the
536 2485 155 75 fore-part
708 2485 40 75 of
759 2485 56 75 the
838 2485 76 75 fella
930 2485 152 75 Turcica;
1109 2485 77 75 then

155 2534 76 75 foon
244 2534 119 75 divide,
389 2534 62 75 and
462 2534 75 75 each
556 2534 74 75 runs
648 2534 164 75 obliquely
835 2534 156 75 forwards
1023 2534 63 75 and
1113 2534 71 75 out-

156 2579 103 75 wards
283 2579 36 75 to
334 2579 41 75 go
398 2579 56 75 out
471 2579 33 75 at
520 2579 41 75 its
578 2579 115 75 proper
707 2579 77 75 hole
799 2579 33 75 in
848 2579 55 75 the
920 2579 153 75 fphenoid
1088 2579 95 75 bone,

157 2623 225 75 accompanied
408 2623 79 75 with
503 2623 57 75 the
576 2623 108 75 ocular
709 2623 119 75 artery,
853 2623 36 75 to
906 2623 40 75 be
962 2623 160 75 extended
1150 2623 35 75 to

156 2674 55 75 the
227 2674 95 75 globe
339 2674 39 75 of
390 2674 55 75 the
461 2674 71 75 eye,
558 2674 111 75 within
686 2674 106 75 which
803 2674 79 75 each
894 2674 27 75 is
933 2674 168 75 expanded
1117 2674 68 75 into

158 2719 18 75 a
191 2719 79 75 very
285 2719 61 75 fine
364 2719 126 75 cuplike
522 2719 82 75 web,
630 2719 69 75 that
723 2719 79 75 lines
827 2719 41 75 all
894 2719 56 75 the
966 2719 96 75 infide
1079 2719 40 75 of
1132 2719 54 75 the

157 2765 57 75 eve
240 2765 33 75 as
299 2765 49 75 far
372 2765 155 75 forwards
549 2765 32 75 as
599 2765 55 75 the
678 2765 111 75 ciliary
805 2765 107 75 circle,
939 2765 63 75 and
1017 2765 27 75 is
1061 2765 124 75 univer-

157 2812 78 75 fally
251 2812 116 75 known
379 2812 44 75 by
440 2812 54 75 the
511 2812 91 75 name
614 2812 40 75 of
668 2812 170 75 Retina.

202 2855 143 75 Though
363 2855 53 75 the
435 2855 156 75 fubftance
609 2855 42 75 of
668 2855 63 75 this
748 2855 68 75 pair
833 2855 40 75 of
895 2855 110 75 nerves
1022 2855 99 75 feems
1149 2855 35 75 to

157 2903 40 75 be
213 2903 137 75 blended
367 2903 32 75 at
417 2903 55 75 the
499 2903 90 75 place
605 2903 107 75 where
728 2903 77 75 they
822 2903 52 75 are
894 2903 134 75 joined;
1053 2903 56 75 yet
1125 2903 58 75 ob-

157 2947 169 75 fervations
343 2947 39 75 of
401 2947 111 75 people
536 2947 105 75 whofe
653 2947 85 75 optic
755 2947 110 75 nerves
888 2947 84 75 were
990 2947 56 75 not
1058 2947 124 75 joined,

155 2996 64 75 and
235 2996 40 75 of
286 2996 107 75 others
411 2996 74 75 who
498 2996 83 75 were
598 2996 89 75 blind
699 2996 39 75 of
757 2996 59 75 one
833 2996 58 75 eye
907 2996 85 75 from
1009 2996 17 75 a
1054 2996 81 75 fault
1147 2996 38 75 in

1312 157 39 75 o
1467 157 49 75 M
1628 157 54 75 Y.

1962 157 12 75 '
2089 157 98 75 Part
2207 157 53 75 V.

1232 221 54 75 the
1302 221 88 75 optic
1406 221 108 75 nerve,
1539 221 37 75 or
1592 221 33 75 in
1652 221 90 75 thofe
1769 221 73 75 who
1865 221 66 75 had
1947 221 60 75 one
2035 221 41 75 of
2086 221 84 75 their
2185 221 73 75 eyes

1230 265 95 75 taken
1337 265 69 75 out,
1432 265 92 75 make
1535 265 26 75 it
1578 265 126 75 appear,
1730 265 70 75 that
1817 265 90 75 there
1925 265 26 75 is
1964 265 42 75 no
2022 265 75 75 fuch
2115 265 146 75 intimate

1230 311 95 75 union
1344 311 39 75 of
1402 311 182 75 fubltance;
1611 311 56 75 the
1682 311 87 75 optic
1795 311 95 75 nerve
1907 311 40 75 of
1965 311 54 75 the
2047 311 134 75 affected
2197 311 63 75 fide

1230 358 75 75 only
1321 358 95 75 being
1440 358 127 75 wafted,
1586 358 95 75 while
1696 358 56 75 the
1768 358 92 75 other
1876 358 64 75 was
1953 358 88 75 large
2058 358 61 75 and
2137 358 119 75 plump.

1231 404 78 75 And
1331 404 56 75 the
1403 404 84 75 fame
1503 404 215 75 oblervations
1736 404 53 75 are
1806 404 235 75 contradictory
2057 404 35 75 to
2108 404 56 75 the
2181 404 76 75 doc-

1231 450 82 75 trine
1329 450 41 75 of
1392 450 18 75 a
1426 450 193 75 decuffation
1647 450 39 75 of
1705 450 43 75 all
1771 450 55 75 the
1842 450 124 75 nerves,
1994 450 53 75 for
2071 450 55 75 the
2142 450 117 75 difeafe

1230 496 97 75 could
1338 496 39 75 be
1392 496 111 75 traced
1518 496 85 75 from
1620 496 54 75 the
1687 496 134 75 affeCted
1836 496 58 75 eye
1910 496 35 75 to
1961 496 56 75 the
2033 496 102 75 origin
2152 496 41 75 of
2205 496 55 75 the

1211 543 115 75 -.nerve
1338 543 41 75 on
1397 543 54 75 the
1467 543 84 75 fame
1563 543 74 75 fide.

1277 589 108 75 Thefe
1401 589 113 75 people
1532 589 104 75 whofe
1653 589 86 75 optic
1751 589 111 75 nerves
1881 589 85 75 were
1982 589 56 75 not
2052 589 123 75 joined,
2200 589 58 75 ha-

1230 634 75 75 ving
1322 634 125 75 neither
1461 634 71 75 feen
1549 634 120 75 objects
1699 634 131 75 double,
1855 634 59 75 nor
1940 634 115 75 turned
2079 634 83 75 their
2184 634 75 75 eyes

1229 681 150 75 different
1390 681 100 75 ways,
1515 681 26 75 is
1555 681 64 75 alfo
1635 681 18 75 a
1669 681 83 75 plain
1768 681 104 75 proof,
1900 681 70 75 that
1986 681 54 75 the
2057 681 200 75 conjundion

1230 726 39 75 of
1287 726 56 75 the
1359 726 88 75 optic
1462 726 112 75 nerves
1601 726 67 75 will
1685 726 56 75 not
1757 726 87 75 ferve
1860 726 36 75 to
1923 726 134 75 account
2080 726 51 75 for
2157 726 103 75 either

1228 773 55 75 the
1299 773 140 75 uniform
1461 773 137 75 motions
1615 773 41 75 of
1673 773 59 75 our
1752 773 87 75 eyes,
1864 773 37 75 or
1928 773 59 75 our
2011 773 105 75 feeing
2137 773 122 75 objeds

1228 819 96 75 Angle
1340 819 78 75 with
1434 819 66 75 two
1515 819 88 75 eyes.

1274 865 77 75 The
1367 865 102 75 retina
1485 865 40 75 of
1544 865 19 75 a
1584 865 110 75 recent
1716 865 71 75 eye,
1812 865 138 75 without
1967 865 63 75 any
2045 865 213 75 preparation,

1230 911 129 75 appears
1378 911 18 75 a
1413 911 78 75 very
1506 911 61 75 fine
1584 911 83 75 web,
1692 911 80 75 with
1789 911 85 75 fom.e
1890 911 226 75 blood-veffels
2133 911 127 75 coming

1228 957 85 75 from
1325 957 41 75 its
1379 957 108 75 center
1502 957 36 75 to
1553 957 40 75 be
1609 957 188 75 dillributed
1812 957 42 75 on
1865 957 48 75 it;
1938 957 71 75 but,
2035 957 83 75 after
2134 957 18 75 a
2171 957 87 75 good

1229 1004 148 75 injection
1394 1004 40 75 of
1444 1004 56 75 the
1517 1004 129 75 arteries
1663 1004 71 75 that
1750 1004 58 75 run
1831 1004 32 75 in
1882 1004 57 75 the
1954 1004 160 75 fubftance
2141 1004 41 75 of
2192 1004 65 75 this

1229 1050 108 75 nerve,
1362 1050 34 75 as
1413 1050 26 75 is
1457 1050 147 75 common
1620 1050 36 75 to
1672 1050 93 75 other
1780 1050 125 75 nerves,
1930 1050 25 75 it
1975 1050 26 75 is
2025 1050 80 75 with
2121 1050 135 75 difficul-

1230 1096 36 75 ty
1281 1096 71 75 that
1370 1096 48 75 we
1435 1096 58 75 can
1516 1096 78 75 obfe'
1594 1096 51 75 rve
1661 1096 42 75 its
1727 1096 135 75 nervous
1880 1096 178 75 medullary
2084 1096 173 75 fubftance.

1228 1144 123 75 —The
1367 1144 147 75 fituation
1530 1144 40 75 of
1581 1144 88 75 thefe
1684 1144 110 75 vefl’els
1811 1144 32 75 in
1860 1144 55 75 the
1932 1144 118 75 central
2063 1144 70 75 part
2149 1144 41 75 of
2202 1144 55 75 the

1230 1190 87 75 optic
1335 1190 106 75 nerve,
1474 1190 56 75 the
1546 1190 86 75 want
1654 1190 40 75 of
1705 1190 178 75 medullary
1899 1190 93 75 fibres
2009 1190 89 75 here,
2123 1190 62 75 and
2201 1190 55 75 the

1229 1235 139 75 firmnefs
1392 1235 40 75 of
1444 1235 63 75 this
1525 1235 95 75 nerve
1637 1235 110 75 before
1763 1235 25 75 it
1816 1235 27 75 is
1860 1235 167 75 expanded
2045 1235 32 75 at
2104 1235 41 75 its
2162 1235 94 75 entry

1229 1281 67 75 into
1314 1281 55 75 the
1397 1281 63 75 ball
1477 1281 40 75 of
1528 1281 55 75 the
1599 1281 71 75 eye,
1695 1281 74 75 may
1792 1281 39 75 be
1848 1281 55 75 the
1921 1281 107 75 reafon
2046 1281 75 75 why
2137 1281 49 75 we
2212 1281 43 75 do

1229 1327 55 75 not
1300 1327 51 75 fee
1366 1327 76 75 fuch
1468 1327 124 75 bodies,
1618 1327 37 75 or
1679 1327 86 75 parts
1797 1327 41 75 qf
1855 1327 124 75 bodies,
2003 1327 106 75 whofe
2137 1327 119 75 picture

1227 1374 72 75 falls
1317 1374 42 75 on
1375 1374 64 75 this
1456 1374 120 75 central
1593 1374 70 75 part
1681 1374 39 75 of
1731 1374 55 75 the
1803 1374 113 75 retina.

1274 1422 76 75 The
1365 1422 134 75 Third
1517 1422 98 75 Pair
1645 1422 59 75 rife
1719 1422 84 75 from
1820 1422 56 75 the
1892 1422 140 75 anterior
2048 1422 70 75 part
2134 1422 41 75 of
2200 1422 57 75 the

1228 1467 156 75 proceffus
1402 1467 170 75 annularis,
1599 1467 61 75 and
1676 1467 141 75 piercing
1832 1467 55 75 the
1911 1467 81 75 dura
2018 1467 102 75 mater
2138 1467 20 75 a
2172 1467 86 75 little

1229 1513 121 75 before,
1376 1513 62 75 and
1464 1513 33 75 to
1515 1513 17 75 a
1548 1513 63 75 fide
1628 1513 39 75 of
1675 1513 54 75 tjie
1741 1513 77 75 ends
1835 1513 41 75 of
1887 1513 53 75 the
1969 1513 153 75 pofterior
2137 1513 120 75 clinoid

1233 1560 124 75 procefs
1376 1560 41 75 of
1442 1560 57 75 the
1510 1560 152 75 fphenoid
1674 1560 95 75 bone,
1795 1560 58 75 run
1866 1560 95 75 along
1972 1560 55 75 the
2044 1560 210 75 receptacula,

1228 1604 37 75 or
1282 1604 172 75 cavernous
1486 1604 124 75 finufes,
1635 1604 33 75 at
1696 1604 55 75 the
1767 1604 63 75 fide
1855 1604 39 75 of
1915 1604 54 75 the
2000 1604 194 75 ephippium,
2220 1604 34 75 to

1228 1651 54 75 get
1298 1651 57 75 out
1368 1651 32 75 at
1416 1651 55 75 the
1488 1651 154 75 foramina
1653 1651 122 75 lacera;
1801 1651 83 75 after
1896 1651 105 75 which
2025 1651 78 75 each
2119 1651 135 75 oHhera

1229 1699 121 75 divides
1375 1699 69 75 into
1471 1699 167 75 branches,
1663 1699 40 75 of
1722 1699 106 75 which
1857 1699 73 75 one,
1956 1699 83 75 after
2070 1699 139 75 forming
2236 1699 19 75 a

1228 1744 82 75 little
1322 1744 162 75 ganglion,
1510 1744 25 75 is
1553 1744 187 75 diftributed
1756 1744 35 75 to
1804 1744 55 75 the
1870 1744 95 75 globe
1981 1744 40 75 of
2032 1744 55 75 the
2099 1744 79 75 eye;
2198 1744 55 75 the

1227 1790 109 75 others
1354 1790 53 75 are
1422 1790 68 75 fent
1506 1790 36 75 to
1569 1790 55 75 the
1648 1790 158 75 mufculus
1834 1790 101 75 reCtus
1953 1790 40 75 of
2011 1790 56 75 the
2091 1790 162 75 palpebra,

1227 1835 61 75 and
1304 1835 36 75 to
1356 1835 56 75 the
1440 1835 163 75 attollens,
1629 1835 164 75 adduCtor,
1811 1835 190 75 deprimens,
2028 1835 62 75 and
2106 1835 148 75 obliquus

1226 1882 102 75 minor
1336 1882 133 75 mufcles
1481 1882 41 75 of
1533 1882 55 75 the
1600 1882 151 75 eye-ball.
1769 1882 107 75 Thefe
1884 1882 132 75 mufcles
2034 1882 93 75 bsjng
2138 1882 115 75 princi-

1226 1926 50 75 pal
1288 1926 199 75 inftruments
1502 1926 32 75 in
1548 1926 55 75 the
1621 1926 137 75 motions
1768 1926 41 75 of
1828 1926 56 75 the
1893 1926 120 75 eye-lid
2025 1926 62 75 and
2098 1926 152 75 eye-ball,

1224 1973 63 75 this
1300 1973 95 75 nerve
1412 1973 56 75 has
1487 1973 162 75 therefore
1661 1973 58 75 got
1731 1973 54 75 the
1802 1973 92 75 name
1910 1973 41 75 of
1960 1973 56 75 the
2032 1973 153 75 Motor
2205 1973 48 75 O-

1226 2019 105 75 culi.

1271 2065 76 75 The
1359 2065 163 75 Fourth
1541 2065 112 75 Pair,
1677 2065 106 75 which
1801 2065 124 75 are,the
1941 2065 135 75 fmalleft
2092 2065 110 75 nerves
2218 2065 42 75 of

1226 2111 74 75 any,
1324 2111 108 75 derive
1448 2111 84 75 their
1548 2111 103 75 origin
1667 2111 84 75 from
1764 2111 55 75 the
1835 2111 171 75 back-part
2022 2111 39 75 of
2073 2111 134 75 thebafe
2219 2111 40 75 of

1227 2158 55 75 the
1306 2158 114 75 teftes;
1446 2158 63 75 and
1524 2158 76 75 then
1618 2158 129 75 making
1763 2158 18 75 a
1796 2158 77 75 long
1889 2158 109 75 courfe
2014 2158 41 75 on
2071 2158 55 75 the
2142 2158 61 75 fide
2220 2158 41 75 of

1226 2203 55 75 the
1293 2203 132 75 annular
1441 2203 228 75 protuberance
1680 2203 90 75 enter
1786 2203 55 75 the
1856 2203 80 75 dura
1945 2203 100 75 mater
2061 2203 18 75 a
2089 2203 85 75 little
2189 2203 66 75 far-

1227 2250 73 75 ther
1316 2250 93 75 back,
1428 2250 62 75 and
1505 2250 88 75 more
1604 2250 181 75 externally
1796 2250 77 75 than
1890 2250 243 75 thethirdpart,
2151 2250 34 75 to
2196 2250 58 75 run

1228 2297 64 75 alfo
1309 2297 94 75 along
1419 2297 56 75 the
1490 2297 211 75 receptacula,
1727 2297 35 75 to
1779 2297 66 75 pafs
1858 2297 57 75 out
1927 2297 31 75 at
1975 2297 55 75 the
2043 2297 155 75 foramina
2206 2297 47 75 la-

1200 2343 16 75 ~
1228 2343 84 75 cera,
1337 2343 63 75 and
1413 2343 34 75 to
1463 2343 40 75 be
1519 2343 137 75 entirely
1669 2343 90 75 fpent
1770 2343 41 75 on
1827 2343 55 75 the
1898 2343 132 75 mufculi
2046 2343 207 75 trochleares,

1229 2388 38 75 or
1290 2388 141 75 fuperior
1459 2388 129 75 oblique
1616 2388 131 75 mufcles
1772 2388 40 75 of
1834 2388 55 75 the
1921 2388 87 75 eyes.
2048 2388 107 75 Thefe
2172 2388 81 75 muf-

1230 2435 63 75 cles
1310 2435 95 75 being
1415 2435 170 75 employed
1599 2435 33 75 in
1648 2435 194 75 performing
1864 2435 56 75 the
1939 2435 147 75 rotatory
2102 2435 151 75 motions,

1230 2480 62 75 and
1319 2480 55 75 the
1415 2480 226 75 advancement
1671 2480 40 75 of
1746 2480 55 75 the
1833 2480 155 75 eye-balls
2021 2480 153 75 forward,
2213 2480 43 75 by

1230 2527 104 75 which
1365 2527 119 75 feveral
1501 2527 40 75 of
1562 2527 58 75 our
1647 2527 130 75 paflions
1794 2527 52 75 are
1863 2527 176 75 expreffed,
2068 2527 55 75 the
2142 2527 112 75 nerves

1231 2573 70 75 that
1324 2573 87 75 ferve
1440 2573 86 75 them
1543 2573 82 75 have
1641 2573 57 75 got
1714 2573 57 75 the
1802 2573 91 75 name
1910 2573 40 75 of
1967 2573 239 75 Pathetici.

1275 2617 76 75 The
1368 2617 121 75 Fifth
1510 2617 96 75 Pair
1636 2617 54 75 are
1721 2617 88 75 large
1841 2617 124 75 nerves,
1990 2617 93 75 riling
2097 2617 84 75 from
2199 2617 56 75 the

1231 2663 131 75 annular
1376 2663 153 75 procefles
1557 2663 107 75 where
1688 2663 56 75 the
1768 2663 177 75 medullary
1971 2663 153 75 procefles
2140 2663 40 75 of
2197 2663 57 75 the

1231 2711 190 75 cerebellum
1434 2711 70 75 join
1520 2711 32 75 in
1569 2711 55 75 the
1640 2711 173 75 formation
1830 2711 41 75 of
1891 2711 71 75 that
1978 2711 105 75 tuber,
2108 2711 34 75 wo
2164 2711 89 75 enter

1231 2758 54 75 the
1298 2758 80 75 dura
1386 2758 101 75 mater
1497 2758 74 75 near
1587 2758 55 75 the
1659 2758 89 75 point
1760 2758 40 75 of
1807 2758 54 75 the
1868 2758 129 75 petrous
2014 2758 123 75 proceft
2150 2758 41 75 of
2196 2758 57 75 the

1231 2804 152 75 temporal
1399 2804 100 75 bones
1511 2804 10 75 ;
1539 2804 63 75 and
1613 2804 76 75 ffien
1705 2804 121 75 finking
1839 2804 135 75 clofeby
1982 2804 55 75 the
2053 2804 201 75 receptacula

1229 2850 31 75 at
1273 2850 54 75 the
1336 2850 80 75 fides
1426 2850 39 75 of
1469 2850 54 75 the
1533 2850 75 75 fella
1617 2850 131 75 turcica,
1765 2850 77 75 each
1856 2850 145 75 becomes
2010 2850 33 75 in
2056 2850 193 75 appearance

1229 2895 138 75 thicker,
1385 2895 62 75 and
1461 2895 77 75 goes
1555 2895 55 75 out
1623 2895 40 75 of
1672 2895 144 75 theikull
1833 2895 31 75 in
1883 2895 90 75 three
1983 2895 90 75 great
2082 2895 169 75 branches.

1275 2943 76 75 The
1369 2943 78 75 y?r/?
1462 2943 118 75 branch
1606 2943 39 75 of
1665 2943 55 75 the
1736 2943 211 75 fifth'the
1969 2943 281 75 Ophthalmic,

1228 2989 106 75 which
1350 2989 74 75 runs
1441 2989 142 75 through
1598 2989 57 75 the
1671 2989 145 75 foramen
1830 2989 153 75 laceruci,
2008 2989 36 75 to
2071 2989 55 75 the
2154 2989 96 75 orbit,

2137 3030 115 75 having
