2483 3387
1379 179 34 75 E
1490 179 40 75 T
1606 179 17 75 I
1704 179 35 75 C
1820 179 48 75 K.

213 173 80 75 36S

685 173 43 75 A
803 173 38 75 R
920 173 18 75 I
1012 173 43 75 T
1130 173 46 75 H
1253 173 48 75 M

214 243 40 75 of
265 243 175 75 hundreds,
457 243 63 75 and
533 243 60 75 you
607 243 68 75 will
691 243 66 75 find
772 243 57 75 the
845 243 69 75 fum
926 243 37 75 or
975 243 81 75 total
1068 243 35 75 to
1110 243 42 75 be
1166 243 82 75 687.

262 289 157 75 Examp.
446 289 47 75 II.
544 289 131 75 Having
690 289 116 75 placed
828 289 56 75 the
901 289 162 75 numbers,
1089 289 85 75 units
1191 289 58 75 un-

212 336 59 75 der
300 336 97 75 units,
424 336 64 75 6'c.
514 336 33 75 as
575 336 32 75 in
636 336 55 75 the
719 336 135 75 margin,
879 336 56 75 fay
961 336 16 75 2
1005 336 64 75 and
1090 336 14 75 1

212 383 96 75 make
331 383 33 75 3,
391 383 63 75 and
472 383 16 75 3
509 383 92 75 make
619 383 34 75 6,
680 383 61 75 and
761 383 20 75 4
798 383 92 75 make
912 383 63 75 10;
1002 383 106 75 which
1157 383 93 75 5074

215 429 95 75 being
323 429 64 75 juft
409 429 12 75 1
443 429 67 75 ten,
527 429 64 75 and
603 429 136 75 nothing
755 429 90 75 over,
870 429 46 75 fet
935 429 54 75 the
1006 429 101 75 right-
1158 429 90 75 9803

215 476 85 75 hand
316 476 101 75 figure
434 476 21 75 o
473 476 31 75 in
529 476 55 75 the
599 476 92 75 place
708 476 39 75 of
759 476 85 75 units
859 476 11 75 ;
897 476 62 75 and
976 476 134 75 becaufe
1160 476 88 75 7541

215 523 54 75 ten
286 523 31 75 in
336 523 62 75 any
414 523 101 75 lower
531 523 89 75 place
636 523 109 75 makes
756 523 59 75 but
832 523 60 75 one
909 523 32 75 in
959 523 55 75 the
1031 523 80 75 next
1183 523 68 75 862

216 570 143 75 fuperior
370 570 103 75 place,
492 570 93 75 carry
602 570 13 75 1
632 570 67 75 ten,
717 570 34 75 as
763 570 142 75 diredted
916 570 33 75 in
962 570 86 75 Rule
1060 570 48 75 II.

1235 570 19 75 -

216 616 121 75 faying,
367 616 14 75 1
402 616 67 75 ten,
496 616 155 75 coiledfed
665 616 60 75 out
748 616 40 75 of
806 616 56 75 the
880 616 99 75 units,
1005 616 61 75 and
1088 616 20 75 6
1136 616 116 75 24180

216 664 82 75 tens,
313 664 92 75 make
417 664 17 75 7
446 664 83 75 tens,
544 664 63 75 and
617 664 21 75 4
647 664 93 75 make
755 664 54 75 11,
820 664 63 75 and
896 664 22 75 o
930 664 109 75 makes
1052 664 59 75 but

215 710 62 75 ftill
295 710 54 75 11,
375 710 64 75 ajrd
453 710 18 75 7
490 710 92 75 make
612 710 40 75 18
665 710 11 75 ;
701 710 77 75 here
796 710 93 75 again
904 710 49 75 fet
967 710 96 75 down
1077 710 56 75 the
1149 710 102 75 right-

216 757 87 75 hand
319 757 100 75 figure
437 757 34 75 8,
496 757 32 75 in
556 757 57 75 the
637 757 90 75 place
744 757 40 75 of
801 757 83 75 tens,
910 757 63 75 and
999 757 94 75 carry
1119 757 57 75 the
1201 757 52 75 re-

215 803 141 75 maining
373 803 100 75 figure
497 803 30 75 1,
552 803 96 75 being
675 803 13 75 1
715 803 160 75 hundred,
900 803 37 75 to
955 803 59 75 the
1040 803 82 75 next
1149 803 102 75 place,

217 851 71 75 viz.
306 851 71 75 that
395 851 39 75 of
447 851 163 75 hundreds
622 851 11 75 ;
660 851 63 75 and
737 851 119 75 having
871 851 33 75 in
921 851 65 75 like
999 851 132 75 manner
1149 851 105 75 added

218 896 42 75 up
280 896 65 75 this
363 896 141 75 Column,
531 896 56 75 the
606 896 129 75 amount
753 896 27 75 is
800 896 40 75 31
856 896 11 75 ;
893 896 48 75 fet
962 896 98 75 down
1077 896 55 75 die
1150 896 102 75 right-

216 944 87 75 hand
318 944 102 75 figure
441 944 13 75 1
475 944 33 75 in
524 944 57 75 the
593 944 89 75 place
698 944 41 75 of
751 944 175 75 hundreds,
951 944 64 75 and
1026 944 93 75 carry
1130 944 56 75 the
1201 944 50 75 re-

215 990 140 75 maining
371 990 100 75 figure
491 990 17 75 3
525 990 38 75 to
579 990 57 75 the
648 990 80 75 next
745 990 91 75 place
852 990 37 75 or
906 990 127 75 column
1046 990 10 75 ;
1076 990 106 75 which
1194 990 56 75 be-

215 1038 54 75 ing
285 1038 65 75 alio
367 1038 117 75 added,
503 1038 147 75 amounts
661 1038 36 75 to
715 1038 67 75 24;
808 1038 46 75 fet
870 1038 57 75 the
944 1038 190 75 right-hand
1150 1038 101 75 figure

216 1084 22 75 4
259 1084 115 75 below,
399 1084 33 75 in
448 1084 42 75 its
510 1084 116 75 proper
643 1084 101 75 place,
770 1084 62 75 and
843 1084 57 75 the
913 1084 174 75 remaining
1101 1084 102 75 figure
1217 1084 32 75 2,

215 1131 105 75 which
350 1131 132 75 belongs
500 1131 35 75 to
551 1131 57 75 the
624 1131 80 75 next
728 1131 101 75 place,
852 1131 49 75 fet
923 1131 41 75 on
990 1131 56 75 the
1071 1131 63 75 left
1150 1131 100 75 hand,

216 1178 90 75 there
323 1178 95 75 being
436 1178 42 75 no
492 1178 103 75 figure
611 1178 32 75 in
661 1178 55 75 the
734 1178 78 75 next
829 1178 90 75 place
943 1178 37 75 to
1004 1178 106 75 which
1136 1178 29 75 it
1192 1178 59 75 can

216 1225 40 75 be
273 1225 136 75 carried.
461 1225 46 75 So
523 1225 55 75 the
595 1225 70 75 fum
680 1225 37 75 or
740 1225 81 75 total
839 1225 26 75 is
884 1225 130 75 24180.

217 1330 47 75 II.
315 1330 161 75 Addition
501 1330 43 75 of
557 1330 54 75 the
629 1330 98 75 partr
752 1330 43 75 of
816 1330 154 75 integers,
997 1330 82 75 fuch
1100 1330 41 75 -as
1163 1330 89 75 fbil-

393 1376 99 75 lings,
512 1376 112 75 pen:e,
641 1376 192 75 farthings,
860 1376 126 75 ounces,
1011 1376 62 75 &c.

261 1458 110 75 Rule
398 1458 31 75 I.
478 1458 97 75 Place
599 1458 65 75 like
688 1458 89 75 parts
801 1458 101 75 under
926 1458 95 75 other
1041 1458 11 75 ;
1090 1458 71 75 viz.
1186 1458 65 75 far-

214 1504 108 75 things
336 1504 105 75 under
457 1504 176 75 farthings,
658 1504 98 75 pence
772 1504 102 75 under
890 1504 112 75 pence,
1029 1504 65 75 <bc,

262 1552 48 75 II.
336 1552 104 75 Begin
464 1552 34 75 at
523 1552 55 75 die
601 1552 111 75 loweft
739 1552 41 75 of
798 1552 57 75 the
882 1552 102 75 parts,
1010 1552 63 75 and
1089 1552 93 75 carry
1199 1552 51 75 ac-

215 1600 133 75 cording
362 1600 37 75 to
417 1600 55 75 die
489 1600 92 75 value
597 1600 40 75 of
648 1600 40 75 an
704 1600 71 75 unit
784 1600 43 75 of
834 1600 55 75 the
901 1600 80 75 next
993 1600 142 75 fuperior
1151 1600 99 75 deno-

216 1645 153 75 mination
381 1645 11 75 ;
417 1645 71 75 viz.
513 1645 52 75 for
582 1645 98 75 every
695 1645 75 75 four
793 1645 33 75 in
851 1645 56 75 the
934 1645 69 75 fum
1029 1645 42 75 of
1092 1645 158 75 farthings

215 1692 91 75 carry
326 1692 15 75 1
360 1692 37 75 to
421 1692 56 75 the
500 1692 113 75 pence,
638 1692 64 75 and
718 1692 51 75 for
786 1692 97 75 every
899 1692 116 75 twelve
1031 1692 33 75 in
1081 1692 55 75 the
1151 1692 100 75 pence

215 1738 94 75 carry
329 1738 13 75 1
364 1738 35 75 to
414 1738 58 75 the
486 1738 155 75 {hillings,
659 1738 64 75 <bc.

263 1786 66 75 III.
355 1786 37 75 If
412 1786 66 75 you
498 1786 93 75 carry
619 1786 34 75 at
687 1786 57 75 20,
781 1786 56 75 30,
864 1786 58 75 40,
949 1786 58 75 60,
1032 1786 38 75 or
1097 1786 63 75 any
1187 1786 65 75 juft

213 1831 136 75 number
364 1831 41 75 of
422 1831 85 75 tens,
531 1831 35 75 as
593 1831 32 75 in
654 1831 118 75 adding
799 1831 154 75 {hillings,
978 1831 144 75 degrees,
1148 1831 102 75 poles,

210 1878 154 75 minutes,
386 1878 149 75 feconds,
561 1878 65 75 <be.
652 1878 139 75 proceed
811 1878 80 75 with
919 1878 56 75 the
1004 1878 128 75 column
1155 1878 40 75 of
1215 1878 35 75 u-

212 1925 66 75 nits
292 1925 36 75 as
344 1925 34 75 in
402 1925 143 75 addition
563 1925 39 75 of
622 1925 153 75 integers,
801 1925 63 75 and
881 1925 82 75 from
986 1925 57 75 the
1058 1925 67 75 fum
1143 1925 40 75 of
1193 1925 57 75 the

215 1971 128 75 column
365 1971 42 75 of
424 1971 69 75 tens
521 1971 94 75 carry
637 1971 15 75 1
679 1971 53 75 for
759 1971 97 75 every
881 1971 78 75 two,
981 1971 41 75 or
1045 1971 10 75 1
1078 1971 52 75 for
1153 1971 98 75 every

217 2019 104 75 three,
348 2019 65 75 he.
440 2019 170 75 according
626 2019 34 75 as
682 2019 45 75 20
744 2019 38 75 or
798 2019 65 75 two
880 2019 84 75 tens,
989 2019 102 75 thirty
1106 2019 38 75 or
1158 2019 93 75 three

218 2064 83 75 tens,
328 2064 64 75 he.
418 2064 92 75 make
527 2064 39 75 an
584 2064 69 75 unit
672 2064 40 75 of
724 2064 56 75 the
803 2064 80 75 next
899 2064 141 75 fuperior
1063 2064 186 75 denomina-

216 2111 81 75 tion.
344 2111 78 75 The
439 2111 111 75 reafon
570 2111 133 75 appears
722 2111 90 75 plain
829 2111 33 75 in
879 2111 55 75 the
952 2111 170 75 fallowing
1137 2111 112 75 opera-

215 2158 97 75 tions.

524 2265 31 75 1.
614 2265 181 75 MON
831 2265 31 75 E
897 2265 44 75 Y.

593 2344 273 75 TABLE.

409 2408 20 75 4
454 2408 173 75 farthings'
627 2408 15 75 )

790 2408 29 75 C
852 2408 14 75 1
895 2408 105 75 penny

388 2457 40 75 *2
454 2457 97 75 pence
620 2457 24 75 C
674 2457 92 75 make
792 2457 23 75 <.
854 2457 11 75 1
893 2457 124 75 {hilling

384 2503 47 75 20
454 2503 140 75 {hillings
617 2503 28 75 3

851 2503 14 75 1
893 2503 110 75 pound

590 2555 143 75 Marked
755 2555 88 75 thus.

480 2610 25 75 /.
595 2610 29 75 r.
732 2610 32 75 d.
834 2610 136 75 /.or?.

481 2655 6 75 .
487 2655 11 75 1
525 2655 35 75 =
584 2655 46 75 20
653 2655 36 75 =
713 2655 67 75 240
802 2655 37 75 =
862 2655 69 75 960

364 2701 99 75 Note,
484 2701 77 75 The
577 2701 103 75 above
696 2701 90 75 mark
800 2701 136 75 fignifies
953 2701 99 75 equal
1063 2701 46 75 to.

269 2749 24 75 J.
313 2749 26 75 is
357 2749 56 75 put
430 2749 52 75 for
497 2749 100 75 libra,
615 2749 18 75 a
649 2749 127 75 pound;
796 2749 33 75 d.
847 2749 52 75 for
911 2749 166 75 denarius,
1095 2749 19 75 a
1125 2749 124 75 penny;

221 2797 60 75 and
301 2797 30 75 q.
349 2797 52 75 for
420 2797 176 75 quadrans,
622 2797 19 75 a
656 2797 221 75 fourth-part;
915 2797 57 75 but
989 2797 36 75 f
1039 2797 26 75 is
1093 2797 74 75 now
1195 2797 55 75 the

221 2843 89 75 more
331 2843 87 75 ufual
434 2843 91 75 mark
541 2843 51 75 for
608 2843 170 75 fardiings.

267 2889 91 75 That
374 2889 55 75 the
447 2889 124 75 learner
586 2889 75 75 may
677 2889 138 75 proceed
841 2889 31 75 in
900 2889 145 75 addition
1072 2889 40 75 of
1134 2889 117 75 money

220 2936 80 75 with
316 2936 55 75 the
387 2936 125 75 greater
528 2936 82 75 eafe,
633 2936 27 75 it
676 2936 67 75 will
759 2936 38 75 be
814 2936 116 75 proper
956 2936 42 75 he
1021 2936 54 75 get
1104 2936 55 75 the
1185 2936 64 75 fol-

221 2983 118 75 lowing
361 2983 86 75 table
471 2983 45 75 by
539 2983 105 75 heart.

1555 265 513 75 MONEY-TABLE.

1471 513 40 75 16
1535 513 9 75 :

1469 606 43 75 24
1536 606 37 75 =

1437 653 5 75 '
1468 653 44 75 28
1537 653 36 75 =

1470 705 41 75 32
1536 705 37 75 =

1469 745 43 75 36
1536 745 37 75 =

1468 791 44 75 40
1535 791 37 75 =

1716 423 44 75 24
1783 423 37 75 =
1868 423 18 75 2

1716 473 104 75 36=
1869 473 20 75 ?

1715 513 171 75 484

1716 560 45 75 60
1785 560 36 75 =
1869 560 18 75 5

1719 608 39 75 72
1784 608 37 75 =
1868 608 21 75 6

1716 654 45 75 84
1782 654 39 75 =
1869 654 19 75 7

1716 703 43 75 96
1783 703 38 75 =
1868 703 19 75 8

1696 748 63 75 108
1783 748 38 75 =
1867 748 22 75 9

1696 794 64 75 120
1783 794 37 75 =
1847 794 42 75 10

2031 759 36 75 =
2115 759 22 75 9

2032 797 35 75 =
2095 797 42 75 10

1346 883 151 75 Examp.
1524 883 142 75 Having,
1684 883 171 75 according
1872 883 35 75 to
1956 883 79 75 (10)
2065 883 78 75 (20)
2172 883 78 75 (12)
2278 883 56 75 (4)

1296 930 89 75 Rule
1402 930 29 75 I.
1463 930 112 75 placed
1599 930 66 75 like
1689 930 87 75 parts
1801 930 102 75 under
1975 930 40 75 L.
2089 930 30 75 s.
2192 930 33 75 d.
2279 930 40 75 f.

1299 975 107 75 other,
1431 975 72 75 viz.
1528 975 158 75 farthings
1711 975 102 75 under
1837 975 66 75 far-
1976 975 46 75 74
2086 975 41 75 18
2189 975 37 75 11
2293 975 16 75 3

1299 1023 120 75 things,
1449 1023 99 75 pence
1572 1023 103 75 under
1698 1023 112 75 pence,
1835 1023 65 75 he.
1975 1023 46 75 96
2103 1023 24 75 9
2187 1023 42 75 10
2291 1023 19 75 2

1298 1070 64 75 and
1383 1070 34 75 in
1442 1070 78 75 each
1546 1070 40 75 of
1605 1070 88 75 thefe
1716 1070 187 75 denomina-
1977 1070 42 75 58
2085 1070 41 75 17
2207 1070 21 75 8
2294 1070 14 75 I

1300 1117 96 75 tions,
1439 1117 86 75 units
1556 1117 102 75 under
1691 1117 99 75 units,
1837 1117 70 75 tens
1980 1117 44 75 63
2090 1117 38 75 11
2210 1117 21 75 9
2292 1117 19 75 2

1297 1163 103 75 under
1437 1163 84 75 tens,
1563 1163 34 75 as
1628 1163 33 75 in
1684 1163 56 75 the
1767 1163 136 75 margin,

1295 1212 96 75 begin
1408 1212 79 75 with
1499 1212 56 75 the
1566 1212 109 75 loweft
1687 1212 41 75 of
1735 1212 55 75 the
1802 1212 100 75 parts,
1951 1212 67 75 293
2084 1212 40 75 18
2207 1212 21 75 4

1297 1256 71 75 viz.
1394 1256 56 75 the
1475 1256 159 75 farthings
1652 1256 10 75 ;
1697 1256 64 75 and
1786 1256 66 75 fay,
1889 1256 17 75 2

1297 1303 160 75 farthings
1477 1303 61 75 and
1560 1303 13 75 1
1594 1303 143 75 farthing
1752 1303 94 75 make
1861 1303 17 75 3
1890 1303 173 75 farthings,
2082 1303 62 75 and
2158 1303 18 75 2
2189 1303 93 75 make
2301 1303 33 75 f,

1297 1350 64 75 and
1381 1350 16 75 3
1418 1350 92 75 make
1525 1350 44 75 8;
1596 1350 118 75 which,
1739 1350 45 75 by
1804 1350 56 75 the
1884 1350 232 75 money-table,
2145 1350 27 75 is
2191 1350 19 75 2
2226 1350 107 75 fours,

1299 1395 37 75 or
1355 1395 19 75 2
1393 1395 111 75 pence,
1531 1395 63 75 and
1617 1395 136 75 nothing
1776 1395 98 75 over;
1912 1395 180 75 wherefore
2120 1395 88 75 place
2229 1395 23 75 o
2278 1395 56 75 be-

1300 1443 64 75 low
1379 1443 39 75 in,
1430 1443 55 75 the
1502 1443 92 75 place
1609 1443 42 75 of
1662 1443 172 75 farthings,
1861 1443 37 75 or
1921 1443 109 75 rather
2053 1443 90 75 leave
2158 1443 71 75 that
2246 1443 88 75 place

1299 1491 110 75 blank,
1435 1491 64 75 and
1526 1491 93 75 carry
1645 1491 18 75 2
1694 1491 98 75 pence
1823 1491 35 75 to
1892 1491 55 75 the
1979 1491 92 75 place
2097 1491 42 75 of
2163 1491 111 75 pence,
2300 1491 34 75 as

1299 1537 141 75 directed
1468 1537 33 75 in
1529 1537 87 75 Rule
1632 1537 49 75 II,
1706 1537 121 75 faying,
1860 1537 20 75 2
1898 1537 111 75 pence,
2034 1537 157 75 colle&ed
2214 1537 57 75 out
2299 1537 41 75 of

1299 1584 55 75 the
1383 1584 170 75 farthings,
1578 1584 63 75 and
1658 1584 22 75 9
1695 1584 93 75 make
1809 1584 54 75 11,
1889 1584 62 75 and
1979 1584 20 75 8
2029 1584 92 75 make
2146 1584 56 75 19,
2229 1584 63 75 and
2313 1584 16 75 t

1301 1630 130 75 (paffing
1447 1630 56 75 the
1520 1630 39 75 o)
1577 1630 94 75 make
1689 1630 66 75 20;
1782 1630 36 75 to
1834 1630 64 75 this
1925 1630 70 75 fum
2022 1630 40 75 of
2079 1630 85 75 units
2189 1630 65 75 add
2277 1630 57 75 the

1301 1677 84 75 tens.
1433 1677 109 75 Thus,
1569 1677 45 75 20
1642 1677 62 75 and
1724 1677 13 75 1
1759 1677 53 75 ten
1829 1677 94 75 make
1946 1677 60 75 30,
2032 1677 64 75 and
2124 1677 13 75 1
2166 1677 54 75 ten
2244 1677 90 75 more

1299 1725 93 75 make
1410 1725 45 75 40
1473 1725 118 75 pence;
1610 1725 120 75 which,
1747 1725 44 75 by
1807 1725 55 75 the
1879 1725 230 75 money-table,
2122 1725 26 75 is
2160 1725 16 75 3
2188 1725 144 75 twelves,

1298 1770 40 75 or
1360 1770 16 75 3
1392 1770 152 75 {hillings,
1570 1770 62 75 and
1650 1770 21 75 4
1688 1770 99 75 pence
1809 1770 100 75 over;
1942 1770 89 75 thefe
2049 1770 21 75 4
2087 1770 98 75 pence
2207 1770 46 75 fet
2276 1770 56 75 be-

1298 1817 65 75 low
1379 1817 32 75 in
1428 1817 56 75 the
1500 1817 92 75 place
1608 1817 41 75 of
1667 1817 111 75 pence,
1804 1817 64 75 and
1895 1817 94 75 carry
2006 1817 17 75 3
2043 1817 141 75 {hillings
2212 1817 36 75 to
2275 1817 57 75 the

1298 1863 90 75 place
1404 1863 41 75 of
1456 1863 153 75 (hillings.
1674 1863 108 75 Thus,
1810 1863 17 75 3
1853 1863 153 75 {hillings,
2031 1863 156 75 colledbed
2213 1863 57 75 out
2297 1863 42 75 of

1298 1910 56 75 the
1376 1910 111 75 pence,
1513 1910 63 75 and
1598 1910 12 75 1
1630 1910 127 75 {hilling
1781 1910 94 75 make
1892 1910 34 75 4,
1953 1910 62 75 and
2039 1910 19 75 7
2077 1910 91 75 make
2189 1910 54 75 n,
2269 1910 63 75 and

1298 1956 22 75 9
1339 1956 92 75 make
1448 1956 58 75 20,
1532 1956 62 75 and
1611 1956 20 75 8
1649 1956 92 75 make
1761 1956 65 75 28;
1853 1956 63 75 and
1932 1956 130 75 becaufe
2079 1956 31 75 in
2128 1956 139 75 {hillings
2281 1956 49 75 we

1299 2002 93 75 carry
1408 2002 32 75 at
1458 2002 19 75 a
1488 2002 65 75 juft
1569 2002 135 75 number
1719 2002 42 75 of
1771 2002 83 75 tens,
1879 2002 71 75 viz.
1968 2002 32 75 at
2019 2002 57 75 20,
2093 2002 47 75 fet
2156 2002 56 75 the
2229 2002 103 75 right-

1295 2049 88 75 hand
1399 2049 100 75 figure
1523 2049 19 75 8
1561 2049 105 75 below
1681 2049 32 75 in
1729 2049 56 75 the
1802 2049 148 75 place'of
1965 2049 99 75 units,
2090 2049 33 75 as
2141 2049 141 75 dire&ed
2298 2049 33 75 in

1299 2096 86 75 Rule
1400 2096 68 75 III.
1494 2096 63 75 and
1584 2096 95 75 carry
1703 2096 55 75 the
1784 2096 19 75 2
1833 2096 70 75 tens
1930 2096 35 75 to
1993 2096 56 75 the
2068 2096 90 75 plate
2185 2096 40 75 of
2245 2096 84 75 tens.

1298 2144 96 75 Thus
1413 2144 18 75 2
1449 2144 71 75 tens
1538 2144 155 75 coMedted
1716 2144 62 75 out
1794 2144 41 75 of
1847 2144 55 75 the
1925 2144 98 75 units,
2049 2144 63 75 and
2132 2144 14 75 1
2166 2144 54 75 ten
2237 2144 94 75 make

1303 2190 16 75 3
1339 2190 83 75 tens,
1441 2190 63 75 and
1523 2190 13 75 1
1556 2190 93 75 make
1669 2190 33 75 4,
1721 2190 64 75 and
1800 2190 14 75 1
1834 2190 92 75 make
1940 2190 18 75 5
1977 2190 83 75 tens,
2078 2190 38 75 or
2131 2190 21 75 2
2171 2190 159 75 twenties,

1301 2237 63 75 and
1385 2237 12 75 1
1420 2237 54 75 ten
1490 2237 98 75 over;
1613 2237 65 75 and
1695 2237 134 75 becaufe
1849 2237 17 75 2
1885 2237 83 75 tens,
1985 2237 38 75 or
2043 2237 14 75 1
2078 2237 134 75 twenty,
2239 2237 93 75 make

1300 2284 40 75 an
1354 2284 72 75 unit
1441 2284 32 75 in
1493 2284 54 75 the
1563 2284 79 75 next
1659 2284 101 75 place,
1786 2284 69 75 viz.
1880 2284 72 75 that
1976 2284 40 75 of
2037 2284 137 75 pounds,
2201 2284 46 75 fet
2275 2284 56 75 the

1299 2331 18 75 1
1339 2331 52 75 ten
1411 2331 106 75 below
1532 2331 32 75 in
1581 2331 56 75 the
1654 2331 90 75 place
1760 2331 40 75 of
1811 2331 82 75 tens,
1922 2331 63 75 and
1999 2331 95 75 carry
2117 2331 55 75 the
2190 2331 18 75 2
2228 2331 102 75 twen-

1300 2378 36 75 ty
1352 2378 153 75 {hillings.
1523 2378 37 75 Or
1578 2378 18 75 2
1618 2378 136 75 pounds,
1769 2378 39 75 to
1824 2378 56 75 the
1896 2378 89 75 place
1996 2378 40 75 of
2047 2378 123 75 pounds
2182 2378 10 75 ;
2211 2378 119 75 which,

1301 2425 98 75 being
1410 2425 154 75 integers,
1590 2425 53 75 are
1668 2425 109 75 added
1799 2425 34 75 as
1857 2425 115 75 taught
1995 2425 33 75 in
2052 2425 145 75 addition
2219 2425 41 75 of
2278 2425 52 75 in-

1298 2472 121 75 tegers.

1349 2517 31 75 It
1400 2517 27 75 is
1443 2517 86 75 ufual
1543 2517 35 75 to
1590 2517 124 75 fubjoin
1727 2517 55 75 the
1794 2517 161 75 farthings
1967 2517 36 75 to
2013 2517 56 75 the
2121 2517 50 75 X.
2206 2517 30 75 s.
2271 2517 34 75 d.

1297 2564 102 75 pence
1416 2564 130 75 byway
1562 2564 41 75 of
1619 2564 148 75 fradMon,
1792 2564 34 75 as
1845 2564 34 75 in
1907 2564 55 75 the
1987 2564 83 75 mar-
2122 2564 43 75 74
2195 2564 39 75 18
2264 2564 66 75 n|.

1301 2611 67 75 gin,
1393 2611 107 75 where
1511 2611 56 75 the
1579 2611 121 75 former
1715 2611 147 75 example
1878 2611 27 75 is
1923 2611 147 75 tranferi-
2115 2611 49 75 96
2213 2611 22 75 9
2264 2611 68 75 ip^-

1301 2657 62 75 bed
1379 2657 33 75 in
1429 2657 63 75 this
1510 2657 84 75 form
1617 2657 54 75 for
1697 2657 55 75 the
1772 2657 151 75 learners
1940 2657 130 75 inftruc-
2120 2657 43 75 58
2190 2657 43 75 17
2282 2657 21 75 8

1300 2703 66 75 tion
1381 2703 10 75 ;
1418 2703 32 75 in
1468 2703 105 75 which
1596 2703 25 75 ^
1636 2703 133 75 denotes
1792 2703 62 75 one
1869 2703 155 75 farthing,
2048 2703 25 75 |-
2120 2703 42 75 63
2193 2703 37 75 11
2283 2703 48 75 94-

1300 2752 65 75 two
1381 2752 174 75 farthings,
1581 2752 63 75 and
1659 2752 25 75 4
1700 2752 90 75 three
1806 2752 171 75 farthings.
2098 2801 63 75 293
2192 2801 40 75 18
2279 2801 26 75 4

1345 2844 38 75 In
1401 2844 117 75 adding
1533 2844 43 75 up
1592 2844 88 75 large
1703 2844 164 75 accounts,
1891 2844 86 75 fome
2001 2844 59 75 dot
2082 2844 34 75 at
2144 2844 45 75 60
2213 2844 32 75 in
2274 2844 56 75 the

1297 2891 111 75 pence,
1434 2891 62 75 and
1513 2891 51 75 for
1580 2891 97 75 every
1692 2891 59 75 dot
1767 2891 93 75 carry
1891 2891 17 75 5
1934 2891 36 75 to
1998 2891 55 75 the
2077 2891 161 75 {hillings;
2265 2891 65 75 and

1298 2938 32 75 in
1347 2938 119 75 adding
1482 2938 56 75 the
1554 2938 140 75 {hillings
1711 2938 79 75 they
1804 2938 58 75 dot
1877 2938 140 75 likewife
2045 2938 33 75 at
2107 2938 58 75 60,
2190 2938 64 75 and
2276 2938 53 75 for

1297 2985 96 75 every
1409 2985 58 75 dot
1484 2985 92 75 carry
1592 2985 17 75 3
1623 2985 36 75 to
1676 2985 55 75 the
1747 2985 138 75 pounds.
1919 2985 122 75 Others
2059 2985 92 75 chufe
2168 2985 35 75 to
2218 2985 110 75 divide
