2428 3377
167 158 21 75 2
198 158 18 75 g
227 158 20 75 2

712 158 44 75 A
870 158 43 75 N
1029 158 40 75 A
1181 158 39 75 T

170 218 55 75 the
242 218 119 75 radius,
387 218 169 75 fupplyhg
581 218 55 75 the
653 218 119 75 flexors
789 218 40 75 of
848 218 56 75 the
920 218 115 75 thumb
1050 218 65 75 and
1131 218 74 75 pro-

170 263 91 75 nator
279 263 188 75 quadratus.

218 310 128 75 Having
364 310 137 75 reached
520 310 55 75 the
596 310 178 75 extremity
798 310 40 75 of
857 310 55 75 the
938 310 121 75 radius,
1086 310 26 75 it
1130 310 75 75 runs

169 357 111 75 nearer
296 357 56 75 the
376 357 79 75 fkin,
481 357 169 75 efpecialiy
676 357 125 75 toward
824 357 54 75 the
905 357 139 75 anterior
1065 357 81 75 edge
1172 357 41 75 of

170 403 60 75 the'
230 403 107 75 hmne,
363 403 95 75 being
474 403 55 75 the
546 403 108 75 artery
669 403 104 75 which
792 403 48 75 we
860 403 64 75 feei
935 403 95 75 there
1052 403 95 75 when
1158 403 49 75 we

171 450 145 75 examine
333 450 56 75 the
406 450 100 75 pulfe.

218 496 48 75 At
283 496 55 75 the
355 496 64 75 end
434 496 40 75 of
494 496 56 75 the
571 496 120 75 radius,
718 496 26 75 it
761 496 88 75 gives
861 496 53 75 off
925 496 18 75 a
959 496 119 75 branch
1097 496 35 75 to
1150 496 57 75 the

169 542 135 75 thenar;
331 542 76 75 and.
432 542 84 75 after
542 542 118 75 having
683 542 256 75 communicated
962 542 78 75 with
1057 542 56 75 the
1129 542 77 75 arch

172 590 41 75 of
233 590 56 75 the
304 590 120 75 cubital
452 590 108 75 artery
588 590 33 75 in
649 590 56 75 the
722 590 84 75 palm
825 590 40 75 of
884 590 56 75 the
955 590 98 75 hand,
1081 590 61 75 and
1158 590 48 75 fet

170 636 52 75 off
244 636 85 75 fome
356 636 173 75 cutaneous
553 636 154 75 branches
735 636 33 75 at
796 636 72 75 that
884 636 102 75 place,
1012 636 25 75 it
1054 636 151 75 detaches

170 683 60 75 one
259 683 95 75 along
370 683 56 75 the
442 683 105 75 whole
575 683 136 75 internal
727 683 112 75 lateral
857 683 71 75 part
945 683 39 75 of
1004 683 55 75 the
1076 683 127 75 thumb.

217 729 203 75 Afterwards
438 729 26 75 it
489 729 75 75 runs
581 729 146 75 between
743 729 56 75 the
816 729 64 75 firft
897 729 141 75 phalanx
1055 729 63 75 and
1134 729 70 75 ten-

169 775 79 75 dons
266 775 41 75 of
325 775 56 75 the
399 775 126 75 thumb,
551 775 34 75 to
603 775 55 75 the
674 775 158 75 interftice
844 775 145 75 between
1006 775 55 75 the
1078 775 78 75 bafis
1169 775 41 75 of

170 821 64 75 this
263 821 63 75 firfl:
354 821 154 75 phalanx,
542 821 64 75 ^nd
637 821 42 75 of
705 821 55 75 the
790 821 65 75 firfl:
888 821 192 75 metacarpal
1108 821 95 75 bone,

171 868 108 75 where
295 868 26 75 it
337 868 91 75 turns
444 868 36 75 to
495 868 55 75 the
566 868 123 75 hollow
704 868 42 75 of
764 868 55 75 the
835 868 98 75 hand.

217 914 47 75 At
280 914 66 75 this
363 914 141 75 turning,
530 914 26 75 it
581 914 90 75 fends
689 914 52 75 off
754 914 17 75 a
788 914 119 75 branch
932 914 34 75 to
987 914 55 75 the
1058 914 146 75 external

169 961 113 75 lateral
299 961 71 75 part
386 961 39 75 of
445 961 55 75 the
516 961 126 75 thumb,
668 961 105 75 which
790 961 118 75 having
924 961 137 75 reached
1077 961 55 75 the
1144 961 62 75 end

172 1008 141 75 thereof,
338 1008 262 75 communicates,
625 1008 43 75 by
682 1008 17 75 a
711 1008 89 75 fmall
813 1008 88 75 arch,
926 1008 79 75 with
1019 1008 54 75 the
1085 1008 121 75 branch

172 1054 107 75 which
295 1054 76 75 goes
390 1054 34 75 to
437 1054 54 75 the
507 1054 136 75 internal
660 1054 112 75 lateral
789 1054 84 75 part.

219 1100 31 75 It
262 1100 139 75 likewife
414 1100 90 75 fends
517 1100 155 75 branches
685 1100 160 75 outward,
871 1100 106 75 which
991 1100 58 75 run
1061 1100 144 75 between

169 1148 58 75 the
244 1148 65 75 two
326 1148 64 75 firfl
405 1148 99 75 bones
522 1148 40 75 of
582 1148 54 75 the
660 1148 212 75 metacarpus,
898 1148 63 75 and
977 1148 55 75 the
1048 1148 66 75 two
1135 1148 69 75 ten-

170 1194 81 75 dons
267 1194 42 75 of
328 1194 55 75 the
400 1194 128 75 radialis
546 1194 173 75 externus;
747 1194 62 75 and
824 1194 26 75 it
866 1194 247 75 communicates
1126 1194 79 75 with

171 1241 40 75 an
227 1241 142 75 oppofite
385 1241 120 75 branch
522 1241 41 75 of
581 1241 56 75 the
653 1241 161 75 cubitalis,
839 1241 149 75 together
1003 1241 80 75 with
1099 1241 107 75 which

171 1286 26 75 it
213 1286 155 75 furniihes
386 1286 55 75 the
457 1286 145 75 external
626 1286 206 75 interoffeous
849 1286 134 75 mufcles
1004 1286 62 75 and
1081 1286 125 75 integu-

171 1333 104 75 ments
293 1333 39 75 of
352 1333 53 75 the
432 1333 81 75 back
538 1333 40 75 of
598 1333 55 75 the
680 1333 86 75 hand
792 1333 62 75 and
870 1333 126 75 convex
1012 1333 62 75 fide
1091 1333 41 75 of
1151 1333 55 75 the

176 1380 124 75 carpus.

219 1426 124 75 Laflly,
368 1426 55 75 the
441 1426 101 75 radial
563 1426 109 75 artery
695 1426 198 75 terminates,
918 1426 32 75 in
972 1426 43 75 its
1032 1426 122 75 paflage
1170 1426 36 75 o-

170 1473 57 75 ver
243 1473 55 75 the
322 1473 299 75 femi-interofleous
646 1473 118 75 mufcle
788 1473 40 75 of
847 1473 56 75 the
919 1473 112 75 index,
1057 1473 76 75 near
1150 1473 56 75 the

172 1520 78 75 bafis
268 1520 40 75 of
327 1520 55 75 the
398 1520 64 75 firft
478 1520 192 75 metacarpal
691 1520 94 75 bone,
810 1520 63 75 and
897 1520 34 75 as
956 1520 26 75 it
1006 1520 76 75 runs
1106 1520 102 75 under

172 1566 56 75 the
245 1566 135 75 tendons
397 1566 40 75 of
455 1566 56 75 the
535 1566 104 75 flexor
660 1566 133 75 mufcles
816 1566 40 75 of
875 1566 56 75 the
948 1566 128 75 fingers,
1101 1566 107 75 where

175 1612 26 75 it
217 1612 26 75 is
257 1612 113 75 joined
386 1612 35 75 to
439 1612 54 75 the
510 1612 75 75 arch
603 1612 39 75 of
661 1612 56 75 the
734 1612 159 75 cubitalis.

221 1657 33 75 It
278 1657 90 75 fends
394 1657 52 75 off
465 1657 135 75 another
628 1657 133 75 branch,
792 1657 106 75 which
924 1657 76 75 runs
1025 1657 96 75 along
1153 1657 56 75 the

174 1704 160 75 fore-part
351 1704 40 75 of
409 1704 55 75 the
481 1704 64 75 firft
557 1704 82 75 bone
656 1704 39 75 of
715 1704 54 75 the
781 1704 212 75 metacarpus,
1018 1704 36 75 to
1066 1704 55 75 the
1134 1704 74 75 con-

174 1751 65 75 vex
264 1751 62 75 fide
353 1751 40 75 of
412 1751 56 75 the
495 1751 112 75 index,
633 1751 106 75 where
764 1751 26 75 it
814 1751 26 75 is
866 1751 58 75 loft
948 1751 32 75 in
1005 1751 54 75 the
1083 1751 126 75 integu-

175 1797 115 75 ments.

221 1846 77 75 The
309 1846 62 75 left
382 1846 346 75 Diaphragmatic
747 1846 109 75 artery
872 1846 76 75 goes
960 1846 57 75 out
1029 1846 182 75 commonly

176 1891 84 75 from
277 1891 56 75 the
358 1891 90 75 aorta
463 1891 205 75 defcendens,
694 1891 34 75 as
749 1891 26 75 it
791 1891 99 75 paffes
908 1891 142 75 between
1066 1891 55 75 the
1137 1891 73 75 cru-

175 1939 37 75 ra
227 1939 42 75 of
287 1939 55 75 the
369 1939 90 75 fmall
486 1939 118 75 mufcle
633 1939 40 75 of
692 1939 56 75 the
775 1939 199 75 diaphragm.
1021 1939 77 75 The
1123 1939 86 75 right

176 1984 252 75 diaphragmatic
452 1984 106 75 comes
582 1984 178 75 fometimes
777 1984 85 75 from
879 1984 55 75 the
951 1984 119 75 neareft
1085 1984 125 75 lumbar

175 2030 124 75 artery,
324 2030 59 75 but
414 2030 81 75 molt
528 2030 182 75 commonly
733 2030 84 75 from
843 2030 54 75 the
915 2030 138 75 caeliaca.
1100 2030 110 75 Thefe

177 2077 133 75 arteries
326 2077 140 75 likewife
481 2077 82 75 have
579 2077 56 75 the
651 2077 91 75 name
762 2077 40 75 of
820 2077 134 75 arteria
965 2077 174 75 phrenic*.

224 2124 99 75 They
338 2124 115 75 appear
480 2124 110 75 almoft
607 2124 119 75 always
743 2124 32 75 in
791 2124 119 75 feveral
928 2124 224 75 ramifications
1169 2124 42 75 on

176 2171 57 75 the
250 2171 137 75 concave
406 2171 38 75 or
459 2171 99 75 louer
575 2171 63 75 fide
655 2171 40 75 of
713 2171 57 75 the
786 2171 200 75 diaphragm,
1012 2171 62 75 and
1090 2171 121 75 feldom

178 2217 43 75 on
237 2217 56 75 the
308 2217 99 75 upper
431 2217 38 75 or
485 2217 124 75 convex
624 2217 76 75 fide.
748 2217 99 75 They
864 2217 71 75 give
951 2217 89 75 fmall
1057 2217 154 75 branches

176 2264 38 75 to
231 2264 55 75 the
310 2264 156 75 glandulas
489 2264 135 75 renales,
649 2264 37 75 or
703 2264 130 75 capful
855 2264 192 75 atrabilaria.

226 2309 98 75 They
347 2309 76 75 fend
446 2309 140 75 likewife
610 2309 89 75 fmall
725 2309 155 75 branches
904 2309 35 75 to
963 2309 55 75 the
1042 2309 48 75 fat
1106 2309 106 75 which

178 2357 59 75 lies
254 2357 85 75 upon
351 2357 56 75 the
422 2357 146 75 kidneys,
594 2357 85 75 from
695 2357 131 75 whence
842 2357 78 75 they
936 2357 81 75 have
1041 2357 56 75 the
1121 2357 92 75 name

182 2403 40 75 of
241 2403 122 75 arteri
381 2403 148 75 adipof.

229 2448 129 75 Befides
374 2448 88 75 thefe
479 2448 114 75 capital
610 2448 252 75 diaphragmatic
882 2448 145 75 arteries,
1051 2448 92 75 there
1160 2448 53 75 are

181 2495 112 75 others
311 2495 40 75 of
370 2495 19 75 a
411 2495 203 75 fubordinate
641 2495 91 75 clafs,
757 2495 104 75 which
886 2495 90 75 come
992 2495 85 75 from
1094 2495 54 75 the
1164 2495 48 75 in-

184 2541 197 75 tercoftales,
407 2541 191 75 mammari
616 2541 145 75 intern,
790 2541 204 75 mediaftin,
1019 2541 195 75 pericardi,

181 2589 65 75 and
261 2589 137 75 cliaca.

230 2634 77 75 The
325 2634 105 75 cliac
446 2634 107 75 artery
569 2634 95 75 arifes
689 2634 186 75 anteriorly,
901 2634 62 75 and
975 2634 18 75 a
1008 2634 85 75 little
1108 2634 36 75 to
1160 2634 55 75 the

184 2682 62 75 left
257 2682 97 75 hand,
379 2682 85 75 from
484 2682 55 75 the
565 2682 90 75 aorta
670 2682 204 75 defcendens,
899 2682 218 75 immediately
1133 2682 83 75 after

185 2729 41 75 its
244 2729 122 75 paflage
390 2729 144 75 through
554 2729 55 75 the
632 2729 87 75 fmall
744 2729 118 75 mufcle
886 2729 40 75 of
945 2729 55 75 the
1016 2729 198 75 diaphragm,

187 2774 108 75 nearly
307 2774 141 75 oppofite
470 2774 35 75 to
527 2774 55 75 the
606 2774 130 75 cartale,
761 2774 143 75 between
923 2774 56 75 the
997 2774 58 75 laft
1071 2774 146 75 vertebra

187 2821 40 75 of
245 2821 56 75 the
325 2821 95 75 back,
446 2821 62 75 and
531 2821 55 75 the
610 2821 65 75 firft
698 2821 40 75 of
756 2821 56 75 the
834 2821 96 75 Joins.
976 2821 78 75 The
1070 2821 96 75 trunk
1182 2821 40 75 of

188 2867 64 75 this
265 2867 106 75 artery
386 2867 26 75 is
430 2867 76 75 very
521 2867 86 75 fltort
617 2867 12 75 ;
655 2867 63 75 and
733 2867 76 75 near
819 2867 42 75 its
878 2867 116 75 origin,
1020 2867 26 75 it
1062 2867 91 75 fends
1170 2867 52 75 off

186 2913 87 75 from
300 2913 55 75 the
378 2913 87 75 right
488 2913 61 75 fide
577 2913 66 75 two
666 2913 88 75 fmall
780 2913 288 75 diaphragmatic,
1093 2913 124 75 though

185 2961 182 75 fometimes
395 2961 89 75 there
510 2961 28 75 is
567 2961 76 75 only
666 2961 81 75 one,
762 2961 107 75 which
896 2961 76 75 goes
1001 2961 34 75 to
1059 2961 55 75 the
1129 2961 89 75 right

1336 157 39 75 O
1492 157 48 75 M
1653 157 52 75 Y.

2097 157 99 75 Part
2218 157 68 75 III.

1253 219 97 75 hand,
1376 219 61 75 and
1453 219 27 75 is
1498 219 187 75 afterwards
1707 219 186 75 diftributed
1908 219 80 75 both
2006 219 88 75 ways
2106 219 11 75 ;
2144 219 142 75 commu-

1253 266 140 75 nicating
1405 266 77 75 with
1499 266 56 75 the
1573 266 93 75 other
1679 266 130 75 arteries
1827 266 41 75 of
1885 266 55 75 the
1957 266 84 75 fame
2057 266 105 75 name,
2181 266 106 75 which

1254 312 88 75 come
1358 312 86 75 from
1470 312 56 75 the
1554 312 214 75 intercoftales
1797 312 62 75 and
1886 312 202 75 mammari.
2137 312 77 75 The
2229 312 60 75 left

1253 359 120 75 branch
1384 359 96 75 fends
1498 359 78 75 rami
1594 359 35 75 to
1647 359 55 75 the
1723 359 139 75 fuperior
1880 359 108 75 orifice
2004 359 41 75 of
2063 359 56 75 the
2135 359 151 75 ftomacb,

1253 405 63 75 and
1333 405 34 75 to
1383 405 57 75 the
1456 405 152 75 glandula
1633 405 115 75 renalis
1776 405 41 75 on
1842 405 56 75 the
1915 405 83 75 fame
2018 405 85 75 fide;
2131 405 55 75 the
2201 405 87 75 right

1252 451 153 75 furnilhes
1426 451 55 75 the
1506 451 145 75 pylorus,
1677 451 62 75 and
1763 451 56 75 the
1844 451 87 75 renal
1956 451 98 75 gland
2069 451 41 75 on
2128 451 56 75 the
2201 451 87 75 right

1252 497 76 75 fide.

1299 544 225 75 Immediately
1540 544 83 75 after
1645 544 78 75 this,
1749 544 56 75 the
1828 544 127 75 cliaca
1982 544 87 75 gives
2087 544 53 75 off
2151 544 19 75 a
2186 544 100 75 confi-

1252 591 128 75 derable
1397 591 133 75 branch,
1555 591 115 75 named
1685 591 129 75 arteria
1831 591 179 75 ventriculi
2021 591 184 75 coronaria,
2223 591 64 75 and

1245 637 88 75 gajh
1342 637 64 75 ica,
1431 637 38 75 of
1479 637 150 75 gajiricd
1643 637 173 75 fuperhr;
1843 637 63 75 and
1923 637 76 75 then
2019 637 26 75 it
2062 637 159 75 prefently
2236 637 50 75 di-

1251 683 88 75 vides
1351 683 70 75 into
1437 683 66 75 two
1520 683 89 75 large
1621 683 168 75 branches,
1815 683 61 75 one
1887 683 126 75 toward
2023 683 55 75 the
2091 683 86 75 right
2188 683 96 75 hand,

1250 730 116 75 named
1390 730 129 75 arteria
1542 730 170 75 hepatica;
1748 730 55 75 the
1827 730 94 75 other
1946 730 35 75 to
2006 730 56 75 the
2087 730 72 75 left,
2185 730 104 75 called

1239 776 160 75 fplenica.

1296 823 79 75 The
1392 823 157 75 coronary
1566 823 108 75 artery
1697 823 42 75 of
1758 823 55 75 the
1837 823 140 75 ftomach
1994 823 76 75 goes
2098 823 64 75 firft
2178 823 34 75 to
2230 823 56 75 the

1250 867 60 75 left
1326 867 63 75 fide
1405 867 41 75 of
1464 867 72 75 that
1554 867 113 75 organ,
1694 867 19 75 a
1738 867 87 75 little
1849 867 129 75 beyond
1994 867 56 75 the
2066 867 140 75 fuperior
2221 867 65 75 ori-

1250 915 58 75 fice
1318 915 10 75 ;
1356 915 103 75 round
1475 915 104 75 which
1598 915 109 75 orifice
1724 915 26 75 it
1766 915 122 75 throws
1902 915 166 75 branches,
2095 915 62 75 and
2172 915 66 75 alfo
2250 915 35 75 to

1250 960 97 75 every
1362 960 71 75 part
1458 960 40 75 of
1517 960 55 75 the
1597 960 139 75 ftomach
1762 960 76 75 near
1864 960 48 75 it;
1939 960 63 75 and
2026 960 88 75 thefe
2129 960 156 75 branches

1252 1008 230 75 communicate
1498 1008 80 75 with
1594 1008 90 75 thofe
1709 1008 107 75 which
1837 1008 59 75 run
1921 1008 95 75 along
2035 1008 55 75 the
2110 1008 126 75 bottom
2251 1008 40 75 of

1251 1053 55 75 the
1319 1053 140 75 ftomach
1473 1053 36 75 to
1524 1053 56 75 the
1592 1053 143 75 pylorus.

1300 1100 202 75 Afterwards
1526 1100 26 75 it
1576 1100 75 75 runs
1673 1100 41 75 on
1737 1100 55 75 the
1817 1100 87 75 right
1928 1100 63 75 fide
2013 1100 41 75 of
2072 1100 55 75 the
2143 1100 142 75 fuperior

1252 1146 120 75 orifice,
1398 1146 95 75 along
1509 1146 56 75 the
1581 1146 89 75 fmall
1682 1146 168 75 curvature
1867 1146 41 75 of
1925 1146 55 75 the
1996 1146 154 75 ftomach,
2175 1146 112 75 almolt

1233 1191 5 75 ,
1251 1191 35 75 to
1303 1191 55 75 the
1382 1191 143 75 pylorus,
1551 1191 107 75 where
1681 1191 26 75 it
1725 1191 246 75 communicates
1996 1191 78 75 with
2098 1191 56 75 the
2171 1191 115 75 arteria

1252 1238 163 75 pylorica;
1443 1238 61 75 and
1527 1238 129 75 turning
1680 1238 140 75 towards
1846 1238 56 75 the
1917 1238 91 75 fmall
2025 1238 73 75 lobe
2115 1238 41 75 of
2174 1238 55 75 the
2244 1238 39 75 li-

1252 1283 67 75 ver,
1346 1283 26 75 it
1388 1283 88 75 gives
1493 1283 53 75 off
1557 1283 85 75 fome
1658 1283 154 75 branches
1830 1283 34 75 to
1881 1283 38 75 it.

1298 1330 98 75 Then
1418 1330 25 75 it
1468 1330 169 75 advances,
1666 1330 102 75 under
1791 1330 56 75 the
1868 1330 112 75 duftus
2000 1330 145 75 venofus,
2170 1330 35 75 to
2229 1330 57 75 the

1252 1377 148 75 leftdobe
1417 1377 41 75 of
1477 1377 54 75 the
1547 1377 92 75 liver,
1664 1377 33 75 in
1709 1377 105 75 which
1828 1377 25 75 it
1870 1377 80 75 lofes
1968 1377 89 75 itfelf
2069 1377 75 75 near
2161 1377 54 75 the
2230 1377 55 75 be-

1253 1422 129 75 ginning
1405 1422 41 75 of
1464 1422 55 75 the
1544 1422 86 75 duft,
1664 1422 117 75 having
1804 1422 63 75 firft
1894 1422 93 75 given
2012 1422 51 75 off
2084 1422 86 75 fome
2194 1422 92 75 fmall

1252 1469 154 75 branches
1419 1469 36 75 to
1471 1469 55 75 the
1542 1469 230 75 neighbouring
1789 1469 85 75 parts
1892 1469 39 75 of
1951 1469 55 75 the
2023 1469 186 75 diaphragm
2223 1469 62 75 and

1253 1516 176 75 omentum.

1300 1562 48 75 As
1372 1562 75 75 foon
1472 1562 33 75 as
1530 1562 56 75 the
1610 1562 126 75 hepatic
1761 1562 109 75 artery
1893 1562 104 75 leaves
2023 1562 56 75 the
2095 1562 137 75 cliaca,
2258 1562 26 75 it

1255 1608 74 75 runs
1355 1608 34 75 to
1412 1608 54 75 the
1489 1608 99 75 upper
1614 1608 62 75 and
1702 1608 122 75 inward
1851 1608 71 75 part
1946 1608 40 75 of
2004 1608 56 75 the
2083 1608 143 75 pylorus,
2251 1608 32 75 in

1254 1655 155 75 company
1426 1655 78 75 with
1522 1655 55 75 the
1593 1655 80 75 vena
1689 1655 112 75 port,
1826 1655 130 75 fending
1971 1655 129 75 ofTtwo
2118 1655 166 75 branches,

1255 1701 18 75 a
1288 1701 90 75 fmall
1395 1701 60 75 one
1471 1701 103 75 called
1588 1701 129 75 arteria
1728 1701 158 75 pylorica,
1912 1701 63 75 and
1991 1701 18 75 a
2028 1701 89 75 large
2141 1701 61 75 one
2230 1701 54 75 na-

1254 1747 74 75 med
1339 1747 146 75 gafirica
1502 1747 132 75 dextra,
1659 1747 37 75 or
1706 1747 149 75 gajlrica
1871 1747 117 75 major.

1303 1795 76 75 The
1404 1795 144 75 pylorica
1574 1795 27 75 is
1626 1795 142 75 ramified
1792 1795 40 75 on
1850 1795 55 75 the
1922 1795 144 75 pylorus,
2091 1795 63 75 and
2169 1795 118 75 having

1255 1840 187 75 diftributed
1454 1840 154 75 branches
1622 1840 34 75 to
1673 1840 55 75 the
1742 1840 233 75 neighbouring
1990 1840 87 75 parts
2093 1840 40 75 of
2151 1840 56 75 the
2223 1840 62 75 fto-
2285 1872 32 49 1

1255 1886 104 75 mach,
1385 1886 106 75 Which
1508 1886 231 75 communicate
1751 1886 79 75 with
1842 1886 89 75 thofe
1948 1886 40 75 of
2006 1886 56 75 the
2077 1886 87 75 right
2175 1886 109 75 gaftri-

1256 1932 48 75 ca,
1328 1932 27 75 it
1367 1932 183 75 terminates
1567 1932 41 75 on
1626 1932 54 75 the
1689 1932 143 75 pylorus,
1858 1932 43 75 by
1921 1932 39 75 an
1984 1932 196 75 anaftomofis
2205 1932 79 75 with

1256 1978 55 75 the
1323 1978 156 75 coronary
1495 1978 108 75 artery
1618 1978 39 75 of
1676 1978 55 75 the
1747 1978 154 75 ftomach.

1301 2024 77 75 The
1394 2024 87 75 right
1498 2024 112 75 gaftric
1627 2024 106 75 artery
1756 2024 117 75 having
1895 2024 102 75 pafled
2013 2024 119 75 behind
2149 2024 63 75 and
2227 2024 56 75 be-

1255 2071 87 75 yond
1358 2071 55 75 the
1430 2071 143 75 pylorus,
1597 2071 92 75 fends
1706 2071 58 75 out
1791 2071 19 75 a
1833 2071 213 75 confiderable
2072 2071 132 75 branch,
2229 2071 56 75 na-

1257 2117 73 75 med
1345 2117 128 75 arteria
1491 2117 200 75 duodenalis,
1709 2117 36 75 or
1758 2117 210 75 intejiinalis,
1987 2117 106 75 which
2106 2117 180 75 fometimes

1258 2164 104 75 comes
1382 2164 85 75 from
1491 2164 55 75 the
1571 2164 98 75 trunk
1693 2164 39 75 of
1752 2164 55 75 the
1835 2164 156 75 hepatica,
2017 2164 34 75 as
2071 2164 49 75 we
2140 2164 77 75 (hall
2236 2164 51 75 fee

1258 2210 173 75 hereafter.
1479 2210 203 75 Afterwards
1703 2210 63 75 this
1782 2210 114 75 gaftric
1915 2210 106 75 artery
2037 2210 75 75 runs
2136 2210 94 75 along
2245 2210 42 75 on

1258 2257 56 75 the
1331 2257 85 75 right
1439 2257 63 75 fide
1518 2257 40 75 of
1576 2257 55 75 the
1650 2257 91 75 great
1764 2257 167 75 curvature
1948 2257 40 75 of
2006 2257 53 75 the
2076 2257 152 75 ftomach,
2253 2257 35 75 to

1258 2302 55 75 the
1325 2302 232 75 neighbouring
1572 2302 87 75 pans
1677 2302 38 75 of
1735 2302 117 75 which,
1878 2302 41 75 on
1936 2302 78 75 both
2026 2302 92 75 fides,
2142 2302 26 75 it
2183 2302 105 75 diftri-

1258 2350 91 75 butes
1362 2350 167 75 branches.

1307 2396 106 75 Thefe
1431 2396 152 75 branches
1601 2396 228 75 communicate
1845 2396 79 75 with
1936 2396 89 75 thofe
2043 2396 40 75 of
2102 2396 54 75 the
2173 2396 117 75 arteria

1260 2442 155 75 pylorica,
1440 2442 62 75 and
1524 2442 39 75 of
1581 2442 56 75 the
1656 2442 164 75 coronaria
1842 2442 181 75 ventriculi,
2049 2442 61 75 and
2133 2442 78 75 with
2233 2442 56 75 the

1262 2490 87 75 right
1364 2490 295 75 gaftro-epiploic,
1684 2490 105 75 which
1812 2490 119 75 furnifti
1955 2490 55 75 the
2034 2490 120 75 neareft
2169 2490 70 75 part
2255 2490 40 75 of

1262 2537 54 75 the
1332 2537 175 75 omentum,
1533 2537 63 75 and
1613 2537 230 75 communicate
1859 2537 79 75 with
1955 2537 56 75 the
2023 2537 204 75 mefenterica
2238 2537 49 75 fu-

1262 2582 118 75 perior.
1427 2582 99 75 After
1549 2582 76 75 this,
1651 2582 55 75 the
1730 2582 88 75 right
1834 2582 112 75 gaftric
1962 2582 107 75 artery
2089 2582 77 75 ends
2185 2582 33 75 in
2234 2582 56 75 the

1262 2629 72 75 left,
1360 2629 105 75 which
1481 2629 26 75 is
1520 2629 19 75 a
1555 2629 118 75 branch
1686 2629 39 75 of
1744 2629 56 75 the
1817 2629 148 75 fplenica.

1309 2675 76 75 The
1402 2675 157 75 duodenal
1577 2675 39 75 or
1637 2675 156 75 inteftinal
1813 2675 107 75 artery
1935 2675 74 75 runs
2030 2675 94 75 along
2138 2675 55 75 the
2208 2675 81 75 duo-

1263 2722 115 75 denum
1401 2722 42 75 on
1470 2722 57 75 the
1548 2722 64 75 fide
1635 2722 77 75 next
1728 2722 57 75 the
1798 2722 151 75 pancreas
1961 2722 9 75 ;
1997 2722 35 75 to
2047 2722 80 75 both
2143 2722 104 75 which
2263 2722 27 75 it

1264 2768 151 75 furniflies
1435 2768 166 75 branches,
1626 2768 63 75 and
1714 2768 64 75 alfo
1794 2768 36 75 to
1846 2768 55 75 the
1917 2768 230 75 neighbouring
2166 2768 72 75 part
2254 2768 40 75 of

1263 2815 55 75 the
1334 2815 152 75 ftomach.

1310 2862 77 75 The
1402 2862 128 75 hepatic
1557 2862 118 75 artery,
1695 2862 121 75 having
1831 2862 66 75 fent
1914 2862 55 75 out
1992 2862 55 75 the
2069 2862 143 75 pylorica
2228 2862 62 75 and

1264 2908 85 75 right
1366 2908 143 75 gaftrica,
1536 2908 153 75 advances
1704 2908 119 75 behind
1840 2908 55 75 the
1912 2908 110 75 dudtus
2038 2908 176 75 hepaticus,
2239 2908 52 75 to-

1264 2957 88 75 ward
1368 2957 55 75 the
1450 2957 135 75 veficula
1600 2957 96 75 fellis,
1721 2957 35 75 to
1774 2957 103 75 which
1905 2957 24 75 it
1947 2957 86 75 gives
2057 2957 66 75 two
2139 2957 152 75 principal

2137 2991 152 75 branches
