2428 3377
120 132 99 75 Parc
239 132 51 75 II.

677 124 42 75 A
835 124 43 75 N
995 124 42 75 A
1151 124 39 75 T

298 216 282 75 ULNARIS
617 216 359 75 EXTERNUS.

166 288 105 75 This
298 288 26 75 is
349 288 19 75 a
394 288 77 75 long
498 288 117 75 mufcle
641 288 89 75 lying
756 288 41 75 on
819 288 56 75 the
897 288 120 75 outfide
1041 288 41 75 of
1099 288 55 75 the

122 334 167 75 fore-arm,
313 334 99 75 fkihy
428 334 125 75 toward
563 334 56 75 the
636 334 36 75 os
688 334 137 75 humeri,
843 334 63 75 and
924 334 166 75 tendinous
1103 334 50 75 to-

122 381 92 75 ward
229 381 57 75 the
303 381 126 75 carpus.

170 427 31 75 It
217 427 27 75 is
262 427 87 75 fixed
364 427 101 75 above
481 427 35 75 to
533 427 56 75 the
605 427 146 75 external
768 427 134 75 condyle
919 427 39 75 of
971 427 54 75 the
1041 427 36 75 os
1094 427 60 75 hu-

123 473 92 75 meri,
240 473 95 75 being
352 473 90 75 there
457 473 113 75 united
585 473 35 75 to
640 473 56 75 the
724 473 163 75 anconaeus
904 473 116 75 minor,
1046 473 35 75 to
1098 473 56 75 the

122 519 132 75 annular
275 519 152 75 ligament
443 519 40 75 of
494 519 56 75 the
566 519 85 75 head
666 519 41 75 of
729 519 54 75 the
808 519 118 75 radius,
953 519 63 75 and
1040 519 35 75 to
1099 519 54 75 the

122 566 101 75 upper
252 566 74 75 half
347 566 41 75 of
407 566 55 75 the
490 566 147 75 external
665 566 92 75 angle
782 566 39 75 of
840 566 55 75 the
921 566 87 75 ulna.
1057 566 98 75 From

122 613 116 75 thence
262 613 26 75 it
316 613 167 75 advances,
512 613 64 75 and
602 613 99 75 forms
719 613 19 75 a
760 613 132 75 tendon,
924 613 107 75 which
1058 613 96 75 palfes

125 658 142 75 through
284 658 56 75 the
356 658 147 75 external
528 658 98 75 notch
655 658 32 75 at
714 658 55 75 the
793 658 100 75 lower
920 658 175 75 extremity
1122 658 40 75 of

123 705 63 75 this
203 705 94 75 bone,
323 705 42 75 on
382 705 60 75 one
465 705 64 75 fide
545 705 41 75 of
602 705 57 75 the
675 705 116 75 ftyloid
808 705 177 75 apophyfis.

169 751 78 75 The
263 751 130 75 tendon,
412 751 117 75 having
545 751 173 75 afterward
734 751 105 75 pafied
858 751 102 75 under
976 751 19 75 a
1015 751 138 75 particu-

123 797 49 75 lar
195 797 152 75 ligament
368 797 135 75 fituated
526 797 76 75 near
619 797 55 75 the
692 797 35 75 os
748 797 194 75 cuneiforme
961 797 40 75 of
1013 797 55 75 the
1085 797 68 75 car-

122 844 72 75 pus,
219 844 27 75 is
262 844 139 75 inferted
415 844 32 75 in
469 844 55 75 the
540 844 122 75 outfide
687 844 40 75 of
745 844 56 75 the
825 844 77 75 bafis
919 844 40 75 of
969 844 57 75 the
1041 844 113 75 fourth

123 890 193 75 metacarpal
331 890 96 75 bone,
450 890 132 75 fending
597 890 85 75 fome
699 890 167 75 tendinous
878 890 155 75 filaments
1046 890 35 75 to
1098 890 57 75 the

125 937 78 75 bafis
221 937 39 75 of
271 937 55 75 the
343 937 84 75 little
442 937 113 75 finger.

164 1029 198 75 Radialis
389 1029 232 75 Externus,
647 1029 157 75 Primus
832 1029 30 75 Sc
888 1029 226 75 Secundus.

172 1102 132 75 These
323 1102 53 75 are
393 1102 66 75 two
474 1102 132 75 mufcles
624 1102 118 75 clofely
757 1102 111 75 united
883 1102 161 75 together,
1067 1102 90 75 lying

126 1149 96 75 along
237 1149 56 75 the
309 1149 145 75 external
480 1149 91 75 angle
598 1149 41 75 of
660 1149 55 75 the
743 1149 119 75 radius,
887 1149 143 75 between
1048 1149 55 75 the
1120 1149 36 75 os

127 1195 123 75 humeri
267 1195 61 75 and
345 1195 54 75 the
411 1195 127 75 carpus,
563 1195 94 75 being
673 1195 96 75 fleflry
785 1195 75 75 near
871 1195 56 75 the
943 1195 133 75 former,
1094 1195 63 75 and

127 1241 169 75 tendinous
320 1241 77 75 near
411 1241 55 75 the
483 1241 108 75 latter.

172 1287 77 75 The
264 1287 64 75 firft
343 1287 26 75 is
386 1287 139 75 inferted
541 1287 113 75 above,
678 1287 33 75 in
727 1287 56 75 the
800 1287 91 75 crifta
917 1287 40 75 of
975 1287 56 75 the
1047 1287 109 75 exter-

128 1334 50 75 nal
196 1334 134 75 condyle
352 1334 39 75 of
405 1334 55 75 the
473 1334 36 75 os
525 1334 136 75 humeri,
686 1334 105 75 below
810 1334 55 75 the
882 1334 150 75 infertion
1052 1334 40 75 of
1102 1334 58 75 the

130 1379 161 75 fupinator
307 1379 126 75 longus.
481 1379 77 75 The
582 1379 117 75 fecond
722 1379 27 75 is
773 1379 140 75 inferted
939 1379 33 75 in
996 1379 55 75 the
1075 1379 84 75 fame

131 1425 137 75 condyle
294 1425 105 75 below
422 1425 55 75 the
505 1425 152 75 infertion
686 1425 39 75 of
747 1425 55 75 the
828 1425 86 75 firft;
953 1425 62 75 and
1041 1425 33 75 in
1102 1425 56 75 the

134 1471 233 75 neighbouring
387 1471 150 75 articular
558 1471 164 75 ligament.
770 1471 98 75 From
891 1471 114 75 thence
1021 1471 56 75 the
1093 1471 66 75 two

131 1518 96 75 flelhy
243 1518 110 75 bodies
370 1518 58 75 run
446 1518 95 75 down
557 1518 78 75 very
657 1518 83 75 clofe
763 1518 150 75 together
926 1518 11 75 ;
964 1518 62 75 and
1042 1518 118 75 having

133 1566 136 75 reached
291 1566 56 75 the
363 1566 119 75 middle
500 1566 39 75 of
550 1566 55 75 the
621 1566 120 75 outfide
757 1566 40 75 of
815 1566 56 75 the
887 1566 119 75 radius,
1031 1566 78 75 each
1126 1566 40 75 of

133 1611 89 75 them
235 1611 184 75 terminates
436 1611 31 75 in
485 1611 18 75 a
517 1611 76 75 long
604 1611 131 75 tendon.

177 1657 76 75 The
270 1657 65 75 two
351 1657 135 75 tendons
503 1657 193 75 accompany
712 1657 77 75 each
813 1657 93 75 other
922 1657 35 75 to
979 1657 56 75 the
1051 1657 109 75 extre-

133 1704 82 75 mity
232 1704 39 75 of
282 1704 55 75 the
353 1704 126 75 radius;
509 1704 74 75 and,
607 1704 118 75 having
740 1704 104 75 paffed
859 1704 103 75 under
984 1704 19 75 a
1021 1704 139 75 particu-

135 1750 51 75 lar
213 1750 132 75 annular
371 1750 164 75 ligament,
561 1750 77 75 they
662 1750 52 75 are
739 1750 130 75 divided
890 1750 33 75 as
939 1750 26 75 it
981 1750 84 75 were
1092 1750 68 75 into

133 1797 68 75 two
217 1797 119 75 cornua
349 1797 10 75 ;
385 1797 85 75 from
486 1797 130 75 whence
633 1797 55 75 the
700 1797 153 75 ancients,
878 1797 73 75 who
968 1797 118 75 looked
1102 1797 57 75 up-

133 1843 41 75 on
192 1843 88 75 them
298 1843 32 75 as
348 1843 60 75 one
426 1843 129 75 mufcle,
580 1843 79 75 gave
674 1843 26 75 it
717 1843 55 75 the
788 1843 90 75 name
896 1843 40 75 of
947 1843 153 75 bicornis.

179 1890 73 75 One
268 1890 42 75 of
320 1890 87 75 thefe
423 1890 135 75 tendons
575 1890 26 75 is
618 1890 138 75 inferted
771 1890 175 75 anteriorly
961 1890 33 75 in
1009 1890 55 75 the
1081 1890 78 75 bafis

134 1936 40 75 of
184 1936 56 75 the
255 1936 65 75 firft
335 1936 192 75 metacarpal
540 1936 94 75 bone,
659 1936 56 75 the
727 1936 94 75 other
836 1936 110 75 nearly
961 1936 32 75 in
1005 1936 56 75 the
1077 1936 84 75 fame

133 1984 88 75 place
237 1984 41 75 of
287 1984 56 75 the
358 1984 115 75 fecond
494 1984 93 75 bone.

180 2076 177 75 Ulnaris
374 2076 206 75 Graciejs,
605 2076 97 75 vulgo
716 2076 202 75 Palmaris
935 2076 176 75 Longus.

180 2149 101 75 This
303 2149 27 75 is
347 2149 19 75 a
381 2149 89 75 fmall
486 2149 130 75 mufcle,
641 2149 89 75 lying
751 2149 144 75 between
911 2149 57 75 the
984 2149 36 75 os
1036 2149 124 75 humeri

136 2194 62 75 and
213 2194 55 75 the
285 2194 129 75 carpus,
438 2194 43 75 on
500 2194 55 75 the
574 2194 95 75 infide
692 2194 39 75 of
742 2194 56 75 the
814 2194 156 75 fore-arm
980 2194 10 75 ;
1015 2194 42 75 its
1073 2194 88 75 body

137 2240 94 75 being
247 2240 87 75 fmall
353 2240 63 75 and
431 2240 133 75 flender,
588 2240 42 75 its
647 2240 118 75 tendon
781 2240 77 75 very
874 2240 75 75 long
967 2240 62 75 and
1044 2240 69 75 flat.

184 2286 32 75 It
239 2286 27 75 is
291 2286 88 75 fixed
399 2286 45 75 by
465 2286 41 75 its
530 2286 97 75 flefhy
653 2286 140 75 portion,
817 2286 32 75 in
877 2286 55 75 the
953 2286 90 75 fmall
1071 2286 91 75 crifta

137 2332 40 75 of
195 2332 55 75 the
266 2332 90 75 inner
371 2332 135 75 condyle
531 2332 39 75 of
588 2332 56 75 the
661 2332 35 75 os
709 2332 137 75 humeri,
871 2332 179 75 fometimes
1063 2332 97 75 clofe-

137 2379 36 75 ly
187 2379 112 75 united
314 2379 36 75 to
372 2379 55 75 the
444 2379 118 75 ulnaris
586 2379 156 75 internus.
790 2379 100 75 From
906 2379 114 75 thence
1042 2379 25 75 it
1085 2379 75 75 runs

136 2425 95 75 down
248 2425 97 75 flefhy
368 2425 51 75 for
442 2425 85 75 fome
555 2425 102 75 fpace,
682 2425 130 75 turning
838 2425 19 75 a
882 2425 88 75 little
997 2425 165 75 obliquely

137 2471 140 75 towards
293 2471 56 75 the
365 2471 119 75 middle
504 2471 40 75 of
559 2471 54 75 the
625 2471 167 75 fore-arm,
818 2471 63 75 and
896 2471 77 75 ends
989 2471 33 75 in
1039 2471 18 75 a
1071 2471 89 75 long,

137 2518 139 75 Barrow,
300 2518 69 75 thin
386 2518 131 75 tendon.

184 2563 84 75 This
283 2563 118 75 tendon
418 2563 100 75 pafles
538 2563 94 75 down
649 2563 55 75 the
721 2563 120 75 middle
861 2563 42 75 of
922 2563 54 75 the
993 2563 167 75 fore-arm,

138 2611 76 75 over
226 2611 43 75 all
280 2611 56 75 the
347 2611 94 75 other
452 2611 131 75 mufcles
600 2611 35 75 to
646 2611 106 75 which
763 2611 26 75 it
800 2611 129 75 flightly
941 2611 145 75 adheres,
1100 2611 63 75 and

138 2656 174 75 advancing
320 2656 77 75 over
408 2656 55 75 the
473 2656 87 75 large
571 2656 135 75 internal
718 2656 129 75 annular
854 2656 38 75 or
899 2656 173 75 tranfverfe
1084 2656 78 75 liga-

138 2704 86 75 ment
235 2704 40 75 of
283 2704 55 75 the
351 2704 124 75 carpus,
491 2704 27 75 is
530 2704 136 75 inferted
677 2704 33 75 in
723 2704 54 75 the
787 2704 122 75 furfaoe
920 2704 138 75 thereof,
1071 2704 91 75 fend-

138 2752 54 75 ing
204 2752 54 75 off"
263 2752 83 75 fome
358 2752 143 75 radiated
512 2752 154 75 filaments
679 2752 35 75 to
725 2752 55 75 the
792 2752 197 75 aponeurofis
1002 2752 161 75 palmaris.

261 2853 354 75 PALMARIS
657 2853 401 75 CUTANEUS.-

190 2925 101 75 This
307 2925 116 75 mufcle
434 2925 26 75 is
478 2925 117 75 afmall
611 2925 69 75 thin
697 2925 91 75 plane
804 2925 40 75 of
855 2925 96 75 flefhy
965 2925 107 75 fibres,
1090 2925 73 75 fitu-

143 2974 75 75 ated
235 2974 221 75 tranfverfely,
480 2974 36 75 or
531 2974 89 75 more
636 2974 38 75 or
699 2974 60 75 lefs
777 2974 175 75 obliquely,
981 2974 101 75 under
1109 2974 55 75 the

1308 118 39 75 O
1464 118 49 75 M
1630 118 55 75 Y.

2153 118 77 75 199

1198 183 66 75 fkin
1280 183 41 75 of
1332 183 55 75 the
1402 183 88 75 large
1513 183 160 75 eminence
1696 183 32 75 in
1746 183 54 75 the
1816 183 85 75 palm
1918 183 41 75 of
1977 183 55 75 the
2050 183 99 75 hand,
2172 183 56 75 be-

1199 229 103 75 tween
1318 229 56 75 the
1391 229 110 75 carpus
1518 229 64 75 and
1597 229 55 75 the
1668 229 84 75 little
1768 229 122 75 finger;
1909 229 42 75 its
1963 229 95 75 fibres
2075 229 154 75 adhering

1200 276 34 75 to
1246 276 55 75 the
1318 276 79 75 fkin,
1422 276 63 75 and
1501 276 94 75 being
1617 276 33 75 in
1675 276 86 75 fome
1777 276 141 75 meafure
1936 276 198 75 interwoven
2149 276 80 75 with

1199 322 56 75 the
1275 322 182 75 membrana
1473 322 139 75 adipofa.

1245 369 109 75 Thefe
1372 369 93 75 fibres
1478 369 52 75 are
1542 369 89 75 fixed
1646 369 96 75 along
1758 369 55 75 the
1830 369 80 75 edge
1927 369 40 75 of
1981 369 55 75 the
2053 369 174 75 aponeuro-

1198 415 38 75 fis
1258 415 162 75 palmaris,
1445 415 84 75 from
1550 415 54 75 the
1620 415 88 75 large
1724 415 154 75 ligament
1905 415 40 75 of
1967 415 57 75 the
2048 415 112 75 carpus
2176 415 52 75 to-

1198 461 88 75 ward
1302 461 56 75 the
1374 461 85 75 little
1475 461 122 75 finger;
1623 461 64 75 and
1706 461 76 75 they
1796 461 58 75 run
1870 461 34 75 in
1915 461 53 75 for
1982 461 86 75 fome
2084 461 90 75 fpace
2186 461 43 75 on

1198 507 56 75 the
1270 507 92 75 plane
1378 507 41 75 of
1429 507 56 75 the
1502 507 210 75 aponeurofis,
1730 507 65 75 hut
1812 507 138 75 without
1972 507 62 75 any
2049 507 180 75 connexion

1199 553 78 75 with
1291 553 54 75 the
1363 553 97 75 bones
1477 553 40 75 of
1528 553 54 75 the
1598 553 211 75 metacarpus.
1843 553 91 75 Near
1946 553 55 75 the
2014 553 213 75 aponeurofis,

1199 600 88 75 thefe
1303 600 93 75 fibres
1413 600 53 75 are
1478 600 88 75 more
1576 600 39 75 or
1630 600 60 75 lefs
1707 600 183 75 tendinous,
1915 600 63 75 and
1987 600 87 75 fome
2089 600 41 75 of
2140 600 90 75 them

1200 646 90 75 often
1307 646 84 75 crofs
1408 646 78 75 each
1509 646 106 75 other.

1454 747 523 75 METACARPIUS.

1244 831 103 75 This
1368 831 26 75 is
1412 831 18 75 a
1447 831 79 75 very
1541 831 91 75 fmall
1650 831 98 75 flefhy
1761 831 131 75 mufcle,
1914 831 133 75 fituated
2064 831 167 75 obliquely

1198 876 147 75 between
1361 876 56 75 the
1432 876 89 75 large
1537 876 136 75 internal
1690 876 132 75 annular
1838 876 37 75 or
1887 876 171 75 tranfverfe
2077 876 154 75 ligament

1202 922 39 75 of
1252 922 57 75 the
1326 922 126 75 carpus,
1477 922 63 75 and
1563 922 55 75 the
1645 922 106 75 whole
1766 922 95 75 infide
1878 922 40 75 of
1929 922 55 75 the
1999 922 112 75 fourth
2129 922 102 75 meta-

1203 968 106 75 carpal
1327 968 94 75 bone.

1248 1015 32 75 It
1294 1015 27 75 is
1338 1015 89 75 fixed
1442 1015 44 75 by
1502 1015 18 75 a
1535 1015 92 75 fmall
1642 1015 87 75 fhort
1744 1015 119 75 tendon
1875 1015 36 75 to
1922 1015 57 75 the
1990 1015 36 75 os
2039 1015 191 75 orbiculare,

1201 1061 62 75 and
1278 1061 36 75 to
1329 1061 56 75 the
1401 1061 234 75 neighbouring
1650 1061 71 75 part
1737 1061 41 75 of
1788 1061 55 75 the
1858 1061 89 75 large
1962 1061 152 75 ligament
2125 1061 40 75 of
2175 1061 58 75 the

1202 1108 123 75 carpus.
1375 1108 98 75 From
1490 1108 114 75 thence
1619 1108 41 75 its
1677 1108 95 75 fibres
1785 1108 58 75 run
1860 1108 90 75 more
1961 1108 38 75 or
2008 1108 61 75 lefs
2085 1108 147 75 oblique-

1199 1154 34 75 ly
1250 1154 126 75 toward
1391 1154 56 75 the
1462 1154 98 75 infide
1587 1154 40 75 of
1646 1154 55 75 the
1724 1154 112 75 fourth
1861 1154 193 75 metacarpal
2078 1154 95 75 bone,
2198 1154 33 75 in

1202 1200 54 75 the
1273 1200 92 75 outer
1382 1200 80 75 edge
1478 1200 41 75 of
1529 1200 106 75 which
1661 1200 77 75 they
1762 1200 53 75 are
1842 1200 150 75 inferted.
2041 1200 78 75 The
2135 1200 96 75 fibres

1202 1247 40 75 of
1252 1247 64 75 this
1333 1247 117 75 mufcle
1467 1247 55 75 are
1540 1247 40 75 of
1591 1247 138 75 unequal
1744 1247 141 75 lengths,
1911 1247 62 75 and
1984 1247 122 75 extend
2121 1247 43 75 all
2175 1247 57 75 the

1202 1293 72 75 way
1289 1293 36 75 to
1341 1293 56 75 the
1414 1293 202 75 articulation
1633 1293 40 75 of
1695 1293 56 75 the
1766 1293 65 75 firft
1846 1293 142 75 phalanx
2013 1293 40 75 of
2074 1293 56 75 the
2146 1293 87 75 little

1204 1339 100 75 finger
1319 1339 79 75 with
1415 1339 56 75 the
1488 1339 111 75 fourth
1612 1339 189 75 metacarpal
1814 1339 95 75 bone,
1935 1339 59 75 but
2009 1339 79 75 they
2098 1339 81 75 have
2190 1339 46 75 no

1203 1385 129 75 manner
1351 1385 40 75 of
1402 1385 136 75 relation
1555 1385 34 75 to
1605 1385 71 75 that
1693 1385 112 75 finger.

1203 1498 103 75 Uses
1335 1498 43 75 of
1390 1498 53 75 the
1469 1498 145 75 Mufcles
1635 1498 108 75 which
1769 1498 89 75 move
1889 1498 54 75 the
1965 1498 125 75 Carpus
2115 1498 38 75 on
2177 1498 55 75 the

1627 1543 182 75 Fore-arm.

1250 1625 130 75 Wheh
1394 1625 57 75 the
1465 1625 129 75 ulnarus
1610 1625 141 75 internus
1769 1625 63 75 als
1849 1625 104 75 alone,
1971 1625 36 75 or
2024 1625 34 75 as
2074 1625 57 75 the
2147 1625 85 75 prin-

1205 1670 81 75 cipal
1302 1670 121 75 mover,
1448 1670 26 75 it
1487 1670 111 75 brings
1619 1670 55 75 the
1689 1670 86 75 hand
1792 1670 164 75 obliquely
1972 1670 125 75 toward
2112 1670 56 75 the
2183 1670 49 75 in-

1204 1717 101 75 ternal
1323 1717 148 75 condyle,
1496 1717 63 75 and
1574 1717 124 75 toward
1721 1717 57 75 the
1794 1717 194 75 olecranum,
2014 1717 124 75 though
2154 1717 81 75 with

1204 1764 172 75 difficulty.

1252 1810 111 75 When
1386 1810 27 75 it
1437 1810 64 75 a<fts
1518 1810 149 75 together
1687 1810 80 75 with
1795 1810 55 75 the
1873 1810 128 75 radialis
2025 1810 155 75 internus,
2205 1810 28 75 it

1204 1857 90 75 turns
1312 1857 55 75 the
1383 1857 87 75 hand
1486 1857 131 75 equally
1633 1857 140 75 towards
1798 1857 56 75 the
1878 1857 67 75 two
1972 1857 198 75 extremities
2198 1857 42 75 of

1204 1903 56 75 the
1275 1903 100 75 bones
1392 1903 40 75 of
1444 1903 56 75 the
1514 1903 157 75 fore-arm
1684 1903 11 75 ;
1722 1903 64 75 and
1807 1903 137 75 thereby
1959 1903 109 75 moves
2083 1903 58 75 not
2156 1903 80 75 only

1205 1951 55 75 the
1277 1951 112 75 carpus
1405 1951 32 75 in
1453 1951 130 75 general
1606 1951 40 75 on
1670 1951 55 75 the
1741 1951 166 75 fore-arm,
1933 1951 57 75 but
2017 1951 65 75 alfo
2103 1951 55 75 the
2184 1951 48 75 fe-

1205 1996 84 75 cond
1302 1996 70 75 row
1388 1996 39 75 of
1438 1996 55 75 the
1512 1996 113 75 carpus
1642 1996 41 75 on
1705 1996 54 75 the
1775 1996 77 75 firft,
1877 1996 63 75 and
1963 1996 55 75 the
2040 1996 195 75 metacarpal

1205 2043 98 75 bones
1319 2043 41 75 on
1380 2043 56 75 the
1451 2043 129 75 fecond.

1253 2089 110 75 When
1378 2089 27 75 it
1422 2089 64 75 adts
1502 2089 80 75 with
1598 2089 56 75 the
1670 2089 118 75 ulnaris
1817 2089 165 75 externus,
2006 2089 29 75 it
2062 2089 90 75 turns
2178 2089 58 75 the

1207 2135 92 75 outer
1316 2135 81 75 edge
1412 2135 42 75 of
1464 2135 55 75 the
1534 2135 87 75 hand
1636 2135 125 75 toward
1776 2135 56 75 the
1847 2135 196 75 olecranum.

1252 2181 111 75 When
1379 2181 55 75 the
1450 2181 127 75 ulnarus
1594 2181 152 75 externus
1769 2181 63 75 adts
1857 2181 80 75 with
1961 2181 55 75 the
2039 2181 120 75 ulnaris
2183 2181 50 75 in-

1206 2228 120 75 ternus,
1352 2228 27 75 it
1399 2228 90 75 turns
1507 2228 55 75 the
1586 2228 94 75 outer
1704 2228 83 75 edge
1806 2228 40 75 of
1863 2228 56 75 the
1934 2228 88 75 hand
2037 2228 124 75 toward
2178 2228 56 75 the

1206 2275 195 75 olecranum,
1427 2275 34 75 as
1477 2275 131 75 already
1622 2275 79 75 faid.

1254 2320 96 75 With
1372 2320 55 75 the
1451 2320 133 75 radiales
1602 2320 137 75 externi,
1764 2320 27 75 it
1816 2320 89 75 turns
1905 2352 8 49 ;
1927 2320 56 75 the
2006 2320 86 75 back
2115 2320 42 75 of
2174 2320 55 75 the

1205 2367 87 75 hand
1311 2367 126 75 toward
1451 2367 56 75 the
1523 2367 93 75 outer
1632 2367 148 75 condyle.

1254 2413 111 75 When
1382 2413 64 75 this
1462 2413 117 75 mufcle
1602 2413 62 75 afls
1678 2413 102 75 alone,
1805 2413 25 75 it
1846 2413 107 75 brings
1970 2413 56 75 the
2043 2413 92 75 outer
2151 2413 82 75 edge

1207 2461 40 75 of
1258 2461 54 75 the
1327 2461 87 75 hand
1431 2461 164 75 obliquely
1611 2461 123 75 toward
1754 2461 55 75 the
1825 2461 180 75 olecranum
2022 2461 63 75 and
2100 2461 55 75 the
2172 2461 59 75 ex-

1207 2506 101 75 ternal
1326 2506 135 75 condyle
1478 2506 31 75 at
1525 2506 56 75 the
1596 2506 83 75 fame
1695 2506 90 75 time.

1254 2551 97 75 With
1363 2551 54 75 the
1434 2551 129 75 radialis
1578 2551 164 75 externus,
1759 2551 55 75 the
1825 2551 142 75 internus
1984 2551 115 75 carries
2112 2551 57 75 the
2182 2551 49 75 in-

1208 2599 56 75 ner
1283 2599 80 75 edge
1379 2599 41 75 of
1430 2599 56 75 the
1502 2599 97 75 hand,
1624 2599 37 75 or
1677 2599 70 75 that
1771 2599 78 75 next
1873 2599 56 75 the
1957 2599 124 75 thumb,
2107 2599 125 75 toward

1208 2646 55 75 the
1285 2646 173 75 extremity
1476 2646 41 75 of
1534 2646 54 75 the
1612 2646 121 75 radius,
1757 2646 63 75 and
1843 2646 125 75 toward
1984 2646 55 75 the
2053 2646 71 75 fold
2138 2646 94 75 made

1209 2692 43 75 by
1267 2692 55 75 the
1338 2692 74 75 ulna
1435 2692 61 75 and
1512 2692 35 75 os
1564 2692 136 75 humeri.

1256 2738 119 75 Alone,
1400 2738 25 75 it
1441 2738 106 75 moves
1565 2738 155 75 that-part
1742 2738 40 75 of
1804 2738 55 75 the
1886 2738 88 75 hand
1988 2738 103 75 which
2108 2738 27 75 is
2151 2738 80 75 next

1210 2785 55 75 the
1285 2785 112 75 thumb
1413 2785 176 75 obliquely,
1613 2785 123 75 toward
1753 2785 54 75 the
1833 2785 138 75 internal
1997 2785 93 75 angle
2116 2785 41 75 of
2176 2785 63 75 the.

1209 2831 119 75 radius.

1256 2879 76 75 The
1348 2879 126 75 radialis
1492 2879 163 75 externus,
1680 2879 150 75 together
1857 2879 78 75 with
1959 2879 67 75 the"
2037 2879 128 75 radialis
2181 2879 49 75 in-

1210 2925 118 75 ternus,
1355 2925 89 75 turns
1461 2925 54 75 the
1530 2925 89 75 inner
1636 2925 81 75 edge
1734 2925 40 75 of
1785 2925 56 75 the
1856 2925 86 75 hand
1956 2925 135 75 dire&ly
2106 2925 126 75 toward

1209 2973 53 75 the
1278 2973 116 75 ftyloid
1409 2973 164 75 apophyfis
1590 2973 40 75 of
1641 2973 54 75 the
1713 2973 118 75 radius.

2135 3023 101 75 Witht
