2517 3387
823 192 350 75 BOX

214 271 75 75 Tig.

220 315 31 75 3.
278 315 29 75 a,
331 315 133 75 Gluma,
490 315 95 75 anoth
596 315 25 75 ;r
637 315 116 75 fpecles
775 315 40 75 of
831 315 98 75 calix,
953 315 173 75 beleftging
1142 315 99 75 chief-

263 361 32 75 ly
309 361 34 75 to
360 361 112 75 graffes
490 361 61 75 and
563 361 105 75 corns,
685 361 62 75 and
763 361 124 75 confifts
900 361 41 75 of
951 361 152 75 different
1115 361 128 75 valves;

263 408 34 75 b,
322 408 115 75 arijia,
463 408 38 75 or
518 408 83 75 awn.

218 453 33 75 4.
278 453 19 75 a
324 453 29 75 a,
381 453 146 75 Umbella
553 453 204 75 univerfalis,
795 453 228 75 comprehends
1052 453 55 75 the
1139 453 105 75 whole

263 499 136 75 flowers,
426 499 33 75 <b
468 499 5 75 '
473 499 18 75 c.
516 499 112 75 arifing
644 499 85 75 from
753 499 19 75 a
795 499 146 75 common
957 499 121 75 centre,
1104 499 63 75 and
1194 499 49 75 re-

263 544 155 75 fembling
449 544 19 75 a
498 544 87 75 large
612 544 66 75 fan,
728 544 34 75 b,
790 544 146 75 Umbella
950 544 172 75 partialis,
1155 544 39 75 or
1226 544 18 75 a

263 591 126 75 fnaaller
405 591 104 75 parcel
527 591 39 75 of
577 591 54 75 the
649 591 136 75 flowers,
811 591 63 75 <bc.
899 591 187 75 refembling
1114 591 18 75 a
1153 591 90 75 fmall

264 639 67 75 fan.
383 639 17 75 c
416 639 30 75 c,
475 639 205 75 Involucrum
696 639 194 75 univerfale,
915 639 19 75 a
961 639 117 75 fpecies
1095 639 40 75 of
1157 639 87 75 calix

263 685 32 75 in
312 685 105 75 which
440 685 55 75 the
517 685 104 75 whole
636 685 124 75 flowers
776 685 84 75 were
876 685 140 75 inclofed
1032 685 111 75 before
1160 685 84 75 their

264 730 152 75 blowing,
457 730 22 75 d
494 730 35 75 d,
557 730 205 75 Involucrum
788 730 157 75 partiale,
986 730 19 75 a
1028 730 89 75 lefler
1144 730 98 75 calix,

265 776 104 75 which
387 776 141 75 includes
542 776 17 75 a
571 776 124 75 fmaller
706 776 116 75 bundle
839 776 40 75 of
891 776 139 75 flowers,
1049 776 62 75 and
1124 776 116 75 which,

265 822 111 75 before
392 822 84 75 their
492 822 150 75 blowing,
667 822 27 75 is
716 822 139 75 inclofed
871 822 30 75 in
918 822 55 75 the
990 822 199 75 involucrum
1206 822 35 75 u-

264 869 162 75 niverfale.
474 869 176 75 Examples
674 869 41 75 of
733 869 87 75 thefe
845 869 53 75 are
915 869 102 75 found
1033 869 33 75 in
1081 869 56 75 the
1150 869 92 75 hem-

264 915 84 75 lock,
374 915 118 75 carrot,
519 915 64 75 6r.

220 962 31 75 5.
276 962 29 75 c,
330 962 171 75 Calyptra;
540 962 34 75 b,
600 962 202 75 operculum;
840 962 30 75 a,
888 962 191 75 capitulum.
1134 962 110 75 Thefe

265 1009 95 75 terms
378 1009 53 75 are
447 1009 140 75 peculiar
603 1009 35 75 to
653 1009 125 75 mofles.

215 1058 36 75 6.
280 1058 185 75 Amentum,
492 1058 18 75 a
526 1058 118 75 fpecies
671 1058 41 75 of
734 1058 98 75 calix,
865 1058 28 75 e.
905 1058 39 75 g.
969 1058 32 75 in
1030 1058 55 75 the
1112 1058 131 75 willow,

262 1100 188 75 birch-tree,
476 1100 65 75 (sc.

218 1147 34 75 7.
278 1147 174 75 Strobilus,
478 1147 18 75 a
512 1147 210 75 pericarpium
738 1147 38 75 or
802 1147 124 75 capfule
954 1147 168 75 compofed
1146 1147 42 75 of
1205 1147 39 75 an

264 1193 172 75 amentum,
462 1193 39 75 an
526 1193 147 75 example
689 1193 41 75 of
752 1193 104 75 which
880 1193 112 75 occurs
1015 1193 33 75 in
1073 1193 55 75 the
1155 1193 88 75 mag-

265 1240 95 75 nolia.

216 1287 35 75 8.
277 1287 118 75 Fungi,
444 1287 30 75 a,
502 1287 132 75 Pileus;
654 1287 33 75 b,
705 1287 94 75 voha
811 1287 10 75 ;
849 1287 28 75 c,
887 1287 115 75 Jhpes.
1051 1287 110 75 Thefe
1179 1287 66 75 two

262 1332 52 75 are
328 1332 115 75 moitly
458 1332 127 75 applied
600 1332 35 75 to
651 1332 54 75 the
721 1332 87 75 parts
825 1332 41 75 of
877 1332 208 75 mufhrooms.

217 1378 33 75 9.
280 1378 29 75 a,
337 1378 246 75 Receptaculum
605 1378 160 75 commune
788 1378 134 75 nudum,
948 1378 56 75 the
1028 1378 146 75 Common
1192 1378 50 75 re-

262 1424 153 75 ceptacle,
432 1424 37 75 or
485 1424 73 75 bafe
570 1424 39 75 of
626 1424 55 75 the
697 1424 121 75 flower,
844 1424 93 75 when
952 1424 55 75 the
1027 1424 142 75 llamina,
1194 1424 48 75 pi-

263 1469 61 75 flil,
350 1469 135 75 capfule,
513 1469 65 75 (sc.
603 1469 53 75 are
673 1469 94 75 taken
784 1469 58 75 off.

219 1518 55 75 10.
300 1518 247 75 Receptaculum
564 1518 161 75 commune
738 1518 108 75 paleis
862 1518 221 75 imbricalum,
1101 1518 37 75 or
1155 1518 87 75 com-

262 1562 74 75 mon
364 1562 176 75 receptacle
563 1562 193 75 imbricated
782 1562 37 75 or
846 1562 81 75 tiled
952 1562 79 75 with
1059 1562 110 75 paleae,
1205 1562 38 75 or

263 1608 276 75 membranaceous
554 1608 148 75 lamellae.

218 1655 55 75 ix.
298 1655 132 75 Corollee
453 1655 214 75 mompetalec,
709 1655 30 75 a,
773 1655 129 75 Tubus;
933 1655 33 75 b,
991 1655 129 75 limbus'
1120 1655 11 75 ,
1158 1655 27 75 i.
1211 1655 28 75 e.

262 1702 33 75 a,
320 1702 55 75 the
396 1702 99 75 tube;
539 1702 31 75 b,
595 1702 55 75 the
667 1702 80 75 edge
763 1702 37 75 or
815 1702 123 75 margin
954 1702 40 75 of
1012 1702 19 75 a
1057 1702 184 75 monopeta-

261 1748 70 75 lous
358 1748 134 75 corolla.
550 1748 78 75 The
655 1748 121 75 corolla
798 1748 133 75 fignifies
951 1748 57 75 the
1039 1748 200 75 flower-leaf,

262 1794 92 75 when
370 1794 26 75 it
421 1794 125 75 Confifts
573 1794 58 75 but
658 1794 40 75 of
719 1794 72 75 one,
817 1794 62 75 and
906 1794 57 75 the
986 1794 104 75 whole
1116 1794 124 75 flower-

262 1841 118 75 leaves,
405 1841 92 75 when
513 1841 26 75 it
556 1841 123 75 confifts
696 1841 40 75 of
747 1841 101 75 more.

218 1891 55 75 12.
298 1891 33 75 Is
349 1891 18 75 a
382 1891 111 75 flower
507 1891 66 75 laid
587 1891 33 75 in
638 1891 18 75 a
671 1891 116 75 proper
809 1891 134 75 pofition
970 1891 51 75 for
1037 1891 138 75 {hewing
1197 1891 42 75 its

261 1933 149 75 different
425 1933 99 75 parts,
568 1933 31 75 a,
617 1933 152 75 Germen,
794 1933 106 75 which
922 1933 141 75 includes
1080 1933 55 75 the
1152 1933 87 75 feeds

259 1980 63 75 and
349 1980 122 75 capfule
497 1980 32 75 in
557 1980 106 75 which
691 1980 79 75 they
796 1980 53 75 are
869 1980 138 75 inclofed
1022 1980 11 75 ;
1071 1980 32 75 b,
1118 1980 119 75 Jlylus,

258 2026 104 75 which
378 2026 26 75 is
421 2026 19 75 a
455 2026 218 75 continuation
689 2026 39 75 of
740 2026 56 75 the
816 2026 127 75 germen
956 2026 10 75 ;
992 2026 30 75 c,
1036 2026 138 75 Jligma,
1202 2026 37 75 or

258 2073 56 75 top
332 2073 40 75 of
384 2073 54 75 the
449 2073 121 75 ftylus;
596 2073 23 75 d
634 2073 23 75 d
672 2073 22 75 d
710 2073 20 75 d
748 2073 22 75 d
786 2073 34 75 d,
833 2073 185 75 filamenta,
1035 2073 38 75 or
1085 2073 152 75 threads;

260 2117 17 75 e
298 2117 18 75 e
340 2117 18 75 e
383 2117 17 75 e
425 2117 31 75 e,
486 2117 155 75 anther*.
705 2117 78 75 The
809 2117 160 75 filamenta
996 2117 63 75 and
1086 2117 151 75 antheras,

261 2163 181 75 confidered
458 2163 33 75 as
509 2163 19 75 a
547 2163 117 75 whole,
694 2163 52 75 are
774 2163 102 75 called
892 2163 169 75 Jlamina;
1094 2163 62 75 and
1183 2163 56 75 the

260 2208 139 75 germen,
424 2208 110 75 ftylus,
555 2208 63 75 and
633 2208 123 75 ftigma,
781 2208 34 75 as
833 2208 19 75 a
862 2208 117 75 whole,
1004 2208 54 75 are
1069 2208 101 75 called
1182 2208 55 75 pi-

250 2255 145 75 Jlillum.
442 2255 147 75 tiiif,
615 2255 133 75 Petala,
774 2255 37 75 or
829 2255 251 75 flower-leaves.'

216 2301 56 75 13.
297 2301 30 75 a,
351 2301 77 75 The
446 2301 132 75 ungues,
602 2301 37 75 or
655 2301 115 75 claws;
804 2301 33 75 b,
854 2301 55 75 the
925 2301 141 75 lamina,
1084 2301 38 75 or
1138 2301 101 75 plates

261 2347 38 75 of
311 2347 18 75 a
346 2347 219 75 polypetaious
581 2347 132 75 corolla,
738 2347 38 75 or
792 2347 121 75 corolla
923 2347 163 75 confifting
1102 2347 40 75 of
1153 2347 85 75 feve-

261 2394 46 75 ral
323 2394 242 75 flower-leaves.

218 2440 52 75 14.
297 2440 30 75 a,
353 2440 55 75 Ne
410 2440 68 75 Aar
480 2440 69 75 sum
572 2440 263 75 campanulatum
858 2440 35 75 in
915 2440 153 75 narcijfa,
1094 2440 38 75 or
1158 2440 81 75 bell-

259 2487 116 75 fnaped
389 2487 170 75 nedtarium
581 2487 40 75 of
641 2487 55 75 the
718 2487 160 75 narciffus.
937 2487 186 75 Nedarium
1139 2487 27 75 is
1183 2487 55 75 ap-

259 2533 86 75 plied
361 2533 34 75 to
411 2533 95 75 every
523 2533 164 75 glandular
703 2533 71 75 part
786 2533 39 75 of
837 2533 18 75 a
871 2533 108 75 flower
995 2533 104 75 which
1116 2533 122 75 fecerns

259 2579 18 75 a
301 2579 95 75 fvveet
417 2579 99 75 juice.
563 2579 106 75 Their
694 2579 150 75 ftrudure
871 2579 27 75 is
923 2579 78 75 very
1031 2579 150 75 different
1205 2579 34 75 in

259 2626 148 75 different
426 2626 116 75 plants.

216 2673 54 75 ij.
297 2673 85 75 Neft
384 2673 74 75 aria
475 2673 52 75 cor
529 2673 60 75 nut
591 2673 19 75 a
627 2673 35 75 in
678 2673 142 75 aconita,
844 2673 124 75 horned
979 2673 136 75 nedaria
1131 2673 40 75 of
1182 2673 55 75 the

260 2720 208 75 monkfhood.

216 2768 53 75 x6.
297 2768 138 75 Horned
447 2768 181 75 neftarium
644 2768 32 75 in
698 2768 57 75 the
771 2768 85 75 calix
872 2768 40 75 of
929 2768 53 75 the
999 2768 187 75 tropceolus.

214 2812 54 75 17.
294 2812 18 75 a
328 2812 19 75 a
363 2812 19 75 a
398 2812 29 75 a,
454 2812 197 75 Neftarium
678 2812 36 75 in
733 2812 183 75 pamajjia;
951 2812 55 75 the
1037 2812 135 75 nedaria
1199 2812 40 75 of

257 2858 54 75 the
327 2858 151 75 parnaflia
501 2858 86 75 grafs
605 2858 53 75 are
674 2858 47 75 fix
744 2858 32 75 in
803 2858 145 75 number,
973 2858 77 75 each
1067 2858 40 75 of
1128 2858 106 75 which

256 2905 80 75 have
354 2905 137 75 thirteen
510 2905 83 75 ftyli,
619 2905 76 75 with
717 2905 103 75 round
836 2905 129 75 buttons
982 2905 42 75 on
1048 2905 84 75 their
1148 2905 84 75 tops.

212 2953 56 75 18.
294 2953 28 75 a,
350 2953 244 75 Perianthium,
620 2953 70 75 that
706 2953 116 75 fpecies
838 2953 41 75 of
890 2953 86 75 calix
992 2953 105 75 which
1112 2953 27 75 is
1148 2953 83 75 .con-

255 2998 127 75 tiguous
399 2998 35 75 to
458 2998 55 75 the
537 2998 242 75 frudification;
813 2998 33 75 b,
866 2998 153 75 germen;
1058 2998 30 75 c,
1103 2998 126 75 Jlylus;

255 3045 33 75 d,
304 3045 141 75 Jligma:
475 3045 17 75 e
508 3045 29 75 e,
560 3045 168 75 filamenta
740 3045 10 75 ;
777 3045 19 75 f
808 3045 25 75 f,
858 3045 143 75 anther*
1028 3045 202 75 dehifcentes,

254 3090 37 75 or
307 3090 139 75 antheras
463 3090 151 75 fhedding
631 3090 54 75 the
712 3090 106 75 pollen
845 3090 36 75 or
905 3090 91 75 duft;
1038 3090 33 75 g,
1093 3090 117 75 anther
1212 3090 20 75 a

302 3138 97 75 Vol.
416 3138 30 75 I.
471 3138 69 75 No.
559 3138 57 75 28.

1120 3138 18 75 3

1292 191 42 75 A
1450 191 43 75 N
1611 191 53 75 Y.

2233 191 91 75 -63.7

1293 264 72 75 Fig-
1341 302 142 75 Integra,
1506 302 26 75 i.
1550 302 31 75 e.
1606 302 55 75 the
1677 302 193 75 appearance
1886 302 41 75 of
1935 302 71 75 the-
2021 302 132 75 anthera
2168 302 110 75 befcrs
2294 302 27 75 it

1340 348 89 75 fheds
1447 348 54 75 the
1519 348 118 75 pollen.

1295 395 55 75 19.
1386 395 34 75 a,
1444 395 78 75 The
1535 395 166 75 filament,
1737 395 63 75 and
1834 395 31 75 b,
1890 395 56 75 the
1970 395 152 75 anthera,
2157 395 165 75 feparated

1338 441 85 75 from
1446 441 55 75 the
1524 441 121 75 flower.

1294 490 56 75 20.
1375 490 34 75 a,
1434 490 74 75 One
1524 490 90 75 grain
1630 490 40 75 of
1688 490 55 75 the
1762 490 107 75 pollen
1895 490 168 75 magnified
2088 490 44 75 by
2157 490 19 75 a
2203 490 116 75 micro-

1338 535 91 75 fcope
1443 535 11 75 ;
1481 535 32 75 b,
1531 535 123 75 halitus
1669 535 162 75 elajlicus,
1856 535 24 75 i.
1900 535 28 75 e.
1956 535 39 75 an
2012 535 105 75 elaftic
2143 535 77 75 aura
2248 535 71 75 fup-

1337 581 96 75 pofed
1449 581 35 75 to
1502 581 39 75 be
1555 581 159 75 necefiary
1732 581 51 75 for
1800 581 232 75 impregnating
2049 581 55 75 the
2123 581 102 75 feeds.

1292 631 55 75 21.
1374 631 30 75 a,
1430 631 161 75 Germen;
1619 631 34 75 b,
1668 631 106 75 Jlylus
1788 631 11 75 \
1825 631 19 75 z
1859 631 31 75 z,
1903 631 138 75 Jligma.

1291 677 56 75 22.
1373 677 188 75 Folliculus,
1586 677 23 75 i.
1628 677 30 75 e.
1685 677 17 75 a
1715 677 211 75 pericarpium
1937 677 164 75 confifting
2117 677 76 75 only
2209 677 40 75 of
2260 677 60 75 one

1336 722 102 75 valve,
1464 722 137 75 opening
1617 722 258 75 longitudinally,
1901 722 61 75 and
1985 722 31 75 in
2036 722 103 75 which
2159 722 54 75 the
2230 722 88 75 feeds

1334 767 45 75 do
1395 767 57 75 not
1468 767 117 75 adhere
1601 767 34 75 to
1651 767 55 75 the
1723 767 118 75 future,
1866 767 58 75 but
1942 767 53 75 are
2009 767 140 75 inclofed
2165 767 30 75 in
2215 767 17 75 a
2248 767 70 75 par-

1334 814 117 75 ticular
1473 814 176 75 receptacle
1673 814 33 75 a.

1290 863 56 75 23.
1373 863 171 75 Lsgurnen,
1578 863 27 75 is
1631 863 18 75 a
1675 863 248 75 double-valved
1947 863 222 75 pericarpium,
2202 863 117 75 having

1335 907 57 75 the
1409 907 87 75 feeds
1513 907 87 75 fixed
1615 907 78 75 only
1709 907 35 75 to
1760 907 60 75 one
1843 907 39 75 of
1893 907 55 75 the
1964 907 121 75 futures
2103 907 21 75 a
2139 907 34 75 a.

1292 957 56 75 24.
1366 957 144 75 Siliqua,
1524 957 27 75 is
1564 957 18 75 a
1593 957 248 75 double-valved
1854 957 208 75 pericarpium
2074 957 77 75 with
2162 957 54 75 the
2229 957 90 75 feeds

1337 1001 87 75 fixed
1440 1001 35 75 to
1491 1001 80 75 both
1586 1001 123 75 futures
1725 1001 37 75 or
1779 1001 138 75 margins
1941 1001 21 75 a
1980 1001 30 75 b.

1296 1050 56 75 25.
1378 1050 148 75 Potnum,
1552 1050 18 75 a
1590 1050 208 75 pericarpium
1809 1050 136 75 without
1958 1050 63 75 any
2036 1050 102 75 valve,
2156 1050 57 75 but
2225 1050 95 75 made

1337 1093 44 75 up
1398 1093 39 75 of
1449 1093 18 75 a
1483 1093 98 75 pulpy
1596 1093 173 75 fubftance,
1795 1093 62 75 and
1882 1093 182 75 containing
2089 1093 19 75 a
2135 1093 123 75 capfule
2285 1093 34 75 in

1338 1141 105 75 which
1467 1141 55 75 the
1549 1141 89 75 feeds
1663 1141 53 75 are
1743 1141 150 75 inclofed,
1919 1141 33 75 as
1981 1141 31 75 in
2039 1141 55 75 the
2122 1141 103 75 apple,
2252 1141 65 75 <Gc.

1340 1187 29 75 a,
1394 1187 77 75 The
1483 1187 220 75 pericarpium
1717 1187 11 75 ;
1753 1187 34 75 b,
1813 1187 55 75 the
1885 1187 136 75 capfule,
2047 1187 37 75 or
2100 1187 80 75 feed-
2189 1187 81 75 cafe.

1294 1235 55 75 26.
1376 1235 29 75 a,
1431 1235 133 75 Drupa,
1598 1235 40 75 or
1663 1235 21 75 a
1711 1235 208 75 pericarpium
1947 1235 179 75 containing
2151 1235 18 75 a
2197 1235 56 75 nut
2280 1235 38 75 or

1338 1281 99 75 ftone,
1462 1281 63 75 and
1540 1281 116 75 having
1673 1281 41 75 no
1731 1281 103 75 valve,
1859 1281 74 75 e.g.
1959 1281 286 75 plumbs,'b,
2263 1281 55 75 the

1338 1327 143 75 nucleus,
1507 1327 37 75 or
1560 1327 98 75 ftone.

1292 1376 57 75 27.
1376 1376 121 75 Bacca,
1523 1376 37 75 or
1583 1376 108 75 berry,
1717 1376 27 75 is
1761 1376 18 75 a
1795 1376 208 75 pericarpium
2019 1376 180 75 containing
2215 1376 105 75 naked

1338 1420 87 75 feeds
1442 1420 159 75 difperfed
1617 1420 140 75 through
1774 1420 55 75 the
1845 1420 99 75 pulpy
1960 1420 83 75 part.

1293 1468 57 75 28.
1375 1468 138 75 Capfula
1539 1468 91 75 apice
1645 1468 170 75 dehifcens,
1848 1468 19 75 a
1894 1468 123 75 capfule
2041 1468 136 75 opening
2200 1468 34 75 at
2260 1468 56 75 the

1340 1513 53 75 top
1412 1513 34 75 to
1470 1513 95 75 allow
1580 1513 56 75 the
1652 1513 87 75 feeds
1758 1513 34 75 to
1809 1513 54 75 fall
1881 1513 68 75 out.

1292 1562 61 75 29.
1378 1562 88 75 Four
1491 1562 139 75 capfules
1647 1562 151 75 included
1812 1562 33 75 in
1865 1562 18 75 a
1915 1562 147 75 common
2093 1562 223 75 pericarpium.

1337 1606 20 75 a
1374 1606 33 75 a,
1431 1606 77 75 Tlte
1524 1606 126 75 valves;
1677 1606 18 75 b
1707 1606 30 75 b,
1762 1606 55 75 the
1833 1606 265 75 diffepimentum,
2111 1606 37 75 or
2165 1606 151 75 partition

1337 1652 106 75 which
1465 1652 157 75 feparates
1645 1652 55 75 the
1727 1652 151 75 different
1899 1652 231 75 feed-capfules
2157 1652 85 75 from
2258 1652 61 75 one

1337 1700 154 75 another;
1517 1700 29 75 c,
1564 1700 181 75 columella,
1769 1700 38 75 or
1834 1700 121 75 central
1982 1700 128 75 column
2137 1700 44 75 by
2213 1700 105 75 which

1337 1746 54 75 the
1408 1746 139 75 capfules
1564 1746 53 75 are
1633 1746 184 75 cdnnefted.

1292 1794 56 75 30.
1373 1794 175 75 A-capfule
1565 1794 54 75 cut
1636 1794 81 75 open
1740 1794 256 75 longitudinally,
2022 1794 34 75 to
2073 1794 83 75 ftiow
2185 1794 55 75 the
2267 1794 48 75 re-

1338 1840 141 75 ceptacle
1495 1840 41 75 of
1548 1840 54 75 the
1618 1840 102 75 feeds.

1290 1886 56 75 31.
1374 1886 144 75 Pappus,
1544 1886 18 75 a
1577 1886 78 75 kind
1678 1886 40 75 of
1734 1886 116 75 corona
1874 1886 38 75 or
1927 1886 107 75 crown
2051 1886 104 75 which
2171 1886 25 75 is
2214 1886 103 75 either

1335 1932 91 75 hairy
1455 1932 36 75 or
1519 1932 190 75 penniform,
1744 1932 63 75 and
1833 1932 171 75 connected
2031 1932 35 75 to
2093 1932 54 75 the
2171 1932 87 75 feeds
2280 1932 41 75 of

1331 1980 86 75 fome
1434 1980 115 75 plants,
1575 1980 42 75 by
1636 1980 106 75 means
1753 1980 46 75 .of
1812 1980 102 75 which
1932 1980 76 75 they
2025 1980 53 75 are
2094 1980 106 75 blown
2217 1980 98 75 about

1335 2025 43 75 by
1395 2025 55 75 the
1474 2025 97 75 wind,
1620 2025 31 75 a.
1676 2025 132 75 Pappus
1829 2025 133 75 pilofus,
1988 2025 36 75 or
2050 2025 121 75 pappus
2196 2025 116 75 refem-

1336 2072 87 75 bling
1439 2072 18 75 a
1472 2072 91 75 hair;
1582 2072 34 75 b,
1630 2072 123 75 pappus
1763 2072 162 75 plumofis,
1943 2072 38 75 ox
1997 2072 164 75 feathered
2173 2072 118 75 pappus
2303 2072 11 75 ;

1336 2118 29 75 c,
1373 2118 110 75 femen
1497 2118 10 75 ;
1533 2118 35 75 d,
1581 2118 115 75 Jlipes.
1725 2118 81 75 The
1823 2118 180 75 dandelion,
2021 2118 62 75 and
2100 2118 95 75 many
2208 2118 104 75 plants

1332 2164 41 75 of
1384 2164 55 75 the
1450 2164 177 75 fyngenefia
1642 2164 91 75 clafs,
1751 2164 105 75 afford
1867 2164 160 75 examples
2039 2164 40 75 of
2091 2164 85 75 thefe
2189 2164 99 75 parts.

1313 2237 131 75 Terms
1463 2237 204 75 .belonging
1692 2237 36 75 to
1757 2237 60 75 the
1841 2237 239 75 Pedunculus
2112 2237 42 75 or
2182 2237 121 75 Foot--

1603 2290 113 75 Jialks
1742 2290 49 75 of
1807 2290 177 75 Flowers.

1289 2336 55 75 32.
1370 2336 179 75 Corymlus,
1567 2336 22 75 i.
1608 2336 31 75 e.
1656 2336 124 75 flowers
1797 2336 84 75 upon
1898 2336 154 75 alternate
2068 2336 167 75 pedunculi
2253 2336 62 75 and

1333 2383 194 75 foot-ftalks,
1552 2383 145 75 elevated
1713 2383 253 75 proportionally
1982 2383 99 75 above
2098 2383 76 75 each
2192 2383 106 75 other.

1289 2428 55 75 33.
1372 2428 168 75 Racemus,
1566 2428 17 75 a
1600 2428 195 75 pedunculus
1823 2428 37 75 or
1877 2428 70 75 foot
1965 2428 78 75 ftalk
2059 2428 159 75 furnifhed
2236 2428 77 75 with

1332 2474 111 75 lateral
1459 2474 167 75 branches.

1290 2521 54 75 34.
1371 2521 111 75 Spica,
1510 2521 155 75 alternate
1685 2521 94 75 feflile
1800 2521 124 75 flowers
1953 2521 44 75 [i.
2016 2521 29 75 e.
2075 2521 124 75 flowers
2218 2521 94 75 with-

1334 2567 56 75 out
1406 2567 61 75 any
1484 2567 171 75 particular
1676 2567 178 75 foct-ftalk,
1881 2567 56 75 but
1959 2567 138 75 inferted
2113 2567 133 75 directly
2262 2567 48 75 in-

1334 2613 33 75 to
1384 2613 60 75 one
1461 2613 144 75 common
1627 2613 35 75 to
1685 2613 56 75 the
1756 2613 143 75 whole],
1924 2613 84 75 upon
2026 2613 18 75 a
2061 2613 146 75 common
2223 2613 87 75 foot-

1331 2660 91 75 ftalk,
1448 2660 32 75 as
1497 2660 32 75 in
1545 2660 54 75 the
1615 2660 131 75 fcirpus.

1287 2707 55 75 35.
1367 2707 202 75 Verticillus.
1614 2707 86 75 This
1717 2707 82 75 term
1815 2707 26 75 is
1858 2707 125 75 applied
1999 2707 35 75 to
2045 2707 80 75 fuch
2139 2707 107 75 plants
2275 2707 35 75 as

1329 2754 80 75 have
1425 2754 126 75 clufters
1568 2754 40 75 of
1618 2754 124 75 flowers
1755 2754 33 75 at
1802 2754 149 75 different
1968 2754 153 75 diftances
2136 2754 171 75 furround-

1330 2799 53 75 ing
1398 2799 54 75 the
1468 2799 97 75 caulis
1581 2799 38 75 or
1636 2799 74 75 ftem
1723 2799 10 75 ;
1757 2799 32 75 as
1807 2799 31 75 in
1854 2799 119 75 feveral
1989 2799 118 75 fpecies
2124 2799 40 75 of
2174 2799 93 75 mint.

1284 2848 57 75 36.
1366 2848 178 75 Panicula,
1562 2848 23 75 i.
1599 2848 30 75 e.
1647 2848 124 75 flowers
1790 2848 111 75 placed
1916 2848 136 75 fparfely
2070 2848 82 75 upon
2168 2848 142 75 feparate

1331 2896 193 75 foot-ftalks,
1549 2896 33 75 as
1604 2896 32 75 rn
1653 2896 83 75 oats,
1762 2896 63 75 (sc.

1330 2960 109 75 When
1457 2960 90 75 thefe
1564 2960 98 75 terms
1692 2960 53 75 are
1767 2960 203 75 underftood,
1995 2960 55 75 the
2067 2960 98 75 genus
2182 2960 72 75 may
2270 2960 42 75 he

1282 3005 91 75 eafily
1393 3005 217 75 inveftigated.
1659 3005 67 75 But
1742 3005 32 75 in
1791 3005 96 75 order
1903 3005 60 75 ftill
1980 3005 125 75 further
2118 3005 34 75 to
2169 3005 75 75 affift
2256 3005 56 75 the

1282 3052 105 75 young
1402 3052 145 75 botanift,
1573 3052 47 75 we
1638 3052 75 75 fhall
1730 3052 71 75 give
1822 3052 19 75 a
1865 3052 175 75 fyftematic
2063 3052 190 75 defcription
2276 3052 40 75 of

1281 3100 18 75 a
1315 3100 64 75 few
1397 3100 145 75 common
1560 3100 105 75 plants
1682 3100 171 75 belonging
1869 3100 35 75 to
1920 3100 151 75 different
2088 3100 119 75 claffts.

1760 3151 16 75 7
1807 3151 25 75 X

2174 3151 140 75 DIAN-
