2396 3377
133 182 22 75 9
165 182 26 75 6

694 182 43 75 A
856 182 35 75 L
1009 182 41 75 G
1165 182 37 75 E

134 236 39 75 be
190 236 101 75 found
308 236 70 75 that
394 236 68 75 •will
478 236 140 75 meafure
633 236 83 75 both
733 236 20 75 a
771 236 62 75 and
856 236 36 75 b;
927 236 63 75 and
1005 236 162 75 therefore

138 282 78 75 they
231 282 67 75 will
314 282 39 75 be
371 282 300 75 incommenfurable
687 282 34 75 to
738 282 78 75 each
831 282 109 75 other.

179 328 66 75 For
260 328 32 75 if
308 328 90 75 there
416 328 65 75 was
500 328 61 75 any
578 328 147 75 common
742 328 141 75 meafure
899 328 41 75 of
960 328 88 75 thefe
1065 328 101 75 quan-

134 374 98 75 tities,
258 374 33 75 as
309 374 32 75 Xj
367 374 26 75 it
409 374 110 75 would
535 374 184 75 neceffarily
735 374 140 75 meafure
892 374 43 75 all
952 374 55 75 the
1030 374 136 75 remain-

131 421 73 75 ders
222 421 28 75 c,
268 421 34 75 d.
327 421 61 75 See.
436 421 66 75 For
518 421 26 75 it
560 421 109 75 would
685 421 145 75 meafure
847 421 132 75 a—mb,
1004 421 38 75 or
1058 421 29 75 c,
1105 421 64 75 and

131 466 228 75 confequently
376 466 118 75 b—nc,
511 466 37 75 or
564 466 33 75 d,
616 466 62 75 and
693 466 34 75 fo
745 466 63 75 on;
834 466 74 75 now
924 466 88 75 thefe
1028 466 138 75 remain-

131 514 73 75 ders
220 514 146 75 decreafe
382 514 33 75 in
431 514 76 75 fuch
525 514 18 75 a
558 514 143 75 manner,
719 514 72 75 that
804 514 78 75 they
899 514 66 75 will
982 514 184 75 neceflarily

130 560 132 75 become
278 560 32 75 at
326 560 110 75 length
453 560 58 75 lefs
528 560 77 75 than
632 560 31 75 x,
688 560 39 75 or
743 560 62 75 any
821 560 167 75 afltgnable
1005 560 160 75 quantity.

132 606 65 75 For
213 606 19 75 c
246 606 81 75 muft
343 606 39 75 be
399 606 60 75 lefs
476 606 78 75 than
625 606 12 75 ;
663 606 132 75 becaufe
811 606 17 75 c
844 606 26 75 is
888 606 59 75 lefs
960 606 78 75 than
1055 606 31 75 b,
1104 606 64 75 and

131 653 163 75 therefore
309 653 60 75 lefs
387 653 77 75 than
481 653 62 75 mhi
568 653 63 75 and
648 653 228 75 confequently
891 653 59 75 lefs
967 653 78 75 than
1063 653 51 75 4-r
1122 653 38 75 +

131 699 86 75 i^mb,
235 699 38 75 or
288 699 58 75 4^*
395 699 39 75 In
450 699 65 75 like
531 699 131 75 manner
678 699 24 75 d
714 699 80 75 muft
810 699 39 75 be
866 699 60 75 lefs
939 699 78 75 than
1032 699 63 75 \b;
1114 699 53 75 for

130 745 25 75 d
168 745 27 75 is
211 745 61 75 lefs
291 745 76 75 than
386 745 28 75 c,
441 745 62 75 and
527 745 229 75 confequently
771 745 61 75 lefs
849 745 76 75 than
942 745 160 75 \d\-^uc,
1127 745 39 75 or

129 795 55 75 44.
232 795 78 75 The
333 795 89 75 third
433 795 191 75 remainder,
649 795 33 75 in
698 795 56 75 the
770 795 84 75 fame
871 795 141 75 manner,
1030 795 81 75 muft
1127 795 39 75 be

129 837 59 75 lefs
205 837 78 75 than
299 837 55 75 4c,
380 837 105 75 which
514 837 26 75 is
567 837 92 75 itfelf
681 837 61 75 lefs
767 837 76 75 than
861 837 45 75 4«
919 837 6 75 •
925 837 6 75 •
954 837 96 75 Thus
1077 837 89 75 thefe

131 884 196 75 remainders
344 884 159 75 decreafe,
527 884 35 75 fo
578 884 70 75 that
664 884 97 75 every
776 884 61 75 one
865 884 25 75 is
918 884 60 75 lefs
1003 884 77 75 than
1108 884 57 75 the

127 930 75 75 half
212 930 41 75 of
263 930 72 75 that
350 930 106 75 which
473 930 159 75 preceded
657 930 26 75 it
710 930 80 75 next
816 930 60 75 but
901 930 74 75 one.
1024 930 89 75 Now
1138 930 32 75 if

127 977 84 75 from
230 977 62 75 any
308 977 151 75 quantity
485 977 64 75 you
565 977 76 75 take
669 977 91 75 away
787 977 89 75 more
904 977 78 75 than
1009 977 41 75 its
1081 977 82 75 half,

128 1023 61 75 and
206 1023 85 75 from
307 1023 56 75 the
380 1023 179 75 remainder
575 1023 89 75 more
680 1023 76 75 than
774 1023 41 75 its
832 1023 81 75 half,
940 1023 62 75 and
1027 1023 138 75 proceed

125 1070 33 75 in
174 1070 64 75 this
256 1070 150 75 manner,
430 1070 64 75 yon
523 1070 68 75 will
618 1070 91 75 come
730 1070 34 75 at
781 1070 18 75 a
815 1070 178 75 remainder
1000 1070 69 75 .lefs
1086 1070 78 75 than

125 1117 63 75 any
204 1117 167 75 aftignable
399 1117 161 75 quantity.
620 1117 33 75 It
680 1117 131 75 appears
838 1117 176 75 therefore,
1039 1117 72 75 that
1137 1117 32 75 if

127 1163 56 75 the
199 1163 194 75 remainders
416 1163 28 75 c,
457 1163 34 75 d,
504 1163 61 75 Sec.
582 1163 98 75 never
696 1163 74 75 end,
788 1163 78 75 they
876 1163 67 75 will
959 1163 132 75 become
1102 1163 60 75 lefs

128 1208 77 75 than
222 1208 62 75 any
300 1208 166 75 affignable
483 1208 161 75 quantity,
671 1208 33 75 as
730 1208 32 75 x,
788 1208 106 75 which
910 1208 161 75 therefore
1088 1208 73 75 can-

126 1256 57 75 not
207 1256 131 75 poffibly
362 1256 140 75 meafure
525 1256 101 75 them,
652 1256 63 75 and
742 1256 162 75 therefore
932 1256 118 75 cannot
1076 1256 39 75 be
1142 1256 20 75 a

125 1302 147 75 common
286 1302 144 75 ineafure
447 1302 42 75 of
498 1302 21 75 a
536 1302 63 75 and
614 1302 31 75 b.

170 1348 38 75 In
225 1348 55 75 the
295 1348 85 75 fame
397 1348 72 75 way
484 1348 57 75 the
557 1348 135 75 greateft
708 1348 148 75 common
873 1348 140 75 meafure
1030 1348 39 75 of
1094 1348 65 75 two

124 1395 148 75 numbers
289 1395 26 75 is
333 1395 196 75 difeovered.
580 1395 83 75 Unit
678 1395 27 75 is
718 1395 19 75 a
748 1395 146 75 common
906 1395 141 75 meafure
1063 1395 41 75 of
1116 1395 43 75 all

124 1440 124 75 integer
264 1440 162 75 numbers,
452 1440 64 75 and
532 1440 64 75 two
613 1440 149 75 numbers
778 1440 54 75 are
848 1440 67 75 faid
938 1440 36 75 to
998 1440 40 75 be
1050 1440 110 75 prime

122 1487 36 75 to
181 1487 78 75 each
287 1487 95 75 other
405 1487 93 75 when
515 1487 78 75 they
608 1487 81 75 have
706 1487 42 75 no
765 1487 127 75 greater
908 1487 147 75 common
1072 1487 86 75 mea-

123 1534 69 75 fure
222 1534 78 75 than
327 1534 94 75 unit;
454 1534 77 75 fuch
554 1534 34 75 as
616 1534 21 75 9
656 1534 62 75 and
736 1534 57 75 25.
844 1534 87 75 Such
957 1534 119 75 always
1103 1534 54 75 are

123 1580 55 75 the
200 1580 76 75 leaft
299 1580 148 75 numbers
464 1580 74 75 that
556 1580 58 75 can
632 1580 39 75 be
689 1580 140 75 affumed
844 1580 32 75 in
893 1580 62 75 any
971 1580 92 75 given
1080 1580 77 75 pro-

123 1626 126 75 portion
265 1626 10 75 ;
302 1626 53 75 for
371 1626 31 75 if
413 1626 88 75 thefe
517 1626 65 75 had
599 1626 61 75 any
677 1626 148 75 common
840 1626 153 75 meafure,
1012 1626 76 75 then
1101 1626 56 75 the

124 1674 163 75 quotients
315 1674 70 75 that
413 1674 110 75 would
549 1674 78 75 arife
655 1674 44 75 by
726 1674 144 75 dividing
897 1674 89 75 them
1014 1674 43 75 by
1083 1674 73 75 that

124 1719 146 75 common
286 1719 141 75 meafure
443 1719 109 75 would
569 1719 39 75 be
625 1719 32 75 in
674 1719 55 75 the
745 1719 83 75 fame
855 1719 200 75 proportion,
1081 1719 74 75 and,

123 1765 94 75 being
233 1765 59 75 lefs
309 1765 76 75 than
403 1765 55 75 the
476 1765 149 75 numbers
655 1765 201 75 themfelves,
891 1765 87 75 thefe
1005 1765 150 75 numbers

122 1811 108 75 would
246 1811 56 75 not
320 1811 40 75 be
376 1811 57 75 the
449 1811 76 75 leaft
547 1811 33 75 in
608 1811 54 75 the
689 1811 84 75 fame
801 1811 209 75 proportion;
1038 1811 118 75 againft

123 1858 54 75 the
194 1858 203 75 fuppofition.

167 1904 77 75 The
261 1904 75 75 leaft
352 1904 148 75 numbers
529 1904 31 75 in
588 1904 63 75 any
676 1904 186 75 proportion
879 1904 119 75 always
1015 1904 140 75 meafure

123 1950 61 75 any
211 1950 94 75 other
336 1950 148 75 numbers
513 1950 71 75 that
612 1950 53 75 are
697 1950 31 75 in
756 1950 56 75 the
812 1932 25 49 A
837 1950 86 75 fame
951 1950 201 75 proportion.

124 1997 142 75 Suppofe
282 1997 18 75 a
318 1997 62 75 and
397 1997 18 75 b
430 1997 36 75 to
482 1997 40 75 be
545 1997 55 75 the
617 1997 74 75 leaft
707 1997 41 75 of
759 1997 42 75 all
817 1997 123 75 integer
956 1997 148 75 numbers
1120 1997 34 75 in

121 2043 57 75 the
198 2043 85 75 fame
310 2043 200 75 proportion,
535 2043 62 75 and
624 2043 71 75 that
712 2043 16 75 c
745 2043 63 75 and
824 2043 23 75 d
860 2043 54 75 are
941 2043 94 75 other
1061 2043 92 75 num-

122 2089 71 75 bers
220 2089 32 75 in
280 2089 71 75 that
379 2089 201 75 proportion,
604 2089 77 75 then
708 2089 67 75 will
796 2089 22 75 a
834 2089 141 75 meafure
991 2089 30 75 c,
1057 2089 63 75 and
1135 2089 18 75 b

121 2136 140 75 meafure
277 2136 34 75 d.

170 2182 65 75 For
250 2182 31 75 if
291 2182 22 75 a
330 2182 62 75 and
409 2182 17 75 b
443 2182 53 75 are
513 2182 56 75 not
586 2182 123 75 aliquot
733 2182 89 75 parts
847 2182 41 75 of
898 2182 17 75 c
932 2182 63 75 and
1018 2182 33 75 d,
1077 2182 76 75 then

122 2229 80 75 they
219 2229 79 75 muft
314 2229 128 75 contain
458 2229 56 75 the
531 2229 83 75 fame
630 2229 133 75 number
788 2229 40 75 of
845 2229 56 75 the
925 2229 83 75 fame
1025 2229 77 75 kind
1118 2229 42 75 of

121 2275 87 75 parts
225 2275 40 75 of
276 2275 18 75 c
306 2275 62 75 and
381 2275 40 75 d;
440 2275 61 75 and
513 2275 161 75 therefore
691 2275 143 75 dividing
850 2275 20 75 a
887 2275 68 75 into
967 2275 87 75 parts
1071 2275 41 75 of
1123 2275 29 75 c,

124 2320 62 75 and
202 2320 17 75 b
242 2320 70 75 into
329 2320 37 75 an
384 2320 94 75 equal
496 2320 133 75 number
644 2320 40 75 of
696 2320 64 75 like
776 2320 87 75 parts
887 2320 40 75 of
938 2320 33 75 d,
996 2320 62 75 and
1075 2320 78 75 call-

120 2365 55 75 ing
191 2365 60 75 one
267 2365 40 75 of
318 2365 56 75 the
390 2365 64 75 firft
471 2365 44 75 nt,
540 2365 63 75 and
627 2365 61 75 one
713 2365 41 75 of,
770 2365 55 75 the
843 2365 96 75 latter
956 2365 43 75 n;
1026 2365 76 75 then
1120 2365 33 75 as

121 2413 31 75 m
169 2413 26 75 is
212 2413 36 75 to
264 2413 35 75 n,
323 2413 34 75 fo
374 2413 66 75 will
457 2413 55 75 the
528 2413 69 75 fum
619 2413 41 75 of
680 2413 42 75 all
749 2413 56 75 the
823 2413 31 75 m'
854 2413 27 75 %
905 2413 41 75 be
962 2413 36 75 to
1015 2413 54 75 the
1086 2413 68 75 fum

122 2458 40 75 of
174 2458 42 75 all
233 2458 58 75 the
309 2458 50 75 »’s
371 2458 10 75 ;
408 2458 70 75 that
505 2458 40 75 is,
571 2458 32 75 m
617 2458 9 75 :
641 2458 22 75 n
677 2458 31 75 ::
723 2458 21 75 a
759 2458 5 75 •
764 2458 4 75 .
784 2458 30 75 b,
840 2458 163 75 therefore
1019 2458 22 75 a
1057 2458 62 75 and
1136 2458 18 75 b

126 2505 66 75 will
217 2505 57 75 not
302 2505 40 75 be
368 2505 55 75 the
445 2505 76 75 leaft
547 2505 32 75 in
606 2505 55 75 the
684 2505 84 75 fame
791 2505 208 75 proportion;
1037 2505 117 75 againft

122 2551 55 75 the
193 2551 202 75 fuppofition.
427 2551 184 75 Therefore
626 2551 19 75 a
664 2551 63 75 and
743 2551 17 75 b
776 2551 81 75 muft
873 2551 39 75 be
930 2551 123 75 aliquot
1065 2551 88 75 parts

118 2597 44 75 of
172 2597 18 75 c
205 2597 63 75 and
284 2597 33 75 d.
365 2597 113 75 Hence
494 2597 48 75 we
558 2597 50 75 fee
624 2597 71 75 that
707 2597 149 75 numbers
868 2597 106 75 which
986 2597 53 75 are
1050 2597 103 75 prime

121 2643 35 75 to
172 2643 77 75 each
267 2643 95 75 other
377 2643 55 75 are
448 2643 147 75 thedeaft
611 2643 32 75 in
660 2643 55 75 the
731 2643 84 75 fame
831 2643 208 75 proportion;
1058 2643 53 75 for
1126 2643 32 75 if

119 2690 92 75 there
228 2690 83 75 were
326 2690 110 75 others
452 2690 33 75 in
502 2690 54 75 the
572 2690 84 75 fame
676 2690 187 75 proportion
880 2690 59 75 lefs
955 2690 78 75 than
1049 2690 102 75 them,

120 2736 88 75 thefe
224 2736 110 75 would
349 2736 140 75 meafure
505 2736 88 75 them
620 2736 42 75 by
686 2736 56 75 the
766 2736 84 75 fame
874 2736 145 75 number,
1045 2736 106 75 which

120 2783 163 75 therefore
298 2783 109 75 would
430 2783 39 75 be
497 2783 85 75 their
609 2783 147 75 common
784 2783 140 75 meafure
951 2783 118 75 againft
1095 2783 56 75 the

118 2829 203 75 fuppofition,
347 2829 51 75 for
423 2829 25 75 w
448 2811 6 49 r
454 2829 17 75 e
495 2829 154 75 fuppofed
671 2829 88 75 them
776 2829 35 75 to
827 2829 39 75 be
883 2829 100 75 prime
1010 2829 36 75 to
1072 2829 80 75 each

120 2874 105 75 other.

166 2921 35 75 If
213 2921 66 75 two
295 2921 148 75 numbers
459 2921 22 75 a
497 2921 63 75 and
578 2921 18 75 b
613 2921 53 75 are
682 2921 100 75 prime
799 2921 35 75 to
846 2921 61 75 one
923 2921 146 75 another,
1088 2921 63 75 and

119 2969 19 75 a
155 2969 87 75 third
258 2969 131 75 number
414 2969 17 75 c
455 2969 156 75 meafures
638 2969 61 75 one
724 2969 40 75 of
788 2969 88 75 them
903 2969 33 75 <7,
962 2969 25 75 it
1014 2969 67 75 will
1109 2969 40 75 be

118 3015 100 75 prime
235 3015 34 75 to
286 3015 166 75 the.other
467 3015 31 75 b.
547 3015 66 75 For
628 3015 32 75 if
670 3015 17 75 c
704 3015 60 75 and
783 3015 16 75 b
822 3015 84 75 were
920 3015 59 75 not
996 3015 101 75 prime
1114 3015 35 75 tp

1321 171 36 75 B
1474 171 37 75 R
1628 171 54 75 A.

1217 234 76 75 each
1309 234 106 75 other,
1439 234 80 75 they
1534 234 109 75 would
1658 234 81 75 have
1756 234 19 75 a
1790 234 147 75 common
1949 234 154 75 mcafure,
2127 234 119 75 which,

1217 281 130 75 becaufe
1359 281 26 75 it
1401 281 110 75 would
1520 281 147 75 jneafure
1683 281 30 75 c,
1730 281 108 75 would
1854 281 65 75 aifo
1935 281 141 75 meafure
2092 281 33 75 a,
2142 281 107 75 which

1215 326 27 75 is
1259 326 163 75 meafured
1438 326 44 75 by
1497 326 29 75 c,
1552 326 161 75 therefore
1729 326 20 75 a
1767 326 64 75 and
1854 326 18 75 b
1893 326 109 75 would
2028 326 82 75 have
2127 326 19 75 a
2161 326 88 75 com-

1214 372 75 75 mon
1307 372 153 75 meafure,
1485 372 117 75 againft
1618 372 56 75 the
1690 372 202 75 fuppofition.

1262 420 36 75 If
1309 420 66 75 two
1391 420 149 75 numbers
1556 420 21 75 a
1594 420 62 75 and
1671 420 19 75 b
1707 420 52 75 are
1775 420 100 75 prime
1893 420 34 75 to
1938 420 29 75 c,
1985 420 77 75 then
2075 420 76 75 lhall
2164 420 84 75 their

1214 467 135 75 produdf
1369 467 42 75 ab
1434 467 39 75 be
1490 467 66 75 alfo
1572 467 102 75 prime
1691 467 35 75 to
1741 467 39 75 c:
1808 467 64 75 For
1888 467 31 75 if
1932 467 62 75 you
2011 467 131 75 fuppofe
2159 467 90 75 them

1215 513 34 75 to
1273 513 81 75 have
1377 513 63 75 any
1460 513 148 75 common
1631 513 141 75 meafure
1796 513 35 75 as
1855 513 32 75 d,
1913 513 63 75 and
1990 513 132 75 fuppofe
2139 513 70 75 that
2226 513 25 75 d

1214 560 156 75 meafures
1378 560 8 75 .
1386 560 40 75 <i£
1444 560 42 75 by
1502 560 55 75 the
1573 560 85 75 units
1676 560 31 75 in
1724 560 29 75 e,
1778 560 36 75 fo
1837 560 71 75 that
1924 560 124 75 de—ab,
2074 560 78 75 then
2167 560 79 75 fliall

1214 607 23 75 d
1248 607 5 75 •
1253 607 4 75 .
1273 607 21 75 a
1309 607 29 75 w
1353 607 19 75 b
1386 607 9 75 \
1411 607 29 75 e.
1489 607 68 75 But
1572 607 81 75 fince
1669 607 25 75 d
1706 607 157 75 meafures
1879 607 30 75 c,
1935 607 63 75 and
2013 607 17 75 c
2045 607 27 75 is
2088 607 156 75 fuppofed

1215 652 35 75 to
1266 652 40 75 be
1322 652 101 75 prime
1440 652 35 75 to
1490 652 34 75 a,
1549 652 27 75 it
1600 652 128 75 follows
1751 652 71 75 that
1846 652 24 75 d
1890 652 64 75 and
1968 652 21 75 a
2006 652 54 75 are
2087 652 100 75 prime
2212 652 37 75 to

1212 698 79 75 each
1309 698 116 75 other;
1452 698 63 75 and
1541 698 163 75 therefore
1720 698 25 75 d
1757 698 81 75 muft
1865 698 142 75 meafure
2024 698 38 75 b;
2090 698 62 75 and
2178 698 69 75 yet,

1212 745 80 75 fince
1308 745 24 75 d
1345 745 27 75 is
1389 745 157 75 fuppofed
1562 745 35 75 to
1613 745 143 75 meafure
1772 745 18 75 c
1805 745 107 75 which
1935 745 27 75 is
1987 745 101 75 prime
2112 745 35 75 to
2164 745 30 75 b,
2220 745 26 75 it

1213 792 127 75 follows
1357 792 71 75 that
1444 792 24 75 d
1481 792 26 75 is
1524 792 67 75 aifo
1606 792 102 75 prime
1725 792 35 75 to
1777 792 40 75 b;
1861 792 71 75 that
1948 792 41 75 is,
2015 792 23 75 d
2051 792 27 75 is
2095 792 100 75 prime
2212 792 35 75 to

1213 837 18 75 a
1246 837 134 75 number
1398 837 105 75 which
1519 837 27 75 it
1562 837 169 75 meafures,
1758 837 106 75 which
1884 837 27 75 is
1928 837 128 75 abfurd.

1260 883 31 75 It
1307 883 128 75 follows
1457 883 85 75 from
1567 883 56 75 the
1646 883 58 75 laft
1728 883 123 75 article,
1877 883 71 75 that
1972 883 32 75 if
2019 883 20 75 a
2064 883 63 75 and
2149 883 19 75 c
2191 883 55 75 are

1212 930 99 75 prime
1327 930 36 75 to
1387 930 78 75 each
1482 930 105 75 other,
1613 930 77 75 then
1714 930 43 75 a'
1771 930 66 75 will
1862 930 40 75 be
1924 930 102 75 prime
2051 930 34 75 to
2109 930 18 75 c
2142 930 11 75 :
2180 930 67 75 For

1212 975 42 75 by
1270 975 166 75 fuppofing
1451 975 71 75 that
1538 975 20 75 a
1571 975 27 75 is
1615 975 95 75 equal
1727 975 34 75 to
1773 975 31 75 b,
1822 975 78 75 then
1915 975 41 75 ab
1973 975 67 75 will
2052 975 40 75 be
2102 975 96 75 equal
2211 975 36 75 to

1210 1022 21 75 a
1231 1004 21 49 1
1252 1022 24 75 ;
1302 1022 64 75 and
1383 1022 229 75 confequently
1627 1022 20 75 a
1647 1004 23 49 1
1693 1022 68 75 will
1786 1022 41 75 be
1855 1022 102 75 prime
1983 1022 36 75 to
2043 1022 30 75 c.
2134 1022 38 75 In
2189 1022 57 75 the

1210 1069 84 75 fame
1310 1069 132 75 manner
1457 1069 36 75 r*
1514 1069 67 75 will
1598 1069 38 75 be
1653 1069 101 75 prime
1770 1069 35 75 to
1822 1069 34 75 a.

1257 1117 38 75 If
1310 1117 68 75 two
1394 1117 149 75 numbers
1570 1117 22 75 a
1618 1117 63 75 and
1696 1117 18 75 £
1731 1117 53 75 are
1800 1117 80 75 both
1896 1117 101 75 prime
2013 1117 36 75 to
2063 1117 96 75 other
2174 1117 69 75 two

1208 1161 29 75 c,
1255 1161 33 75 d,
1313 1161 78 75 then
1407 1161 75 75 (hall
1499 1161 56 75 the
1571 1161 135 75 product
1721 1161 40 75 ab
1777 1161 40 75 be
1837 1161 100 75 prime
1961 1161 37 75 to
2020 1161 56 75 the
2101 1161 136 75 product

1209 1207 61 75 cd;
1297 1207 53 75 for
1364 1207 41 75 ab
1421 1207 67 75 will
1503 1207 40 75 be
1560 1207 100 75 prime
1677 1207 35 75 to
1729 1207 18 75 c
1762 1207 64 75 and
1842 1207 66 75 aifo
1933 1207 36 75 to
1985 1207 33 75 d,
2042 1207 64 75 and
2129 1207 107 75 there-

1210 1255 82 75 fore,
1318 1255 43 75 by
1377 1255 55 75 the
1448 1255 84 75 fame
1549 1255 123 75 article,
1699 1255 43 75 cd
1753 1255 66 75 will
1837 1255 38 75 be
1893 1255 100 75 prime
2009 1255 36 75 to
2061 1255 53 75 ab.

1255 1301 97 75 From
1367 1301 65 75 this
1448 1301 27 75 it
1491 1301 140 75 follows,
1648 1301 72 75 that
1731 1301 31 75 if
1772 1301 21 75 a
1810 1301 64 75 and
1889 1301 18 75 c
1921 1301 54 75 are
1992 1301 100 75 prime
2108 1301 36 75 to
2160 1301 79 75 each

1207 1346 106 75 other,
1338 1346 78 75 then
1443 1346 77 75 ftiall
1546 1346 20 75 a
1566 1328 22 49 1
1609 1346 40 75 be
1673 1346 101 75 prime
1801 1346 36 75 to
1858 1346 17 75 c
1875 1328 18 49 l
1893 1346 18 75 ,
1936 1346 44 75 by
2007 1346 176 75 fuppofing,
2208 1346 34 75 in

1206 1393 55 75 the
1277 1393 70 75 laft,
1372 1393 72 75 that
1459 1393 88 75 a—b,
1572 1393 63 75 and
1651 1393 85 75 c=.d.
1794 1393 33 75 It
1842 1393 27 75 is
1887 1393 65 75 aifo
1968 1393 128 75 evident
2112 1393 72 75 that

1207 1439 67 75 will
1299 1439 39 75 be
1355 1439 101 75 prime
1471 1439 36 75 to
1526 1439 18 75 c
1544 1421 15 49 3
1559 1439 16 75 ,
1601 1439 62 75 and
1679 1439 35 75 in
1728 1439 128 75 general
1881 1439 63 75 any
1966 1439 110 75 power
2099 1439 41 75 of
2159 1439 22 75 a
2204 1439 37 75 to

1205 1486 62 75 any
1282 1486 108 75 power
1404 1486 42 75 of
1455 1486 18 75 c
1489 1486 210 75 whatfoever.

1251 1533 77 75 Any
1344 1533 66 75 two
1428 1533 159 75 numbers,
1604 1533 21 75 a
1642 1533 62 75 and
1720 1533 30 75 b,
1761 1533 111 75 ,being
1894 1533 106 75 given,
2025 1533 36 75 to
2087 1533 67 75 find
2182 1533 57 75 the

1204 1578 75 75 leaft
1295 1578 148 75 numbers
1461 1578 71 75 that
1548 1578 54 75 are
1617 1578 31 75 in
1666 1578 54 75 the
1736 1578 85 75 fame
1837 1578 186 75 proportion
2040 1578 78 75 with
2135 1578 102 75 them,

1205 1626 107 75 divide
1327 1626 85 75 them
1429 1626 34 75 by
1480 1626 86 75 their
1574 1626 145 75 greateji
1733 1626 138 75 common
1889 1626 145 75 meafure
2051 1626 36 75 x,
2105 1626 63 75 and
2185 1626 52 75 the

1205 1672 160 75 quotients
1380 1672 18 75 c
1413 1672 71 75 end
1497 1672 22 75 d
1524 1672 97 75 Jhall
1642 1672 36 75 be
1700 1672 53 75 the
1767 1672 80 75 leaf
1862 1672 150 75 numbers
2028 1672 36 75 in
2080 1672 55 75 the
2140 1672 95 75 fatne

1204 1719 191 75 proportion
1411 1719 85 75 nuith
1513 1719 18 75 a
1548 1719 68 75 and
1628 1719 34 75 b.

1251 1764 65 75 For
1331 1764 32 75 if
1382 1764 90 75 there
1488 1764 95 75 could
1599 1764 39 75 be
1661 1764 64 75 any
1739 1764 95 75 other
1849 1764 150 75 numbers
2015 1764 33 75 in
2070 1764 72 75 that
2161 1764 74 75 pro-

1203 1811 127 75 portion
1354 1811 61 75 lefs
1439 1811 76 75 than
1532 1811 17 75 c
1566 1811 62 75 and
1645 1811 32 75 d,
1702 1811 131 75 fuppofe
1853 1811 90 75 them
1966 1811 36 75 to
2026 1811 40 75 be
2089 1811 17 75 e
2121 1811 64 75 and
2199 1811 38 75 f,

1204 1857 61 75 and
1282 1857 87 75 thefe
1385 1857 95 75 being
1495 1857 34 75 in
1545 1857 55 75 the
1616 1857 83 75 fame
1716 1857 188 75 proportion
1927 1857 32 75 as
1976 1857 22 75 a
2014 1857 63 75 and
2093 1857 18 75 b
2127 1857 110 75 would

1202 1903 140 75 meafure
1357 1903 109 75 them:
1493 1903 78 75 And
1595 1903 56 75 the
1674 1903 134 75 number
1832 1903 45 75 by
1900 1903 106 75 which
2028 1903 80 75 they
2129 1903 110 75 would

1202 1948 140 75 meafure
1358 1948 101 75 them,
1488 1948 110 75 would
1613 1948 39 75 be
1668 1948 126 75 greater
1811 1948 77 75 than
1905 1948 32 75 x,
1963 1948 130 75 becaufe
2110 1948 16 75 e
2143 1948 62 75 and
2210 1948 38 75 f

1202 1995 53 75 are
1270 1995 156 75 fuppofed
1440 1995 59 75 lefs
1524 1995 77 75 than
1617 1995 17 75 c
1652 1995 62 75 and
1730 1995 48 75 d,,
1787 1995 35 75 fo
1847 1995 70 75 that
1941 1995 21 75 x
1985 1995 110 75 would
2115 1995 58 75 not
2196 1995 41 75 be

1202 2042 54 75 the
1281 2042 136 75 greateft
1444 2042 147 75 common
1614 2042 140 75 meafure
1779 2042 40 75 of
1836 2042 23 75 a
1883 2042 64 75 and
1970 2042 39 75 b-,
2035 2042 119 75 againft
2180 2042 57 75 the

1201 2088 203 75 fuppofition.

1250 2135 68 75 Let
1330 2135 27 75 it
1374 2135 40 75 be
1430 2135 152 75 required
1596 2135 37 75 to
1653 2135 67 75 find
1742 2135 57 75 the
1821 2135 78 75 leaft
1922 2135 135 75 number
2079 2135 73 75 that
2174 2135 63 75 any

1202 2181 66 75 two
1284 2181 94 75 given
1389 2181 163 75 numbers,
1570 2181 33 75 as
1620 2181 21 75 a
1658 2181 63 75 and
1738 2181 30 75 b,
1785 2181 58 75 can
1859 2181 152 75 meafure.
2045 2181 94 75 Firft,
2158 2181 25 75 “
2201 2181 39 75 If

1204 2230 23 75 “
1253 2230 78 75 they
1347 2230 53 75 are
1416 2230 100 75 prime
1533 2230 35 75 to
1584 2230 78 75 each
1679 2230 106 75 other,
1810 2230 76 75 then
1903 2230 83 75 their
2002 2230 134 75 produdt
2151 2230 40 75 ab
2207 2230 27 75 is

1205 2274 23 75 “
1254 2274 55 75 the
1325 2274 76 75 leaft
1418 2274 132 75 number
1566 2274 106 75 which
1688 2274 76 75 they
1782 2274 57 75 can
1854 2274 80 75 both
1952 2274 177 75 meafure.”

1250 2320 65 75 For
1331 2320 31 75 if
1381 2320 77 75 they
1474 2320 96 75 could
1585 2320 142 75 meafure
1744 2320 19 75 a
1778 2320 59 75 lefs
1854 2320 134 75 number
2003 2320 77 75 than
2097 2320 40 75 ab
2153 2320 34 75 as
2204 2320 30 75 c,

1202 2367 130 75 fuppofe
1347 2367 72 75 that
1441 2367 18 75 c
1474 2367 25 75 is
1517 2367 94 75 equal
1631 2367 35 75 10
1683 2367 65 75 ma,
1772 2367 63 75 and
1852 2367 34 75 to
1903 2367 63 75 nb;
1992 2367 63 75 and
2070 2367 81 75 fince
2167 2367 18 75 c
2207 2367 27 75 is

1203 2412 59 75 lefs
1284 2412 76 75 than
1376 2412 53 75 ab,
1456 2412 160 75 therefore
1634 2412 52 75 tna
1711 2412 66 75 will
1800 2412 39 75 be
1862 2412 59 75 lefs
1946 2412 77 75 than
2046 2412 53 75 ab,
2123 2412 65 75 and
2202 2412 33 75 m

1202 2459 59 75 lefs
1278 2459 77 75 than
1373 2459 37 75 b;
1437 2459 63 75 and
1516 2459 41 75 nb
1580 2459 95 75 being
1693 2459 61 75 lefs
1771 2459 77 75 than
1863 2459 53 75 ab,
1941 2459 26 75 it
1982 2459 127 75 follows
2126 2459 71 75 that
2213 2459 22 75 n

1201 2505 81 75 muft
1298 2505 40 75 be
1353 2505 60 75 lefs
1429 2505 77 75 than
1523 2505 42 75 a;
1591 2505 59 75 but
1662 2505 82 75 fince
1760 2505 143 75 ma—nb,
1928 2505 64 75 and
2006 2505 229 75 confequently

1201 2553 21 75 a
1237 2553 4 75 '
1241 2553 5 75 .
1261 2553 20 75 b
1294 2553 10 75 \
1321 2553 6 75 •
1327 2553 4 75 .
1346 2553 22 75 n
1382 2553 6 75 •
1388 2553 4 75 .
1408 2553 43 75 m,
1478 2553 62 75 and
1556 2553 19 75 *
1600 2553 63 75 and
1679 2553 17 75 b
1719 2553 53 75 are
1794 2553 100 75 prime
1916 2553 36 75 to
1975 2553 78 75 each
2077 2553 107 75 other,
2208 2553 27 75 it

1200 2599 110 75 would
1324 2599 112 75 follow
1453 2599 72 75 that
1540 2599 21 75 a
1577 2599 110 75 would
1702 2599 141 75 meafure
1859 2599 34 75 n,
1919 2599 62 75 and
1996 2599 19 75 b
2030 2599 142 75 meafure
2189 2599 43 75 in,

1201 2644 69 75 that
1286 2644 41 75 is,
1353 2644 18 75 a
1386 2644 125 75 greater
1527 2644 135 75 number
1678 2644 108 75 would
1801 2644 140 75 meafure
1954 2644 21 75 a
1987 2644 72 75 lefs,
2083 2644 106 75 which
2205 2644 27 75 is

1202 2691 127 75 abfurd.

1247 2737 67 75 But
1330 2737 31 75 if
1379 2737 56 75 the
1452 2737 150 75 numbers
1617 2737 22 75 a
1657 2737 62 75 and
1735 2737 17 75 h
1770 2737 52 75 are
1845 2737 57 75 not
1917 2737 101 75 prime
2042 2737 35 75 to
2094 2737 79 75 each
2195 2737 36 75 o-

1200 2783 83 75 ther,
1315 2783 63 75 and
1405 2783 84 75 their
1513 2783 136 75 greateft
1673 2783 146 75 common
1843 2783 140 75 meafure
2010 2783 28 75 is
2063 2783 32 75 x,
2125 2783 108 75 which

1200 2831 155 75 meafures
1372 2831 21 75 a
1410 2831 44 75 by
1469 2831 55 75 the
1540 2831 85 75 units
1648 2831 33 75 in
1697 2831 44 75 in,
1764 2831 62 75 and
1847 2831 158 75 meafures
2022 2831 17 75 b
2055 2831 44 75 by
2115 2831 55 75 the
2193 2831 38 75 u-

1200 2877 62 75 nits
1278 2877 33 75 in
1328 2877 33 75 n,
1379 2877 34 75 fo
1429 2877 71 75 that
1515 2877 122 75 a—mx,
1655 2877 63 75 and
1733 2877 109 75 b—nx,
1859 2877 78 75 then
1953 2877 77 75 lhall
2046 2877 44 75 an
2109 2877 123 75 (which

1200 2923 26 75 is
1243 2923 93 75 equal
1354 2923 36 75 to
1401 2923 63 75 bm,
1480 2923 131 75 becaufe
1627 2923 115 75 a:b::
1754 2923 52 75 rnx
1820 2923 15 75 t
1846 2923 43 75 ax
1903 2923 9 75 ;
1928 2923 31 75 tu
1975 2923 8 75 :
1998 2923 35 75 n,
2051 2923 62 75 and
2124 2923 106 75 there-

1200 2968 70 75 fore
1286 2968 146 75 an—bni)
1462 2968 39 75 be
1517 2968 56 75 the
1588 2968 77 75 leaft
1681 2968 132 75 number
1830 2968 71 75 that
1917 2968 21 75 a
1955 2968 63 75 and
2034 2968 18 75 b
2075 2968 57 75 can
2148 2968 81 75 both

1199 3015 153 75 meafure.
1402 3015 64 75 For
1482 3015 32 75 if
1531 3015 78 75 they
1627 3015 95 75 could
1742 3015 141 75 meafure
1905 3015 64 75 any
1987 3015 134 75 number
2136 3015 18 75 c
2168 3015 61 75 lefs

2151 3063 76 75 than
