2493 3387
700 122 499 75 ASTRO

193 194 120 75 Before
330 194 120 75 Chrift.

172 249 64 75 S8S

172 442 64 75 523

172 573 64 75 502

169 760 67 75 463

171 1098 64 75 43i

171 1191 66 75 4i3

173 1331 67 75 394

179 1462 62 75 168

287 240 83 75 May
447 240 44 75 28

287 427 78 75 July
447 427 42 75 16

287 569 89 75 Nov.
450 569 42 75 19

288 756 95 75 April
448 756 44 75 30

288 898 96 75 April
448 898 43 75 25

289 1082 123 75 Auguft
474 1082 17 75 3

290 1177 123 75 Auguft
448 1177 43 75 27

289 1317 124 75 Augufl:
452 1317 41 75 14

292 1457 83 75 June
451 1457 42 75 21

194 1691 101 75 After
311 1691 117 75 Chrift,

198 1751 43 75 59

175 2113 65 75 306

173 2254 67 75 846

152 2392 89 75 J009

153 2487 86 75 1133

290 1737 96 75 April
452 1737 43 75 30

289 1924 94 75 April
451 1924 40 75 12

291 2110 77 75 July
447 2110 44 75 27

290 2251 83 75 May
473 2251 22 75 4

291 2481 124 75 Auguft
474 2481 19 75 2

588 235 54 75 An
670 235 115 75 eclipfe
813 235 40 75 of
879 235 56 75 the
962 235 56 75 fun
1041 235 142 75 foretold

542 282 43 75 by
607 282 139 75 Thales,
777 282 44 75 by
837 282 107 75 which
961 282 19 75 a
1005 282 99 75 peace;
1116 282 66 75 was

539 328 141 75 brought
704 328 99 75 about
820 328 144 75 between
984 328 56 75 the
1065 328 117 75 Medes

541 376 61 75 and
619 376 158 75 Lydians.

586 422 56 75 An
665 422 115 75 eclipfe
804 422 40 75 of
863 422 56 75 the
938 422 108 75 moon,
1075 422 107 75 which

540 471 65 75 was
623 471 153 75 followed
792 471 43 75 by
847 471 55 75 the
914 471 97 75 death
1028 471 40 75 of
1081 471 100 75 Cam-

541 517 104 75 byfes.

589 563 53 75 An
665 563 116 75 eclipfe
796 563 41 75 of
856 563 56 75 the
939 563 109 75 moon,
1074 563 107 75 which

540 611 64 75 was
633 611 154 75 followed
813 611 44 75 by
881 611 55 75 the
963 611 160 75 flaughter
1147 611 41 75 of

541 658 54 75 the
614 658 145 75 Sabines,
785 658 62 75 and
863 658 98 75 death
978 658 40 75 of
1032 658 150 75 Valerius

541 704 180 75 Publicola.

588 751 53 75 An
670 751 114 75 eclipfe
817 751 42 75 of
884 751 55 75 the
970 751 71 75 fun.
1104 751 78 75 The

542 798 125 75 Perfian
684 798 78 75 war,
787 798 64 75 and
867 798 55 75 the
946 798 114 75 falling
1077 798 51 75 off
1148 798 40 75 of

541 846 54 75 the
612 846 143 75 Perfians
771 846 86 75 from
868 846 56 75 the
940 846 194 75 Egyptians.
1134 828 13 49 1

588 892 55 75 An
665 892 115 75 eclipfe
799 892 41 75 of
862 892 57 75 the
942 892 108 75 moon,
1075 892 107 75 which

541 938 65 75 was
623 938 154 75 followed
801 938 44 75 by
861 938 20 75 a
907 938 91 75 great
1014 938 119 75 famine
1150 938 33 75 at

541 986 105 75 Rome
660 986 11 75 ;
705 986 64 75 and
793 986 55 75 the
872 986 171 75 beginning
1067 986 40 75 of
1126 986 56 75 the

542 1032 247 75 Peloponnefian
807 1032 80 75 war.

590 1080 32 75 A
646 1080 81 75 total
752 1080 114 75 eclipfe
890 1080 41 75 of
950 1080 56 75 the
1029 1080 71 75 fun.
1148 1080 34 75 A

541 1125 105 75 comet
662 1125 63 75 and
740 1125 115 75 plague
871 1125 34 75 at
921 1125 141 75 Athens.

589 1174 33 75 A
658 1174 80 75 total
771 1174 115 75 eclipfe
917 1174 41 75 of
983 1174 57 75 the
1072 1174 109 75 moon.

540 1221 111 75 Nicias
678 1221 80 75 with
784 1221 51 75 his
862 1221 65 75 (hip
954 1221 169 75 deftroyed
1149 1221 34 75 at

542 1267 166 75 Syracufe.

590 1314 53 75 An
657 1314 113 75 eclipfe
782 1314 41 75 of
833 1314 57 75 the
906 1314 69 75 fun.
1014 1314 76 75 The
1103 1314 79 75 Per-

540 1361 78 75 fians
642 1361 76 75 beat
750 1361 44 75 by
819 1361 115 75 Conon
956 1361 34 75 in
1014 1361 19 75 a
1059 1361 122 75 fea-en-

543 1405 181 75 gagement.

593 1453 32 75 A
657 1453 82 75 total
771 1453 114 75 eclipfe
917 1453 41 75 of
991 1453 56 75 the
1071 1453 110 75 moon.

542 1500 77 75 The
651 1500 80 75 next
763 1500 64 75 day
858 1500 146 75 Perfeus,
1038 1500 78 75 king
1147 1500 41 75 of

543 1546 206 75 Macedonia,
767 1546 64 75 was
848 1546 184 75 conquered
1043 1546 42 75 by
1097 1546 85 75 Pau-

541 1593 50 75 ius
607 1593 152 75 Emilius.

591 1733 54 75 An
662 1733 114 75 eclipfe
792 1733 41 75 of
854 1733 57 75 the
926 1733 69 75 fun.
1043 1733 87 75 This
1154 1733 27 75 is

542 1780 159 75 reckoned
725 1780 115 75 among
861 1780 57 75 the
942 1780 173 75 prodigies,
1141 1780 41 75 on

542 1826 134 75 account
693 1826 40 75 of
752 1826 56 75 the
825 1826 128 75 murder
969 1826 41 75 of
1028 1826 154 75 Agrippi-

542 1875 58 75 nus
617 1875 43 75 by
676 1875 104 75 Nero.

590 1921 32 75 A
639 1921 80 75 total
747 1921 114 75 eclipfe
885 1921 40 75 of
946 1921 55 75 the
1027 1921 71 75 fun.
1147 1921 34 75 A

542 1968 64 75 fign
621 1968 72 75 that
709 1968 55 75 the
780 1968 89 75 reign
886 1968 41 75 of
943 1968 56 75 the
1019 1968 161 75 Gordiani

543 2014 107 75 would
666 2014 57 75 not
738 2014 149 75 continue
903 2014 91 75 long.
1042 2014 34 75 A
1096 2014 84 75 fixth

543 2060 197 75 perfecution
756 2060 40 75 of
807 2060 56 75 the
880 2060 189 75 Chriftians.

588 2107 55 75 An
654 2107 114 75 eclipfe
780 2107 41 75 of
827 2107 55 75 the
898 2107 69 75 fun.
1015 2107 78 75 The
1104 2107 77 75 ftars

542 2154 83 75 were
649 2154 85 75 feen,
760 2154 64 75 and
842 2154 56 75 the
919 2154 147 75 emperor
1092 2154 89 75 Con-

543 2200 69 75 ftan'
612 2200 58 75 tius
687 2200 87 75 died.

591 2248 33 75 A
651 2248 149 75 dreadful
832 2248 113 75 eclipfe
962 2248 40 75 of
1023 2248 57 75 the
1111 2248 70 75 fun.

541 2293 78 75 And
630 2293 110 75 Lewis
751 2293 56 75 the
817 2293 99 75 Pious
929 2293 75 75 died
1012 2293 111 75 within
1136 2293 47 75 fix

542 2341 127 75 months
686 2341 84 75 after
785 2341 38 75 it.

588 2387 54 75 An
659 2387 114 75 eclipfe
790 2387 40 75 of
840 2387 56 75 the
912 2387 69 75 fun.
1030 2387 78 75 And
1126 2387 55 75 Je-

542 2434 134 75 rufalem
692 2434 96 75 taken
804 2434 43 75 by
864 2434 56 75 the
933 2434 168 75 Saracens.

590 2481 32 75 A
649 2481 133 75 terrible
815 2481 114 75 eclipfe
956 2481 41 75 of
1024 2481 55 75 the
1111 2481 69 75 fun.

542 2527 76 75 The
634 2527 77 75 ftars
727 2527 85 75 were
827 2527 85 75 feen.
962 2527 34 75 A
1020 2527 111 75 fchifm
1149 2527 33 75 in

543 2573 54 75 the
609 2573 133 75 church,
767 2573 185 75 occafioned
966 2573 45 75 by
1022 2573 91 75 there
1125 2573 56 75 be-

541 2618 53 75 ing
610 2618 91 75 three
717 2618 106 75 Popes
841 2618 33 75 at
889 2618 93 75 once.

195 2715 68 75 We
278 2715 81 75 have
375 2715 58 75 not
449 2715 205 75 enumerated
666 2715 60 75 one
743 2715 73 75 half
823 2715 40 75 of
874 2715 194 75 Ricciolus’s
1084 2715 50 75 lift
1146 2715 40 75 of

147 2760 188 75 portentous
352 2760 129 75 eclipfes
496 2760 11 75 ;
534 2760 62 75 and
612 2760 52 75 for
676 2760 56 75 the
747 2760 83 75 fame
848 2760 108 75 reafon
974 2760 69 75 that
1065 2760 40 75 he
1124 2760 56 75 de-

149 2807 98 75 clines
264 2807 107 75 giving
392 2807 62 75 any
470 2807 89 75 more
580 2807 40 75 of
638 2807 89 75 them
743 2807 76 75 than
836 2807 88 75 what
941 2807 71 75 that
1039 2807 49 75 lift
1105 2807 76 75 con-

146 2854 99 75 tains,
270 2854 138 75 namely,
433 2854 72 75 that
531 2854 25 75 it
573 2854 26 75 is
617 2854 79 75 moft
713 2854 214 75 difagreeable
952 2854 36 75 to
1005 2854 95 75 dwell
1119 2854 62 75 any

148 2900 113 75 longer
277 2900 39 75 on
330 2900 75 75 fuch
422 2900 149 75 nonfenfe
586 2900 9 75 :
622 2900 56 75 the
694 2900 196 75 fuperftition
912 2900 40 75 of
968 2900 55 75 the
1040 2900 140 75 ancients

146 2948 75 75 may
237 2948 39 75 be
293 2948 69 75 feen
380 2948 43 75 by
435 2948 54 75 the
506 2948 63 75 few
585 2948 76 75 here
679 2948 126 75 copied.

195 2994 142 75 Eclipfes
350 2994 40 75 of
400 2994 55 75 the
467 2994 56 75 fun
536 2994 53 75 are
601 2994 89 75 more
703 2994 151 75 frequent
866 2994 78 75 than
955 2994 42 75 of
1004 2994 54 75 the
1071 2994 108 75 moon,

193 3042 101 75 Vol.
320 3042 30 75 1.
398 3042 72 75 No.
496 3042 57 75 21.

1113 3042 17 75 3

1280 117 44 75 N
1402 117 44 75 O
1522 117 51 75 M
1655 117 48 75 r.

2185 117 82 75 481

1230 182 132 75 becaufe
1390 182 56 75 the
1473 182 85 75 fun’s
1586 182 130 75 ecliptic
1741 182 99 75 limits
1869 182 54 75 are
1954 182 129 75 greater
2109 182 77 75 than
2214 182 58 75 the

1231 229 125 75 moon’s
1372 229 10 75 ;
1411 229 56 75 yet
1484 229 48 75 we
1548 229 82 75 have
1648 229 89 75 more
1763 229 107 75 vifible
1886 229 130 75 eclipfes
2034 229 41 75 of
2094 229 56 75 the
2172 229 100 75 moon

1230 276 77 75 than
1332 276 43 75 of
1384 276 56 75 the
1463 276 69 75 fun,
1562 276 132 75 becaufe
1722 276 131 75 eclipfes
1870 276 40 75 of
1933 276 55 75 the
2005 276 95 75 moon
2118 276 54 75 are
2197 276 74 75 feen

1229 323 85 75 from
1331 323 43 75 all
1391 323 88 75 parts
1495 323 40 75 of
1554 323 71 75 that
1652 323 199 75 hemifphere
1867 323 41 75 of
1927 323 55 75 the
2004 323 92 75 earth
2118 323 106 75 which
2242 323 27 75 is

1230 370 81 75 next
1327 370 70 75 her,
1420 370 63 75 and
1501 370 53 75 are
1571 370 130 75 equally
1717 370 90 75 great
1824 370 35 75 to
1879 370 77 75 each
1975 370 40 75 of
2035 370 92 75 thofe
2155 370 87 75 parts
2258 370 11 75 ;

1230 416 57 75 but
1304 416 54 75 the
1374 416 85 75 fun’s
1476 416 131 75 eclipfes
1620 416 53 75 are
1687 416 106 75 vifible
1806 416 77 75 only
1895 416 35 75 to
1947 416 70 75 that
2035 416 88 75 fmall
2142 416 128 75 portion

1230 464 40 75 of
1281 464 55 75 the
1353 464 199 75 hemifphere
1568 464 79 75 next
1669 464 68 75 him
1755 464 149 75 whereon
1922 464 55 75 the
1993 464 124 75 moon’s
2142 464 129 75 ihadow

1230 511 87 75 falls.

1276 558 77 75 The
1369 558 125 75 moon’s
1512 558 85 75 orbit
1608 558 97 75 being
1720 558 167 75 elliptical,
1913 558 62 75 and
1989 558 55 75 the
2055 558 92 75 earth
2164 558 32 75 in
2208 558 62 75 one

1231 605 38 75 of
1280 605 41 75 its
1339 605 137 75 focufes,
1498 605 51 75 (lie
1577 605 27 75 is
1626 605 78 75 once
1728 605 33 75 at
1789 605 57 75 her
1863 605 76 75 leaft
1955 605 138 75 diftance
2111 605 85 75 from
2213 605 57 75 the

1230 651 103 75 earth,
1370 651 63 75 and
1460 651 80 75 once
1573 651 33 75 at
1640 651 60 75 her
1726 651 148 75 greateft,
1916 651 31 75 in
1980 651 98 75 every
2109 651 158 75 lunation.

1229 699 112 75 When
1364 699 57 75 the
1443 699 97 75 moon
1556 699 138 75 changes
1712 699 32 75 at
1769 699 59 75 her
1853 699 78 75 leaft
1956 699 138 75 diftance
2111 699 85 75 from
2212 699 57 75 the

1230 745 104 75 earth,
1360 745 63 75 and
1446 745 33 75 fo
1496 745 76 75 near
1587 745 55 75 the
1659 745 84 75 node
1767 745 72 75 that
1867 745 58 75 her
1947 745 81 75 dark
2048 745 130 75 ftiadow
2193 745 76 75 falls

1231 792 85 75 upon
1344 792 57 75 the
1428 792 104 75 earth,
1558 792 51 75 (he
1639 792 132 75 appears
1799 792 56 75 big
1878 792 127 75 enough
2029 792 36 75 to
2092 792 96 75 cover
2212 792 57 75 the

1230 839 106 75 whole
1352 839 69 75 difle
1436 839 41 75 of
1496 839 55 75 the
1568 839 55 75 fun
1640 839 85 75 from
1746 839 70 75 that
1833 839 72 75 part
1930 839 42 75 on
1993 839 105 75 which
2124 839 59 75 her
2200 839 67 75 (ha-

1231 886 73 75 dow
1320 886 74 75 falls
1410 886 11 75 ;
1448 886 63 75 and
1527 886 56 75 the
1599 886 56 75 fun
1675 886 131 75 appears
1827 886 116 75 totally
1954 886 137 75 eclipfed
2107 886 100 75 there’
2216 886 53 75 for

1231 933 84 75 fome
1327 933 138 75 minutes
1481 933 9 75 :
1516 933 60 75 but
1587 933 93 75 when
1693 933 55 75 the
1760 933 95 75 moon
1868 933 137 75 changes
2019 933 32 75 at
2062 933 59 75 her
2132 933 137 75 greateft

1228 981 140 75 diftance
1394 981 85 75 from
1496 981 55 75 the
1567 981 104 75 eaith,
1697 981 61 75 and
1787 981 34 75 fo
1838 981 76 75 near
1930 981 56 75 the
2014 981 84 75 node
2121 981 72 75 that
2209 981 60 75 her

1229 1027 81 75 dark
1327 1027 127 75 (hadow
1470 1027 26 75 is
1519 1027 142 75 directed
1677 1027 141 75 towards
1835 1027 55 75 the
1905 1027 106 75 earth,
2035 1027 60 75 her
2110 1027 158 75 diameter

1229 1075 149 75 fubtends
1396 1075 19 75 a
1441 1075 60 75 lefs
1519 1075 92 75 angle
1639 1075 77 75 than
1734 1075 55 75 the
1805 1075 84 75 fun’s
1904 1075 11 75 ;
1952 1075 62 75 and
2036 1075 162 75 therefore
2215 1075 53 75 (lie

1230 1121 115 75 cannot
1361 1121 76 75 hide
1460 1121 51 75 his
1534 1121 105 75 whole
1661 1121 66 75 di(k
1751 1121 85 75 from
1862 1121 61 75 any
1941 1121 71 75 part
2029 1121 41 75 of
2088 1121 56 75 the
2161 1121 105 75 earth,

1230 1167 59 75 nor
1304 1167 79 75 does
1410 1167 60 75 her
1495 1167 128 75 (hadow
1639 1167 95 75 reach
1751 1167 26 75 it
1806 1167 32 75 at
1855 1167 72 75 that
1944 1167 77 75 time
2035 1167 10 75 ;
2073 1167 63 75 and
2159 1167 35 75 to
2211 1167 57 75 the

1230 1215 89 75 place
1335 1215 78 75 over
1440 1215 106 75 which
1574 1215 55 75 the
1657 1215 89 75 point
1775 1215 40 75 of
1835 1215 59 75 her
1921 1215 127 75 (hadow
2071 1215 114 75 hangs,
2211 1215 57 75 the

1230 1262 113 75 eclipfe
1367 1262 27 75 is
1412 1262 143 75 annular,
1581 1262 56 75 the
1654 1262 86 75 fun’s
1764 1262 81 75 edge
1861 1262 170 75 appearing
2055 1262 65 75 like
2137 1262 19 75 a
2172 1262 95 75 lumi-

1230 1308 79 75 nous
1326 1308 72 75 ring
1414 1308 42 75 all
1474 1308 121 75 around
1613 1308 55 75 the
1685 1308 87 75 body
1790 1308 41 75 of
1850 1308 55 75 the
1922 1308 108 75 moon.
2080 1308 112 75 When
2210 1308 57 75 the

1231 1356 123 75 change
1370 1356 141 75 happens
1529 1356 113 75 within
1665 1356 11 75 j
1685 1356 18 75 7
1721 1356 134 75 degrees
1879 1356 41 75 of
1938 1356 55 75 the
2010 1356 96 75 node,
2132 1356 63 75 and
2211 1356 58 75 the

1229 1402 96 75 moon
1342 1402 33 75 at
1394 1402 60 75 her
1469 1402 91 75 mean
1577 1402 137 75 diftance
1738 1402 85 75 from
1848 1402 56 75 the
1922 1402 104 75 earth,
2052 1402 57 75 the
2124 1402 91 75 point
2232 1402 42 75 of

1229 1450 58 75 her
1303 1450 128 75 (hadow
1451 1450 66 75 juft
1533 1450 133 75 touches
1683 1450 56 75 the
1755 1450 105 75 earth,
1886 1450 62 75 and
1969 1450 52 75 (he
2044 1450 151 75 eclipfeth
2212 1450 57 75 the

1230 1497 55 75 fun
1302 1497 117 75 totally
1434 1497 36 75 to
1486 1497 70 75 that
1573 1497 90 75 fmall
1686 1497 69 75 fpot
1771 1497 151 75 whereon
1946 1497 59 75 her
2021 1497 128 75 (hadow
2164 1497 75 75 falls
2254 1497 12 75 ;

1231 1544 58 75 but
1304 1544 56 75 the
1376 1544 151 75 darknefs
1544 1544 26 75 is
1588 1544 57 75 not
1662 1544 43 75 of
1713 1544 18 75 a
1747 1544 170 75 moment’s
1935 1544 223 75 continuance.

1276 1590 76 75 The
1368 1590 124 75 moon’s
1505 1590 152 75 apparent
1673 1590 168 75 diameter,
1867 1590 93 75 when
1977 1590 126 75 largeft,
2129 1590 139 75 exceeds

1231 1637 55 75 the
1303 1637 96 75 fun’s,
1428 1637 94 75 when
1538 1637 91 75 leaft,
1647 1637 78 75 only
1741 1637 11 75 1
1775 1637 120 75 minute
1915 1637 41 75 38
1975 1637 132 75 feconds
2124 1637 41 75 of
2176 1637 18 75 a
2210 1637 56 75 de-

1231 1683 74 75 gree
1319 1683 11 75 ;
1357 1683 63 75 and
1436 1683 32 75 in
1486 1683 55 75 the
1556 1683 136 75 greateft
1709 1683 113 75 eclipfe
1835 1683 41 75 of
1887 1683 56 75 the
1955 1683 56 75 fun
2028 1683 71 75 that
2116 1683 58 75 can
2187 1683 80 75 hap-

1232 1730 59 75 pen
1309 1730 32 75 at
1365 1730 63 75 any
1443 1730 77 75 time
1544 1730 62 75 and
1622 1730 102 75 place,
1750 1730 55 75 the
1826 1730 81 75 total
1933 1730 150 75 darknefs
2101 1730 165 75 continrues

1232 1777 41 75 no
1289 1777 113 75 longer
1417 1777 79 75 than
1513 1777 103 75 whilft
1633 1777 55 75 the
1705 1777 96 75 moon
1828 1777 26 75 is
1872 1777 98 75 going
1991 1777 12 75 1
2021 1777 121 75 minute
2160 1777 43 75 38
2217 1777 50 75 fe-

1231 1825 97 75 conds
1358 1825 85 75 from
1460 1825 55 75 the
1538 1825 56 75 fun
1619 1825 32 75 in
1668 1825 59 75 her
1743 1825 98 75 orbit,
1870 1825 108 75 which
2006 1825 27 75 is
2051 1825 97 75 about
2168 1825 16 75 3
2204 1825 61 75 mi-

1227 1871 91 75 nutes
1336 1871 62 75 and
1415 1871 38 75 13
1471 1871 132 75 feconds
1620 1871 40 75 of
1672 1871 38 75 an
1727 1871 96 75 hour.

1275 1919 77 75 The
1368 1919 124 75 moon’s
1509 1919 82 75 dark
1616 1919 129 75 (hadow
1772 1919 112 75 covers
1911 1919 78 75 only
2012 1919 18 75 a
2057 1919 71 75 fpot
2151 1919 41 75 on
2210 1919 57 75 the

1228 1965 120 75 earth’s
1375 1965 137 75 furface,
1537 1965 99 75 about
1657 1965 65 75 180
1748 1965 134 75 Englifti
1910 1965 90 75 miles
2027 1965 115 75 broad,
2171 1965 95 75 when

1229 2012 54 75 the
1299 2012 124 75 moon’s
1440 2012 155 75 diameter
1611 2012 131 75 appears
1758 2012 126 75 largeft,
1910 2012 60 75 and
1989 2012 56 75 the
2061 2012 84 75 fun’s
2162 2012 77 75 leaft
2253 2012 11 75 ;

1229 2057 61 75 and
1307 2057 56 75 the
1379 2057 81 75 total
1488 2057 150 75 darknefs
1667 2057 58 75 can
1753 2057 119 75 extend
1897 2057 43 75 no
1963 2057 124 75 farther
2114 2057 76 75 than
2208 2057 58 75 the

1229 2104 79 75 dark
1325 2104 126 75 (hadow
1467 2104 125 75 covers.
1642 2104 65 75 Yet
1724 2104 55 75 the
1804 2104 123 75 moon’s
1949 2104 114 75 partial
2083 2104 127 75 (hadow
2226 2104 40 75 or

1229 2151 176 75 penumbra
1420 2151 75 75 may
1510 2151 77 75 then
1607 2151 96 75 cover
1719 2151 18 75 a
1753 2151 136 75 circular
1904 2151 90 75 fpace
2013 2151 94 75 4900
2124 2151 91 75 miles
2231 2151 35 75 in

1229 2197 168 75 diameter,
1415 2197 111 75 within
1540 2197 42 75 all
1595 2197 106 75 which
1713 2197 56 75 the
1780 2197 56 75 fun
1848 2197 27 75 is
1888 2197 89 75 more
1988 2197 39 75 or
2038 2197 59 75 lefs
2111 2197 149 75 eclipfed,

1229 2245 33 75 as
1279 2245 55 75 the
1351 2245 107 75 places
1479 2245 53 75 are
1547 2245 61 75 lefs
1631 2245 38 75 or
1685 2245 90 75 more
1791 2245 115 75 diftant
1922 2245 85 75 from
2030 2245 56 75 the
2102 2245 109 75 centre
2227 2245 43 75 of

1228 2292 56 75 the
1300 2292 188 75 penumbra.
1537 2292 111 75 When
1665 2292 55 75 the
1737 2292 96 75 moon
1856 2292 138 75 changes
2014 2292 128 75 exactly
2154 2292 30 75 in
2206 2292 56 75 the

1228 2339 96 75 node,
1351 2339 55 75 the
1422 2339 175 75 penumbra
1615 2339 27 75 is
1659 2339 135 75 circular
1810 2339 41 75 on
1873 2339 56 75 the
1946 2339 91 75 earth
2058 2339 33 75 at
2108 2339 54 75 the
2179 2339 83 75 mid-

1229 2386 53 75 dle
1302 2386 41 75 of
1361 2386 56 75 the
1441 2386 127 75 general
1586 2386 113 75 eclipfe
1713 2386 10 75 ;
1757 2386 134 75 becaufe
1916 2386 32 75 at
1962 2386 68 75 that
2048 2386 77 75 time
2144 2386 26 75 it
2186 2386 76 75 falls

1229 2431 274 75 perpendicularly
1519 2431 42 75 on
1578 2431 55 75 the
1661 2431 119 75 earth’s
1798 2431 122 75 furface
1935 2431 10 75 ;
1974 2431 59 75 but
2056 2431 33 75 at
2113 2431 95 75 every
2225 2431 36 75 o-

1228 2477 72 75 ther
1317 2477 142 75 moment
1474 2477 26 75 it
1516 2477 73 75 falls
1606 2477 177 75 obliquely,
1809 2477 63 75 and
1891 2477 65 75 will
1973 2477 162 75 therefore
2157 2477 40 75 be
2205 2477 55 75 ,el-

1228 2524 120 75 liptical
1364 2524 10 75 ;
1401 2524 62 75 and
1481 2524 54 75 the
1554 2524 87 75 more
1657 2524 46 75 fo,
1728 2524 33 75 as
1774 2524 56 75 the
1842 2524 77 75 time
1932 2524 25 75 is
1974 2524 114 75 longer
2098 2524 112 75 before
2223 2524 38 75 or

1228 2571 84 75 after
1327 2571 55 75 the
1399 2571 119 75 middle
1537 2571 43 75 of
1592 2571 55 75 the
1663 2571 124 75 general
1806 2571 113 75 eclipfe
1933 2571 11 75 ;
1970 2571 63 75 and
2049 2571 89 75 then,
2163 2571 97 75 much

1227 2617 125 75 greater
1364 2617 143 75 portions
1524 2617 40 75 of
1575 2617 55 75 the
1646 2617 118 75 earth’s
1782 2617 123 75 furface
1921 2617 53 75 are
1990 2617 149 75 involved
2154 2617 33 75 in
2203 2617 58 75 the

1228 2664 186 75 penumbra.

1275 2711 112 75 When
1403 2711 56 75 the
1484 2711 175 75 penumbra
1687 2711 64 75 firft
1768 2711 131 75 touches
1917 2711 55 75 the
1999 2711 102 75 earth,
2130 2711 56 75 the
2202 2711 56 75 ge-

1224 2759 88 75 neral
1330 2759 113 75 eclipfe
1458 2759 110 75 begins
1583 2759 10 75 ;
1621 2759 92 75 when
1738 2759 25 75 it
1787 2759 104 75 leaves
1916 2759 57 75 the
1992 2759 105 75 earth,
2123 2759 54 75 the
2202 2759 56 75 ge-

1227 2805 87 75 neral
1337 2805 112 75 eclipfe
1469 2805 79 75 ends
1565 2805 8 75 :
1608 2805 85 75 from
1716 2805 56 75 the
1797 2805 172 75 beginning
1993 2805 34 75 to
2052 2805 55 75 the
2124 2805 61 75 end
2203 2805 55 75 the

1228 2851 54 75 fun
1301 2851 130 75 appears
1448 2851 135 75 eclipfed
1601 2851 31 75 in
1654 2851 85 75 fome
1756 2851 70 75 part
1848 2851 38 75 of
1907 2851 55 75 the
1979 2851 90 75 earth
2086 2851 36 75 or
2149 2851 108 75 other.

1228 2898 109 75 When
1356 2898 55 75 the
1435 2898 175 75 penumbra
1633 2898 133 75 touches
1793 2898 60 75 any
1869 2898 101 75 place,
1997 2898 55 75 the
2069 2898 113 75 eclipfe
2202 2898 55 75 be-

1228 2946 68 75 gins
1315 2946 32 75 at
1364 2946 70 75 that
1458 2946 102 75 place,
1586 2946 61 75 and
1672 2946 77 75 ends
1770 2946 94 75 when
1887 2946 55 75 the
1964 2946 173 75 penumbra
2152 2946 107 75 leaves

1227 2994 37 75 it.
1313 2994 111 75 When
1439 2994 57 75 the
1513 2994 95 75 moon
1625 2994 137 75 chapges
1779 2994 31 75 in
1828 2994 55 75 the
1894 2994 96 75 node,
2016 2994 54 75 the
2086 2994 175 75 penumbra

1651 3039 19 75 6
1698 3039 27 75 F

2186 3039 79 75 goes
