2483 3387
202 158 81 75 378

668 158 42 75 A
787 158 37 75 R
903 158 18 75 I
998 158 40 75 T
1114 158 46 75 H
1235 158 50 75 M
1362 158 35 75 E
1475 158 41 75 T
1594 158 19 75 I
1691 158 36 75 C
1804 158 53 75 K.

199 218 65 75 you
292 218 58 75 can
377 218 81 75 have
483 218 26 75 it
538 218 18 75 2
585 218 116 75 times;
728 218 122 75 faying,
878 218 18 75 2
915 218 92 75 times
1027 218 17 75 3
1063 218 26 75 is
1107 218 21 75 6
1146 218 85 75 from

205 266 53 75 10,
288 266 63 75 and
368 266 21 75 4
407 266 134 75 remains
554 266 9 75 ;
598 266 105 75 which
722 266 21 75 4
761 266 111 75 placed
888 266 40 75 on
947 266 54 75 the
1017 266 60 75 left
1093 266 86 75 hand
1196 266 40 75 of

199 312 55 75 the
279 312 78 75 next
373 312 100 75 figure
491 312 19 75 2
528 312 109 75 makes
656 312 42 75 42
713 312 8 75 :
749 312 78 75 And
840 312 88 75 again
947 312 65 75 fay.
1038 312 69 75 Can
1121 312 17 75 I
1150 312 81 75 have

199 360 20 75 6
238 360 65 75 alfo
323 360 16 75 2
358 360 93 75 times
468 360 32 75 in
518 360 43 75 42
576 360 12 75 ?
641 360 80 75 Atif.
747 360 83 75 Yes;
858 360 229 75 confequently
1113 360 43 75 36
1173 360 59 75 can

198 405 40 75 be
261 405 63 75 had
342 405 18 75 2
379 405 92 75 times
484 405 36 75 in
543 405 86 75 102;
655 405 206 75 accordingly
877 405 57 75 put
962 405 16 75 2
1008 405 32 75 in
1069 405 56 75 the
1148 405 82 75 quo-

198 452 93 75 tient,
316 452 149 75 multiply
482 452 65 75 and
559 452 159 75 fubtraft;
746 452 63 75 and
833 452 34 75 to
895 452 57 75 the
977 452 180 75 remainder
1182 452 48 75 30

196 497 93 75 bring
305 497 96 75 down
417 497 57 75 the
491 497 77 75 next
587 497 61 75 and
663 497 58 75 laft
745 497 100 75 figure
870 497 41 75 of
931 497 55 75 the
1014 497 153 75 dividend
1194 497 35 75 6,

195 544 53 75 for
265 544 18 75 a
299 544 70 75 new
384 544 162 75 dividual:
573 544 112 75 Then,
710 544 131 75 becaufe
857 544 55 75 the
930 544 140 75 dividual
1083 544 57 75 has
1158 544 18 75 a
1193 544 36 75 fi-

197 591 78 75 gure
292 591 88 75 more
397 591 78 75 than
491 591 56 75 the
572 591 130 75 divifor,
728 591 66 75 fay.
819 591 88 75 How
929 591 89 75 often
1043 591 19 75 3
1091 591 32 75 in
1154 591 52 75 30'
1206 591 19 75 ?

197 637 82 75 Anf.
299 637 32 75 9,
358 637 62 75 and
439 637 17 75 3
477 637 154 75 remains;
659 637 107 75 which
781 637 17 75 3
817 637 112 75 placed
942 637 40 75 on
1000 637 55 75 the
1067 637 60 75 left
1143 637 86 75 hand

197 684 41 75 of
255 684 54 75 the
326 684 167 75 following
510 684 99 75 figure
627 684 20 75 6
666 684 91 75 make
777 684 63 75 36:
869 684 76 75 And
962 684 92 75 again
1071 684 67 75 fay,
1157 684 71 75 Can

195 731 17 75 I
231 731 79 75 have
329 731 20 75 6
367 731 65 75 alfo
450 731 20 75 9
487 731 94 75 times
606 731 33 75 in
666 731 43 75 36
726 731 12 75 ?
779 731 81 75 Anf.
896 731 78 75 No;
1001 731 228 75 confequently

198 779 44 75 36
260 779 116 75 cannot
392 779 39 75 be
443 779 66 75 had
522 779 20 75 9
556 779 92 75 times
665 779 32 75 in
717 779 87 75 306;
831 779 164 75 therefore
1010 779 53 75 try
1080 779 30 75 if
1127 779 27 75 it
1172 779 57 75 can

195 824 40 75 be
255 824 65 75 had
336 824 20 75 8
374 824 106 75 times,
505 824 121 75 faying,
651 824 20 75 8
690 824 93 75 times
803 824 16 75 3
839 824 27 75 is
884 824 44 75 24
945 824 85 75 from
1049 824 56 75 30,
1131 824 63 75 and
1208 824 20 75 6

194 870 162 75 remains^
383 870 106 75 which
497 870 31 75 IS
544 870 112 75 placed
673 870 41 75 on
730 870 54 75 the
801 870 59 75 left
877 870 86 75 hand
979 870 39 75 of
1028 870 56 75 the
1101 870 126 75 follow-

194 917 56 75 ing
266 917 101 75 figure
384 917 20 75 6
423 917 108 75 makes
549 917 65 75 66:
642 917 107 75 Again
767 917 68 75 fay,
861 917 69 75 Can
947 917 17 75 I
988 917 80 75 have
1087 917 20 75 6
1125 917 64 75 alfo
1206 917 19 75 8

195 964 92 75 times
305 964 31 75 in
355 964 67 75 66?
452 964 80 75 Anf
555 964 88 75 Yes;
670 964 228 75 confequently
921 964 42 75 36
988 964 58 75 can
1070 964 40 75 be
1126 964 63 75 had
1206 964 20 75 8

194 1012 93 75 times
305 1012 32 75 in
359 1012 87 75 306;
473 1012 179 75 wherefore
663 1012 59 75 put
739 1012 19 75 8
777 1012 30 75 in
820 1012 56 75 the
888 1012 161 75 quotient,
1074 1012 155 75 andmul-

194 1062 81 75 tiply
293 1062 62 75 and
371 1062 138 75 fubtradf
526 1062 33 75 as
576 1062 131 75 before:
733 1062 78 75 The
840 1062 56 75 lart
924 1062 179 75 remainder
1135 1062 39 75 18
1201 1062 27 75 is

193 1105 56 75 the
266 1105 183 75 numerator
465 1105 41 75 of
517 1105 19 75 a
552 1105 147 75 fraction,
724 1105 62 75 and
801 1105 55 75 the
872 1105 119 75 divifor
1017 1105 41 75 its
1083 1105 144 75 denomi-

191 1152 107 75 nator,
317 1152 90 75 to,be
423 1152 148 75 annexed
583 1152 34 75 to
629 1152 54 75 the
695 1152 137 75 integral
844 1152 72 75 part
933 1152 40 75 of
984 1152 55 75 the
1056 1152 169 75 quotient;

192 1199 34 75 as
243 1199 64 75 was
324 1199 114 75 taught
456 1199 31 75 in
504 1199 56 75 the
576 1199 120 75 former
712 1199 160 75 example.

239 1245 76 75 The
342 1245 171 75 preceding
540 1245 166 75 operation
733 1245 105 75 points
867 1245 57 75 out
951 1245 57 75 the
1037 1245 132 75 manner
1191 1245 42 75 of

192 1292 176 75 procedure
392 1292 92 75 when
502 1292 55 75 the
573 1292 119 75 divifor
707 1292 126 75 confifts
851 1292 40 75 of
906 1292 93 75 more
1014 1292 117 75 figures
1148 1292 78 75 than

193 1339 72 75 one,
291 1339 71 75 viz.
388 1339 64 75 you
469 1339 79 75 muft
561 1339 74 75 take
652 1339 54 75 the
723 1339 64 75 firft
803 1339 100 75 figure
920 1339 41 75 of
968 1339 56 75 the
1041 1339 116 75 divifor
1169 1339 58 75 out

191 1385 41 75 of
243 1385 55 75 the
312 1385 67 75 firft
395 1385 99 75 figure
511 1385 41 75 of
563 1385 55 75 the
633 1385 155 75 dividual,
814 1385 38 75 or
867 1385 57 75 out
944 1385 41 75 of
1002 1385 55 75 the
1072 1385 65 75 firft
1161 1385 66 75 two

190 1433 119 75 figures
327 1433 40 75 of
377 1433 54 75 the
450 1433 143 75 dividual
609 1433 31 75 in
659 1433 70 75 cafe
752 1433 56 75 the
835 1433 142 75 dividual
993 1433 81 75 have
1089 1433 21 75 a
1126 1433 100 75 figure

189 1479 90 75 more
292 1479 74 75 than
380 1479 55 75 the
451 1479 137 75 divifor:
609 1479 98 75 Then
719 1479 135 75 imagine
871 1479 57 75 the
945 1479 177 75 remainder
1139 1479 35 75 to
1187 1479 39 75 be

188 1526 148 75 prefixed
353 1526 35 75 to
404 1526 55 75 the
476 1526 78 75 next
566 1526 101 75 figure
683 1526 40 75 of
735 1526 54 75 the
806 1526 153 75 dividual,
978 1526 62 75 and
1052 1526 53 75 try
1120 1526 32 75 if
1162 1526 63 75 you

190 1572 60 75 can
265 1572 82 75 have
374 1572 56 75 the
446 1572 116 75 fecond
578 1572 101 75 figure
696 1572 40 75 of
747 1572 56 75 the
819 1572 117 75 divifor
952 1572 34 75 as
1003 1572 90 75 often
1117 1572 57 75 out
1191 1572 40 75 of

189 1619 64 75 this
271 1619 153 75 number;
451 1619 31 75 if
499 1619 63 75 you
591 1619 70 75 can,
686 1619 137 75 imagine
850 1619 91 75 again
966 1619 55 75 the
1046 1619 180 75 remainder

189 1666 36 75 to
252 1666 39 75 be
318 1666 147 75 prefixed
492 1666 34 75 to
555 1666 55 75 the
637 1666 168 75 following
821 1666 100 75 figure
938 1666 39 75 of
998 1666 54 75 the
1069 1666 154 75 dividual,

189 1712 63 75 and
268 1712 54 75 try
337 1712 31 75 if
379 1712 64 75 you
463 1712 57 75 can
537 1712 82 75 have
635 1712 55 75 the
707 1712 89 75 third
813 1712 100 75 figure
934 1712 39 75 of
983 1712 56 75 the
1056 1712 118 75 divifor
1191 1712 33 75 as

189 1758 92 75 often
297 1758 57 75 out
370 1758 41 75 of
425 1758 64 75 this
508 1758 144 75 number,
680 1758 83 75 foe.:
792 1758 58 75 but
866 1758 32 75 if
908 1758 64 75 you
990 1758 65 75 find
1070 1758 64 75 you
1152 1758 72 75 can-

190 1805 59 75 not
265 1805 81 75 have
362 1805 85 75 fome
462 1805 191 75 fubfequent
678 1805 100 75 figure
805 1805 41 75 of
868 1805 56 75 the
952 1805 117 75 divifor
1085 1805 34 75 fo
1135 1805 89 75 often

189 1852 35 75 as
241 1852 64 75 you
332 1852 79 75 took
439 1852 55 75 the
517 1852 76 75 firft,
619 1852 64 75 you
711 1852 79 75 muft
818 1852 42 75 go
883 1852 93 75 back,
1003 1852 60 75 and
1080 1852 73 75 take
1169 1852 56 75 the

189 1899 65 75 firft
270 1899 100 75 figure
386 1899 40 75 of
445 1899 57 75 the
525 1899 118 75 divifor
660 1899 11 75 1
693 1899 77 75 time
787 1899 73 75 lefs,
886 1899 37 75 or
939 1899 86 75 fome
1041 1899 132 75 number
1190 1899 40 75 of

188 1945 96 75 times
300 1945 60 75 lefs
377 1945 56 75 out
451 1945 40 75 of
501 1945 56 75 the
574 1945 76 75 firft,
676 1945 37 75 or
730 1945 58 75 6ut
814 1945 41 75 of
870 1945 57 75 the
943 1945 65 75 firft
1023 1945 67 75 two
1106 1945 118 75 figures

190 1993 41 75 of
243 1993 55 75 the
313 1993 160 75 dividual:
499 1993 99 75 Then
614 1993 139 75 proceed
777 1993 34 75 as
839 1993 123 75 before,
988 1993 162 75 repeating
1166 1993 57 75 the

189 2038 75 75 trial
281 2038 50 75 till
347 2038 63 75 you
428 2038 66 75 find
510 2038 65 75 you
590 2038 81 75 have
688 2038 56 75 the
760 2038 115 75 fecond
892 2038 62 75 and
971 2038 43 75 all
1037 2038 57 75 the
1118 2038 103 75 fubfe-

189 2085 101 75 quent
306 2085 115 75 figures
438 2085 40 75 of
495 2085 57 75 the
568 2085 118 75 divifor
702 2085 33 75 as
747 2085 89 75 often
854 2085 34 75 as
900 2085 63 75 you
977 2085 79 75 took
1072 2085 56 75 the
1145 2085 75 75 firft.

238 2131 67 75 But
319 2131 79 75 here
427 2131 142 75 obferve,
595 2131 71 75 that
689 2131 37 75 if,
751 2131 33 75 in
811 2131 109 75 trying
946 2131 76 75 how
1048 2131 90 75 often
1166 2131 55 75 the

189 2178 118 75 divifor
324 2178 57 75 can
393 2178 42 75 be
448 2178 65 75 had
529 2178 32 75 in
573 2178 58 75 the
641 2178 155 75 dividual,
821 2178 103 75 either
941 2178 34 75 9,
1000 2178 38 75 or
1054 2178 18 75 a
1089 2178 133 75 number

190 2225 127 75 greater
332 2225 79 75 than
428 2225 35 75 9,
488 2225 63 75 any
574 2225 107 75 where
705 2225 131 75 remain,
862 2225 65 75 you
954 2225 75 75 may
1055 2225 166 75 conclude,

190 2271 138 75 without
355 2271 128 75 further
505 2271 87 75 trial,
618 2271 70 75 that
706 2271 42 75 all
765 2271 55 75 the
838 2271 189 75 fubfequent
1043 2271 115 75 figures
1187 2271 40 75 of

189 2318 56 75 the
263 2318 116 75 divifor
396 2318 57 75 can
471 2318 39 75 be
526 2318 64 75 had
613 2318 33 75 as
664 2318 90 75 often
771 2318 33 75 as
822 2318 62 75 you
902 2318 80 75 took
999 2318 54 75 the
1077 2318 84 75 firft;
1188 2318 34 75 as

189 2364 74 75 may
281 2364 40 75 be
341 2364 74 75 thus
432 2364 248 75 demonftrated.

240 2412 142 75 Suppofe
405 2412 57 75 the
477 2412 188 75 fubfequent
681 2412 117 75 figures
813 2412 41 75 of
863 2412 55 75 the
930 2412 118 75 divifor
1062 2412 36 75 to
1113 2412 41 75 be
1165 2412 57 75 the

185 2459 130 75 highest
340 2459 139 75 poffible,
505 2459 70 75 that
599 2459 40 75 is,
664 2459 42 75 all
736 2459 62 75 9s,
824 2459 62 75 and
913 2459 56 75 the
995 2459 168 75 following
1186 2459 36 75 fi-

191 2505 94 75 gures
302 2505 43 75 of
353 2505 55 75 the
431 2505 140 75 dividual
587 2505 56 75 the
659 2505 109 75 loweft
784 2505 139 75 polfible,
940 2505 72 75 that
1027 2505 39 75 is,
1084 2505 42 75 all
1144 2505 49 75 os
1213 2505 11 75 ;

191 2552 104 75 again,
321 2552 137 75 imagine
474 2552 56 75 the
547 2552 177 75 remainder
741 2552 21 75 9
779 2552 142 75 prefixed
952 2552 34 75 to
1013 2552 55 75 the
1095 2552 127 75 follow-

190 2597 56 75 ing
263 2597 98 75 figure
380 2597 41 75 of
431 2597 56 75 the
502 2597 141 75 dividual
659 2597 35 75 o,
720 2597 70 75 that
806 2597 26 75 it
850 2597 66 75 will
933 2597 92 75 make
1054 2597 45 75 90
1113 2597 10 75 ;
1150 2597 76 75 now

191 2643 27 75 it
234 2643 26 75 is
277 2643 98 75 plain,
393 2643 71 75 that
484 2643 55 75 the
554 2643 190 75 fubfequent
761 2643 99 75 figure
872 2643 40 75 of
923 2643 55 75 the
994 2643 117 75 divifor
1128 2643 21 75 9
1166 2643 58 75 can

191 2691 41 75 be
249 2691 63 75 had
328 2691 35 75 in
379 2691 56 75 90,
460 2691 57 75 the
540 2691 122 75 higheft
679 2691 131 75 number
826 2691 41 75 of
877 2691 92 75 times
987 2691 139 75 pofTible,
1151 2691 69 75 viz.

194 2738 24 75 q
232 2738 106 75 times,
364 2738 60 75 and
444 2738 20 75 9
481 2738 66 75 will
565 2738 138 75 remain;
731 2738 104 75 which
855 2738 145 75 prefixed
1017 2738 34 75 to
1068 2738 55 75 the
1143 2738 79 75 next

190 2785 102 75 figure
307 2785 41 75 of
357 2785 57 75 the
431 2785 141 75 dividual
583 2785 36 75 o,
643 2785 113 75 makes
770 2785 62 75 90,
852 2785 36 75 in
901 2785 106 75 which
1036 2785 55 75 the
1119 2785 103 75 fubfe-

192 2831 99 75 quent
309 2831 99 75 figure
424 2831 40 75 of
475 2831 55 75 the
546 2831 117 75 divifor
691 2831 21 75 9
740 2831 58 75 can
826 2831 91 75 again
934 2831 39 75 be
995 2831 65 75 had
1077 2831 21 75 9
1114 2831 106 75 times,

193 2877 63 75 and
274 2877 19 75 9
313 2877 66 75 will
395 2877 118 75 remain
527 2877 32 75 as
576 2877 133 75 before;
730 2877 159 75 therefore
906 2877 41 75 all
960 2877 55 75 the
1032 2877 190 75 fubfequent

192 2923 116 75 figures
325 2923 41 75 of
376 2923 55 75 the
449 2923 115 75 divifor
580 2923 58 75 can
655 2923 38 75 be
710 2923 63 75 had
789 2923 34 75 as
840 2923 89 75 often
946 2923 33 75 as
997 2923 63 75 you
1072 2923 79 75 took
1167 2923 56 75 the

193 2968 62 75 firft
268 2968 8 75 ;
295 2968 70 75 ^and
381 2968 31 75 if
423 2968 78 75 they
516 2968 57 75 can
590 2968 39 75 be
645 2968 64 75 had
726 2968 31 75 in
774 2968 64 75 this
855 2968 81 75 cafe,
954 2968 94 75 much
1064 2968 88 75 more
1165 2968 57 75 can

193 3015 77 75 they
286 3015 39 75 be
336 3015 69 75 had
417 3015 100 75 when?
526 3015 21 75 a
559 3015 133 75 number
707 3015 125 75 greater
847 3015 75 75 than
940 3015 22 75 9
979 3015 148 75 remains.

1848 277 305 75 648|o)89678|2(i

1965 370 66 75 648

1967 463 90 75 2487

1970 510 88 75 1944

1974 749 126 75 (2S42)

1328 222 50 75 IV
1417 222 44 75 If,
1488 222 33 75 as
1538 222 32 75 in
1587 222 56 75 the
1660 222 137 75 margin,

1282 265 18 75 a
1322 265 109 75 cipher
1459 265 37 75 or
1523 265 138 75 ciphers,
1685 265 114 75 poflefs

1282 313 55 75 the
1359 313 87 75 right
1468 313 86 75 hand
1583 313 40 75 of
1642 313 56 75 the
1719 313 81 75 divi-

1279 361 64 75 for,
1370 361 55 75 cut
1452 361 88 75 them
1567 361 59 75 off,
1651 361 62 75 and
1745 361 55 75 cut

1281 407 52 75 off
1345 407 32 75 as
1395 407 95 75 many
1514 407 129 75 figures,
1668 407 70 75 viz.
1763 407 33 75 in

1281 453 64 75 this
1375 453 160 75 example,
1569 453 56 75 the
1652 453 100 75 figure
1778 453 18 75 2

1281 500 85 75 from
1381 500 56 75 the
1463 500 85 75 right
1573 500 86 75 hand
1683 500 40 75 of
1743 500 56 75 the

1281 547 152 75 dividend
1450 547 9 75 ;
1502 547 77 75 then
1606 547 106 75 divide
1740 547 56 75 the

1281 594 173 75 remaining
1471 594 116 75 figures
1610 594 40 75 of
1671 594 55 75 the
1749 594 48 75 di-

1282 640 128 75 vidend,
1436 640 70 75 viz.
1525 640 129 75 89678,
1679 640 44 75 by
1743 640 56 75 the

1281 687 175 75 remaining
1478 687 115 75 figures
1619 687 40 75 of
1676 687 55 75 the
1747 687 49 75 di-

1280 732 94 75 vifor,
1410 732 69 75 viz.
1517 732 82 75 648,
1637 732 63 75 and
1732 732 65 75 you

1278 779 81 75 have
1377 779 55 75 the
1449 779 136 75 integral
1602 779 71 75 part
1690 779 41 75 of
1741 779 57 75 the

1280 826 89 75 quot'
1369 826 79 75 Cnt;
1472 826 57 75 but
1550 826 34 75 to
1601 826 56 75 the
1675 826 179 75 remainder
1872 826 66 75 254
1955 826 107 75 annex
2077 826 56 75 the
2150 826 98 75 figure
2260 826 56 75 cut

1280 876 51 75 off
1342 876 83 75 from
1442 876 55 75 the
1513 876 164 75 dividend,
1703 876 62 75 and
1782 876 64 75 you
1869 876 81 75 have
1981 876 88 75 2542
2097 876 52 75 for
2175 876 55 75 the
2254 876 59 75 nu-

1280 919 140 75 merator
1436 919 40 75 of
1495 919 83 75 your
1593 919 148 75 fraftion,
1767 919 64 75 and
1848 919 54 75 the
1919 919 107 75 whole
2042 919 118 75 divifor
2179 919 92 75 6480
2286 919 28 75 is

1280 965 54 75 the
1351 965 236 75 denominator.

1325 1011 77 75 The
1415 1011 109 75 reafon
1537 1011 65 75 will
1616 1011 114 75 appear
1742 1011 134 75 obvious
1887 1011 44 75 by
1941 1011 144 75 working
2097 1011 18 75 a
2125 1011 141 75 queftion
2279 1011 34 75 in

1280 1058 62 75 this
1356 1058 141 75 manner,
1511 1058 61 75 and
1586 1058 64 75 alfo
1663 1058 33 75 at
1708 1058 59 75 full
1779 1058 124 75 length,
1916 1058 139 75 without
2066 1058 124 75 cutting
2199 1058 50 75 off
2258 1058 55 75 the

1279 1103 109 75 cipher
1399 1103 38 75 or
1454 1103 136 75 ciphers,
1609 1103 61 75 and
1683 1103 76 75 then
1773 1103 185 75 comparing
1970 1103 55 75 the
2038 1103 65 75 two
2116 1103 196 75 operations.

1327 1151 44 75 V.
1397 1151 43 75 If,
1466 1151 34 75 as
1517 1151 32 75 in
1566 1151 56 75 the
1639 1151 136 75 margin,
1801 1151 55 75 the
1906 1151 408 75 48|oo)978ojoo(203|.|

1278 1197 116 75 figures
1418 1197 55 75 cut
1496 1197 53 75 off
1574 1197 85 75 from
1684 1197 56 75 the
1767 1197 87 75 right

1278 1243 86 75 hand
1379 1243 41 75 of
1431 1243 56 75 the
1498 1243 165 75 dividend,
1681 1243 125 75 happen
1818 1243 36 75 to

1277 1289 39 75 be
1333 1289 41 75 all
1391 1289 144 75 ciphers;
1561 1289 32 75 in
1611 1289 65 75 this
1693 1289 80 75 cafe,
1794 1289 56 75 the

1276 1336 59 75 laft
1350 1336 189 75 remainder,
1564 1336 138 75 without
1719 1336 129 75 regard-

1277 1382 54 75 ing
1346 1382 57 75 the
1428 1382 125 75 ciphers
1582 1382 53 75 cut
1658 1382 58 75 off,
1743 1382 26 75 is
1795 1382 55 75 the

1277 1430 183 75 numerator
1476 1430 41 75 of
1527 1430 82 75 your
1621 1430 149 75 fradhon,
1788 1430 63 75 and

1276 1475 55 75 the
1348 1475 172 75 fignificant
1536 1475 116 75 figures
1669 1475 40 75 of
1729 1475 54 75 the
1800 1475 48 75 di-

1276 1522 83 75 vifor
1387 1522 56 75 the
1470 1522 235 75 denominator.
1770 1522 78 75 The

1277 1570 109 75 reafon
1404 1570 26 75 is
1447 1570 136 75 afligned
1599 1570 32 75 in
1649 1570 55 75 the
1720 1570 143 75 do&rine
1880 1570 41 75 of
1933 1570 163 75 fradtions.

1324 1617 38 75 In
1378 1617 65 75 like
1459 1617 143 75 manner,
1626 1617 31 75 if
1668 1617 91 75 there
1776 1617 39 75 be
1833 1617 54 75 cut
1903 1617 52 75 off
1977 1617 86 75 from
2086 1617 55 75 the
2158 1617 154 75 dividend

1279 1662 62 75 any
1357 1662 133 75 number
1507 1662 40 75 of
1567 1662 174 75 fignificant
1764 1662 133 75 figures,
1922 1662 79 75 with
2030 1662 19 75 a
2075 1662 109 75 cipher
2211 1662 37 75 or
2265 1662 45 75 ci-

1278 1710 96 75 phers
1390 1710 43 75 on
1449 1710 85 75 their
1549 1710 86 75 right
1647 1710 104 75 hand;
1770 1710 32 75 in
1821 1710 63 75 this
1902 1710 69 75 cafe
1984 1710 55 75 the
2052 1710 56 75 laft
2119 1710 190 75 remainder,

1276 1756 77 75 with
1372 1756 56 75 the
1443 1756 176 75 fignificant
1635 1756 116 75 figures
1768 1756 55 75 cut
1839 1756 60 75 off,
1924 1756 92 75 make
2044 1756 55 75 the
2127 1756 184 75 numerator

1276 1802 39 75 of
1327 1802 81 75 your
1423 1802 156 75 fradtion;
1607 1802 62 75 and
1696 1802 56 75 the
1776 1802 172 75 fignificant
1970 1802 116 75 figures
2115 1802 40 75 of
2178 1802 54 75 the
2260 1802 50 75 di-

1274 1848 96 75 vifor,
1394 1848 81 75 with
1491 1848 33 75 as
1542 1848 97 75 many
1654 1848 125 75 ciphers
1796 1848 35 75 as
1858 1848 56 75 the
1930 1848 134 75 number
2079 1848 40 75 of
2135 1848 175 75 fignificant

1274 1895 116 75 figures
1405 1895 60 75 cut
1489 1895 52 75 off
1562 1895 87 75 from
1675 1895 55 75 the
1758 1895 165 75 dividend,
1961 1895 92 75 make
2082 1895 55 75 the
2165 1895 144 75 denomi-

1274 1940 104 75 nator.
1427 1940 108 75 Thus,
1561 1940 38 75 if,
1627 1940 33 75 in
1678 1940 54 75 the
1750 1940 99 75 above
1865 1940 161 75 example,
2050 1940 55 75 the
2121 1940 115 75 figures
2253 1940 56 75 cut

1273 1987 51 75 off
1336 1987 83 75 from
1431 1987 56 75 the
1499 1987 150 75 dividend
1661 1987 63 75 had
1737 1987 80 75 been
1831 1987 57 75 50,
1912 1987 54 75 the
1980 1987 183 75 numerator
2174 1987 41 75 of
2226 1987 83 75 your

1271 2036 135 75 fradtion
1417 2036 109 75 would
1545 2036 80 75 have
1637 2036 80 75 been
1736 2036 79 75 365,
1840 2036 64 75 and
1919 2036 56 75 the
1991 2036 220 75 denominator
2225 2036 81 75 480.

2031 1253 44 75 96

2049 1345 66 75 180

2051 1391 65 75 144

2029 1493 104 75 "(36)

1365 2120 223 75 Coniranions
1606 2120 36 75 in
1658 2120 149 75 working
1824 2120 154 75 Divijion
1995 2120 44 75 of
2054 2120 158 75 Integers.

1324 2187 28 75 1.
1369 2187 57 75 To
1438 2187 107 75 divide
1562 2187 63 75 any
1640 2187 133 75 number
1789 2187 45 75 by
1856 2187 53 75 10,
1933 2187 76 75 too,
2031 2187 102 75 1000,
2152 2187 64 75 foe.
2241 2187 66 75 you

1270 2234 80 75 have
1367 2234 77 75 only
1460 2234 36 75 to
1512 2234 90 75 point
1619 2234 52 75 off
1697 2234 52 75 for
1766 2234 18 75 a
1801 2234 178 75 remainder
2007 2234 33 75 as
2069 2234 97 75 many
2191 2234 119 75 figures

1272 2280 40 75 on
1329 2280 56 75 the
1403 2280 86 75 right
1505 2280 86 75 hand
1618 2280 41 75 of
1680 2280 56 75 the
1764 2280 151 75 dividend
1932 2280 34 75 as
1984 2280 54 75 the
2056 2280 116 75 divifor
2188 2280 57 75 has
2262 2280 45 75 ci-

1271 2326 109 75 phers,
1406 2326 61 75 and
1484 2326 55 75 the
1556 2326 95 75 other
1673 2326 116 75 figures
1808 2326 40 75 on
1867 2326 54 75 the
1937 2326 61 75 left
2024 2326 40 75 of
2081 2326 55 75 the
2164 2326 89 75 point
2270 2326 39 75 or

1271 2373 176 75 feparatrix
1475 2373 53 75 are
1556 2373 56 75 the
1639 2373 160 75 quotient;
1847 2373 110 75 Thus,
1985 2373 163 75 7489634
2179 2373 131 75 divided

1272 2420 44 75 by
1338 2420 56 75 io,
1415 2420 76 75 100,
1515 2420 101 75 1000,
1643 2420 63 75 foe.
1732 2420 104 75 ftands
1854 2420 34 75 as
1904 2420 143 75 follows.

1666 2465 93 75 Quot
1800 2465 80 75 rem.

1603 2514 240 75 10)748963.4

1580 2561 262 75 100)74896.34

1558 2608 284 75 1000)7489.634

1533 2656 310 75 10000)748.9634

1320 2700 33 75 2.
1370 2700 40 75 If
1419 2700 55 75 the
1491 2700 116 75 figures
1625 2700 39 75 of
1676 2700 56 75 the
1745 2700 117 75 divifor
1875 2700 54 75 are
1941 2700 118 75 allys,
2076 2700 39 75 or
2131 2700 42 75 all
2189 2700 117 75 except

1270 2745 54 75 the
1336 2745 84 75 units
1432 2745 113 75 figure,
1564 2745 33 75 as
1611 2745 34 75 9,
1664 2745 58 75 99,
1740 2745 84 75 999,
1837 2745 57 75 98,
1910 2745 79 75 997^
2006 2745 105 75 9996,
2132 2745 64 75 foe.
2214 2745 91 75 walk

1272 2791 33 75 as
1323 2791 133 75 follows'
1456 2791 12 75 :

1320 2839 81 75 Find
1418 2839 18 75 a
1452 2839 71 75 new
1538 2839 130 75 divifor,
1693 2839 45 75 by
1754 2839 160 75 annexing
1931 2839 37 75 to
1982 2839 88 75 unity
2092 2839 32 75 as
2147 2839 88 75 many
2259 2839 45 75 ci-

1270 2886 95 75 phers
1382 2886 33 75 as
1433 2886 89 75 there
1539 2886 52 75 are
1608 2886 115 75 figures
1745 2886 33 75 in
1806 2886 54 75 the
1890 2886 91 75 given
2008 2886 130 75 divifor,
2164 2886 142 75 fubtradl

1270 2932 55 75 the
1342 2932 92 75 given
1460 2932 91 75 frorrr
1559 2932 56 75 the
1639 2932 70 75 new
1737 2932 128 75 divifor,
1891 2932 62 75 and
1982 2932 54 75 the
2060 2932 178 75 remainder
2265 2932 36 75 or

1270 2978 172 75 difference
1458 2978 25 75 is
1501 2978 56 75 the
1574 2978 222 75 complement.
1832 2978 119 75 Divide
1968 2978 56 75 the
2041 2978 92 75 given
2150 2978 152 75 dividend

1268 3027 44 75 by
1327 3027 56 75 the
1399 3027 72 75 new
1491 3027 131 75 divifor,
1647 3027 68 75 viz.
1740 3027 91 75 point
1858 3027 52 75 off
1931 3027 37 75 fa
1994 3027 95 75 many
2115 3027 115 75 figures
2258 3027 43 75 on

2248 3070 54 75 die
