2517 3387
219 212 97 75 '630

894 212 37 75 B
1050 212 40 75 O
1208 212 39 75 T

280 269 108 75 Thefe
399 269 211 75 twenty-four
621 269 107 75 clafles
741 269 214 75 comprehend
972 269 96 75 every
1078 269 117 75 known
1213 269 55 75 ge-

233 316 59 75 nus
304 316 62 75 a.nd
379 316 105 75 Specie'
484 316 23 75 s.
537 316 32 75 It
579 316 24 75 is
617 316 37 75 an
666 316 71 75 eafy
746 316 114 75 matter
872 316 34 75 to
919 316 78 75 clafs
1007 316 18 75 a
1037 316 87 75 plant
1136 316 131 75 belong-

234 361 54 75 ing
304 361 35 75 to
352 361 61 75 any
425 361 40 75 of
476 361 56 75 the
544 361 63 75 fird
624 361 109 75 eleven
751 361 120 75 clalfes,
889 361 33 75 as
940 361 77 75 they
1029 361 42 75 ail
1088 361 124 75 depend
1226 361 40 75 on

235 408 54 75 the
315 408 132 75 number
470 408 39 75 of
522 408 129 75 (lamina
667 408 37 75 or
720 408 81 75 male
818 408 98 75 parts,
948 408 137 75 without
1102 408 115 75 regard
1234 408 33 75 to

236 455 62 75 any
310 455 95 75 other
415 455 236 75 circumftance.
688 455 76 75 The
780 455 10 75 r
800 455 55 75 2th
874 455 76 75 clafs
964 455 141 75 requires
1119 455 89 75 more
1221 455 46 75 at-

234 501 136 75 tention.
420 501 112 75 When
551 501 53 75 the
622 501 128 75 (lamina
767 501 130 75 amount
915 501 36 75 to
968 501 101 75 above
1088 501 55 75 20,
1161 501 19 75 a
1196 501 74 75 tyro

237 547 64 75 will
320 547 38 75 be
376 547 53 75 apt
446 547 35 75 to
497 547 137 75 imagine
650 547 72 75 that
739 547 54 75 the
811 547 87 75 plant
914 547 133 75 belongs
1076 547 34 75 to
1141 547 54 75 the
1213 547 56 75 po-

237 594 143 75 lyandria
396 594 90 75 clafs.
538 594 38 75 In
593 594 152 75 reducing
762 594 103 75 plants
884 594 39 75 of
934 594 63 75 this
1016 594 78 75 kind
1110 594 46 75 -to
1184 594 85 75 their

238 640 118 75 clafles,
381 640 174 75 particular
582 640 114 75 regard
713 640 79 75 mull
809 640 39 75 be
865 640 65 75 had
946 640 34 75 to
997 640 55 75 the
1068 640 150 75 infercion
1235 640 41 75 of

238 687 55 75 the
314 687 140 75 (lamina.
506 687 36 75 If
554 687 77 75 they
649 687 52 75 are
727 687 138 75 infected
881 687 68 75 into
965 687 56 75 the
1038 687 86 75 calix
1140 687 39 75 or
1196 687 71 75 cup,

238 733 55 75 the
312 733 88 75 plant
417 733 132 75 belongs
567 733 35 75 to
619 733 54 75 the
690 733 176 75 icofandria
883 733 98 75 ciafs;
1000 733 31 75 if
1043 733 34 75 to
1093 733 54 75 the
1161 733 106 75 recep-

240 779 82 75 tacle
339 779 37 75 or
393 779 79 75 bafis
489 779 39 75 of
540 779 56 75 the
612 779 122 75 flower,
754 779 25 75 it
797 779 132 75 belongs
946 779 35 75 to
999 779 53 75 the
1069 779 199 75 polyandria.

283 826 77 75 The
394 826 77 75 14th
501 826 77 75 clafs
607 826 26 75 is
661 826 138 75 likewile
817 826 31 75 in
864 826 121 75 danger
1012 826 39 75 of
1074 826 95 75 being
1192 826 76 75 con-

242 872 142 75 founded
399 872 77 75 with
495 872 55 75 the
568 872 71 75 4th.
690 872 37 75 In
745 872 54 75 the
817 872 71 75 4th,
915 872 55 75 the
988 872 132 75 number
1146 872 42 75 of
1209 872 59 75 (la-

238 917 82 75 mina
339 917 26 75 is
384 917 55 75 the
463 917 84 75 fame
575 917 78 75 with
684 917 69 75 that
780 917 40 75 of
841 917 56 75 the
919 917 90 75 14th.
1060 917 78 75 But,
1164 917 31 75 in
1213 917 56 75 the

245 965 89 75 14th,
347 965 66 75 two
430 965 39 75 of
481 965 54 75 the
552 965 129 75 (lamina
698 965 53 75 are
767 965 173 75 uniformly
953 965 92 75 mtich
1060 965 120 75 (horter
1192 965 78 75 than

239 1011 54 75 the
310 1011 93 75 other
421 1011 85 75 two;
533 1011 34 75 at
593 1011 56 75 the
677 1011 83 75 fame
778 1011 76 75 time
871 1011 76 75 each
966 1011 170 75 particular
1153 1011 117 75 (lamen

236 1057 171 75 belonging
424 1057 34 75 to
476 1057 53 75 the
546 1057 149 75 different
712 1057 83 75 pairs
813 1057 103 75 (lands
933 1057 134 75 diredlly
1083 1057 140 75 oppofite
1237 1057 34 75 to

237 1104 59 75 one
314 1104 148 75 another.

283 1151 76 75 The
382 1151 77 75 15th
477 1151 77 75 clafs
567 1151 74 75 may
657 1151 40 75 be
709 1151 149 75 miftaken
877 1151 51 75 for
944 1151 56 75 the
1020 1151 96 75 fixth,
1142 1151 33 75 as
1193 1151 78 75 they

238 1197 58 75 con
300 1197 47 75 fid
359 1197 40 75 of
412 1197 54 75 the
482 1197 83 75 fame
583 1197 132 75 number
726 1197 40 75 of
778 1197 141 75 (lamina.
968 1197 68 75 But
1051 1197 32 75 in
1101 1197 55 75 the
1177 1197 92 75 15th,

239 1243 71 75 four
328 1243 40 75 of
380 1243 54 75 the
458 1243 130 75 damina
603 1243 53 75 are
673 1243 171 75 uniformly
862 1243 113 75 longer
992 1243 76 75 than
1097 1243 54 75 the
1175 1243 96 75 other

238 1290 66 75 two
318 1290 10 75 ;
356 1290 62 75 and
435 1290 86 75 thefe
538 1290 65 75 two
621 1290 53 75 are
691 1290 117 75 always
826 1290 137 75 oppoiite
980 1290 35 75 to
1031 1290 78 75 each
1128 1290 106 75 other.

533 1396 443 75 ORDERS.

284 1473 38 75 In
340 1473 54 75 the
411 1473 63 75 fird
492 1473 138 75 thirteen
644 1473 119 75 claflls,
782 1473 54 75 the
854 1473 123 75 orders,
995 1473 105 75 which
1119 1473 53 75 are
1184 1473 85 75 infe-

239 1519 65 75 rior
320 1519 160 75 divifions,
506 1519 60 75 and
590 1519 72 75 lead
678 1519 36 75 us
732 1519 19 75 a
768 1519 64 75 dep
859 1519 111 75 nearer
997 1519 56 75 the
1080 1519 111 75 genus,
1218 1519 53 75 are

240 1566 94 75 taken
352 1566 84 75 from
453 1566 55 75 the
526 1566 96 75 pillils
639 1566 37 75 or
694 1566 113 75 female
826 1566 97 75 parts,
949 1566 32 75 in
1005 1566 55 75 the
1084 1566 81 75 lame
1183 1566 87 75 man-

236 1611 58 75 ner
310 1611 33 75 as
360 1611 56 75 the
433 1611 106 75 clafles
560 1611 83 75 from
659 1611 55 75 the
730 1611 147 75 (lamina:
897 1611 373 75 Monogynia.-digynia,

238 1658 149 75 trigynia,
425 1658 190 75 tetragynia,
650 1658 64 75 fcc.
748 1658 24 75 i.
792 1658 28 75 e.
854 1658 72 75 one,
953 1658 76 75 two,
1056 1658 102 75 three,
1183 1658 86 75 four,

238 1704 63 75 &c.
320 1704 115 75 female
451 1704 107 75 parts:
588 1704 109 75 When
714 1704 54 75 the
785 1704 97 75 piflils
899 1704 37 75 or
955 1704 116 75 female
1086 1704 86 75 parts
1189 1704 82 75 have

238 1751 41 75 no
296 1751 78 75 Aalk
392 1751 37 75 or
446 1751 143 75 filament
605 1751 64 75 like
685 1751 56 75 the
759 1751 141 75 damina,
925 1751 78 75 they
1019 1751 53 75 are
1098 1751 173 75 numbered

237 1798 44 75 by
298 1798 54 75 the
374 1798 144 75 ftigmata
539 1798 37 75 or
596 1798 72 75 tops
685 1798 107 75 of'the
809 1798 109 75 pidils,
945 1798 104 75 which
1067 1798 31 75 in
1115 1798 69 75 that
1201 1798 69 75 cafe

238 1843 116 75 adhere
371 1843 34 75 to
419 1843 53 75 the
489 1843 123 75 capfule
625 1843 30 75 in
669 1843 55 75 the
741 1843 83 75 form
842 1843 39 75 of
902 1843 90 75 fmall
1008 1843 259 75 protuberances,

239 1891 33 75 as
290 1891 72 75 may
379 1891 24 75 b,
403 1891 15 75 e
431 1891 153 75 obferved
598 1891 32 75 in
648 1891 54 75 the
718 1891 126 75 flowers
865 1891 40 75 of
916 1891 54 75 the
987 1891 118 75 poppy,
1134 1891 64 75 fyc.

284 1936 76 75 The
378 1936 109 75 orders
505 1936 39 75 of
556 1936 55 75 the
628 1936 78 75 14th
723 1936 79 75 clafs
819 1936 52 75 are
891 1936 132 75 derived
1039 1936 84 75 from
1140 1936 19 75 a
1175 1936 94 75 diffe-

239 1982 70 75 rent
321 1982 122 75 fource.
490 1982 78 75 The
585 1982 102 75 plants
705 1982 171 75 belonging
892 1982 35 75 to
950 1982 26 75 it
992 1982 80 75 have
1085 1982 83 75 their
1181 1982 88 75 feeds

240 2029 101 75 either
368 2029 141 75 inclofed
537 2029 30 75 in
596 2029 19 75 a
643 2029 135 75 capfule,
804 2029 37 75 or
868 2029 180 75 altogether
1076 2029 192 75 uncovered.

238 2075 112 75 Hence
367 2075 77 75 they
461 2075 159 75 naturally
636 2075 99 75 admit
751 2075 40 75 of
803 2075 18 75 a
836 2075 129 75 divifion
983 2075 68 75 into
1071 2075 55 75 the
1143 2075 126 75 fcllow-

238 2121 54 75 ing
315 2121 124 75 orders,
465 2121 70 75 viz.
553 2121 266 75 gymnofpermia,
845 2121 269 75 comprehending
1134 2121 75 75 fuch
1237 2121 34 75 as

238 2169 82 75 have
336 2169 105 75 naked
457 2169 87 75 feeds
557 2169 9 75 ;
586 2169 61 75 and
664 2169 244 75 angiofpermia,
927 2169 103 75 which
1043 2169 228 75 comprehends

232 2215 83 75 iuch
332 2215 34 75 as
382 2215 80 75 have
480 2215 83 75 their
579 2215 88 75 feeds
685 2215 149 75 covered,
852 2215 37 75 or
904 2215 140 75 inclofed
1059 2215 32 75 in
1104 2215 18 75 a
1135 2215 134 75 capfule.

285 2260 78 75 The
397 2260 75 75 15th
500 2260 77 75 clafs
604 2260 28 75 is
656 2260 128 75 divided
807 2260 68 75 into
892 2260 65 75 two
974 2260 122 75 orders,
1121 2260 69 75 viz.
1216 2260 55 75 the

227 2306 182 75 Jiliculofa,
436 2306 37 75 or
489 2306 90 75 thofe
596 2306 105 75 which
718 2306 81 75 have
827 2306 18 75 a
871 2306 86 75 (hort
981 2306 112 75 fiiiqua
1118 2306 38 75 or
1183 2306 87 75 pod;

240 2353 61 75 and
318 2353 28 75 K.
346 2353 28 75 h$
377 2353 169 75 Jiliquofa,
573 2353 38 75 or.
626 2353 89 75 thofe
732 2353 106 75 which
850 2353 80 75 have
948 2353 17 75 a
981 2353 110 75 longer
1108 2353 122 75 filiqua.

287 2399 76 75 The
380 2399 110 75 orders
508 2399 39 75 of
559 2399 54 75 the
632 2399 90 75 16th,
749 2399 88 75 17th,
867 2399 91 75 iSth,
972 2399 62 75 and
1052 2399 81 75 20th
1150 2399 120 75 claffes,

241 2445 51 75 are
316 2445 94 75 taken
427 2445 85 75 from
535 2445 55 75 the
613 2445 133 75 number
773 2445 40 75 of
833 2445 141 75 (lamina,
1000 2445 26 75 e.
1042 2445 39 75 g.
1106 2445 165 75 monodel-

240 2492 75 75 phia
332 2492 197 75 pentandria,
554 2492 182 75 decandria,
762 2492 199 75 polyandria,

289 2538 75 75 The
386 2538 263 75 Syngenesia,
674 2538 38 75 or
734 2538 77 75 19th
839 2538 91 75 clafs,
956 2538 123 75 confids
1107 2538 40 75 of
1169 2538 104 75 plants

242 2585 106 75 whofe
360 2585 125 75 flowers
503 2585 52 75 are
568 2585 221 75 compounded
801 2585 41 75 of
852 2585 18 75 a
881 2585 89 75 great
986 2585 133 75 number
1135 2585 39 75 of
1185 2585 89 75 fmall

242 2631 124 75 flowers
383 2631 37 75 or
436 2631 144 75 fldfcules
596 2631 141 75 inclofed
751 2631 33 75 in
803 2631 61 75 one
881 2631 145 75 common
1043 2631 98 75 calix.
1198 2631 77 75 The

243 2677 110 75 orders
369 2677 40 75 of
421 2677 65 75 this
503 2677 77 75 clafs
597 2677 66 75 are,

292 2723 188 75 Polyg.imia
498 2723 19 75 a
525 2723 119 75 quaiis,
670 2723 37 75 or
718 2723 76 75 fuch
807 2723 104 75 whofe
927 2723 143 75 flofcules
1083 2723 53 75 are
1153 2723 41 75 all
1206 2723 69 75 fur-

244 2770 107 75 nifhed
368 2770 80 75 with
465 2770 128 75 damina
610 2770 60 75 and
688 2770 110 75 piftils.

290 2815 77 75 Poly
369 2815 91 75 garni
462 2815 19 75 a
489 2815 129 75 fguria,
632 2815 230 75 comprehends
880 2815 88 75 thofe
985 2815 104 75 which
1106 2815 81 75 have
1204 2815 72 75 her-

225 2862 219 75 ,maphrodite
461 2862 145 75 flofcules
629 2862 34 75 in
681 2862 54 75 the
758 2862 78 75 difk,
863 2862 61 75 and
940 2862 115 75 female
1072 2862 144 75 flofcules
1245 2862 31 75 in

242 2907 55 75 the
314 2907 138 75 margin."
497 2907 87 75 This
609 2907 224 75 circumftance
856 2907 28 75 is
909 2907 92 75 made
1017 2907 55 75 the
1088 2907 190 75 foundation

243 2957 40 75 of
294 2957 54 75 the
367 2957 89 75 three
474 2957 168 75 following
659 2957 123 75 orders.
837 2957 29 75 1.
893 2957 188 75 Polygamia
1097 2957 179 75 fuperjlua,

243 3000 142 75 includes
411 3000 42 75 ail
483 3000 89 75 thofe
599 3000 106 75 whofe
729 3000 261 75 hermaphrodite
1018 3000 125 75 flowers
1168 3000 32 75 in
1224 3000 55 75 the

1367 205 367 75 ANY.

1319 269 67 75 di(k
1403 269 53 75 are
1473 269 163 75 furnifhed
1660 269 79 75 with
1767 269 155 75 ftigmata,
1960 269 62 75 and
2052 269 77 75 bear
2155 269 92 75 feed;
2285 269 63 75 and

1319 316 105 75 whofe
1453 316 115 75 female
1600 316 125 75 flowers
1752 316 32 75 in
1817 316 55 75 the
1899 316 106 75 radius
2037 316 139 75 likewife
2207 316 141 75 produce

1317 362 100 75 feeds.
1468 362 31 75 2.
1530 362 187 75 Polygamia
1723 362 211 75 frujlranea,
1953 362 127 75 include
2107 362 76 75 fuch
2204 362 33 75 as
2265 362 83 75 have

1317 408 260 75 hermahprodite
1603 408 220 75 feed-bearing
1846 408 143 75 flofcules
2017 408 30 75 in
2076 408 55 75 the
2158 408 68 75 difk
2242 408 11 75 ;
2290 408 59 75 but

1319 455 105 75 whofe
1440 455 193 75 flofculesdn
1647 455 58 75 the
1717 455 120 75 radius,
1855 455 116 75 having
1983 455 41 75 no
2032 455 160 75 jligmata,
2207 455 55 75 are
2275 455 74 75 bar-

1319 501 68 75 ren.
1416 501 31 75 3.
1461 501 189 75 Polygamia
1663 501 180 75 neceffaria,
1862 501 27 75 is
1902 501 55 75 the
1969 501 121 75 reverfe
2101 501 40 75 of
2148 501 54 75 the
2214 501 136 75 former;

1318 547 74 75 The
1411 547 257 75 hermaphrodite
1679 547 125 75 flowers
1818 547 31 75 in
1861 547 54 75 the
1927 547 68 75 difk
2013 547 83 75 want
2112 547 156 75 ftigmata,
2287 547 63 75 and

1319 593 52 75 are
1388 593 112 75 barren
1516 593 10 75 ;
1558 593 57 75 but
1643 593 55 75 the
1725 593 115 75 female
1868 593 142 75 flofculcs
2038 593 31 75 in
2099 593 55 75 the
2171 593 106 75 radius
2295 593 54 75 are

1318 640 161 75 furniflied
1495 640 78 75 with
1592 640 154 75 (ligmata,
1772 640 62 75 and
1850 640 139 75 produce
2006 640 101 75 feeds.

1366 688 189 75 Polygamia
1563 688 190 75 fsgrtgata,
1779 688 94 75 many
1888 688 143 75 flofcules
2059 688 140 75 inclofed
2225 688 33 75 in
2287 688 62 75 one

1319 732 145 75 coipmon
1481 732 102 75 calix,
1608 732 59 75 and
1685 732 76 75 each
1780 732 40 75 of
1831 732 57 75 the
1903 732 143 75 flofcules
2063 732 138 75 likewife
2214 732 133 75 furnifli-

1320 778 39 75 ed
1376 778 75 75 with
1470 778 17 75 a
1504 778 211 75 perianthium
1733 778 114 75 proper
1871 778 32 75 to
1920 778 96 75 itfelf.

1367 825 223 75 Monogamia,
1616 825 63 75 this
1696 825 96 75 order
1811 825 125 75 confifts
1953 825 76 75 only
2046 825 40 75 of
2108 825 91 75 feven
2220 825 127 75 genera,

1318 871 69 75 viz.
1412 871 55 75 the
1495 871 183 75 ftrumphia,
1701 871 182 75 feriphium,
1910 871 211 75 coryiribium,
2143 871 131 75 jafione,
2300 871 49 75 lo-

1319 916 93 75 belia,
1439 916 95 75 viola,
1561 916 62 75 and
1640 916 164 75 impatiens
1816 916 10 75 ;
1854 916 81 75 none
1953 916 34 75 of
2004 916 103 75 which
2125 916 80 75 have
2219 916 130 75 prsiper-

1319 964 33 75 ly
1378 964 180 75 compound
1586 964 137 75 flowers,
1748 964 58 75 but
1835 964 53 75 are
1916 964 119 75 ranked
2064 964 98 75 under
2189 964 64 75 tins
2270 964 79 75 clafs

1319 1011 111 75 purely
1442 1011 84 75 from
1542 1011 56 75 the
1615 1011 223 75 circumftance
1854 1011 40 75 of
1905 1011 116 75 having
2038 1011 83 75 their
2137 1011 130 75 (lamina
2279 1011 68 75 uni-

1319 1057 52 75 ted
1389 1057 43 75 by
1449 1057 55 75 the
1520 1057 152 75 antherac.

1365 1104 76 75 The
1461 1104 110 75 orders
1589 1104 38 75 of
1639 1104 56 75 the
1714 1104 69 75 21ft
1800 1104 77 75 clafs
1895 1104 53 75 are
1965 1104 107 75 partly
2088 1104 93 75 taken
2199 1104 82 75 from
2295 1104 54 75 the

1319 1150 133 75 number
1468 1150 40 75 of
1520 1150 141 75 (lamina,
1687 1150 63 75 and
1771 1150 107 75 partly
1901 1150 83 75 from
2003 1150 53 75 the
2074 1150 106 75 names
2197 1150 59 75 and
2275 1150 73 75 cha-

1319 1197 115 75 racters
1457 1197 141 75 peculiar
1615 1197 34 75 to
1665 1197 86 75 fome
1773 1197 44 75 of
1836 1197 55 75 the
1914 1197 93 75 other
2031 1197 121 75 claffes,
2177 1197 17 75 e
2216 1197 26 75 g
2280 1197 68 75 mo-

1319 1243 102 75 ncecia
1437 1243 164 75 triandria,
1619 1243 157 75 moncecia
1787 1243 188 75 fyngendia,
1995 1243 155 75 monoecia
2162 1243 185 75 gynandria.

1365 1290 76 75 The
1455 1290 113 75 orders
1593 1290 40 75 of
1655 1290 55 75 the
1739 1290 67 75 23d
1831 1290 53 75 are
1912 1290 42 75 all
1982 1290 95 75 taken
2103 1290 84 75 from
2217 1290 131 75 clailicai

1318 1335 190 75 characters,
1534 1335 28 75 e.
1574 1335 36 75 g.
1637 1335 180 75 polygamia
1834 1335 166 75 mbncecia,
2022 1335 119 75 polyga'
2141 1335 62 75 mia
2231 1335 114 75 ..tecia,

1318 1381 62 75 arid
1396 1381 180 75 polygamia
1596 1381 135 75 trioecia.

1364 1427 76 75 The
1459 1427 93 75 24th,
1578 1427 37 75 or
1633 1427 296 75 Cryptogam'ia
1958 1427 91 75 clafs,
2073 1427 27 75 is
2128 1427 128 75 divided
2279 1427 68 75 into

1320 1477 55 75 the
1396 1477 73 75 four
1485 1477 166 75 following
1670 1477 130 75 orders:
1832 1477 29 75 1.
1880 1477 128 75 Filices,
2027 1477 267 75 comprehending
2306 1477 42 75 all

1321 1521 102 75 plants
1442 1521 68 75 that
1529 1521 74 75 bear
1620 1521 82 75 their
1718 1521 73 75 feed
1808 1521 31 75 in
1857 1521 55 75 the
1936 1521 81 75 back
2045 1521 36 75 or
2109 1521 94 75 edges
2232 1521 39 75 of
2278 1521 71 75 'the

1320 1569 75 75 leaf,
1414 1569 65 75 and
1492 1569 90 75 thofe
1599 1569 70 75 that
1685 1569 53 75 are
1755 1569 103 75 called
1874 1569 154 75 capillary
2041 1569 124 75 plants.
2201 1569 33 75 2.
2254 1569 95 75 Muf-

1320 1616 41 75 ti,
1381 1616 102 75 which
1502 1616 228 75 comprehends
1743 1616 41 75 all
1800 1616 56 75 the
1872 1616 81 75 mofs
1970 1616 90 75 kind.
2111 1616 32 75 3.
2172 1616 103 75 Algce,
2300 1616 48 75 in-

1320 1661 128 75 cluding
1465 1661 54 75 the
1536 1661 132 75 lichens,
1694 1661 77 75 fuel,
1798 1661 60 75 and
1882 1661 96 75 many,
2003 1661 109 75 others
2140 1661 105 75 whofe
2263 1661 85 75 parts

1320 1708 39 75 of
1372 1708 222 75 fructification
1618 1708 53 75 are
1688 1708 102 75 either
1807 1708 180 75 altogether
2002 1708 141 75 invifible
2159 1708 36 75 or
2212 1708 135 75 exceed-

1320 1754 88 75 ingly
1424 1754 143 75 obfeure.
1617 1754 33 75 4.
1676 1754 117 75 Fungi,
1819 1754 267 75 comprehending
2104 1754 42 75 all
2174 1754 54 75 the
2246 1754 101 75 mufti-

1322 1802 90 75 room
1429 1802 97 75 tribe.

1366 1893 128 75 Having
1512 1893 73 75 thus
1610 1893 170 75 explained
1795 1893 55 75 the
1867 1893 131 75 method
2014 1893 40 75 of
2077 1893 151 75 reducing
2244 1893 105 75 plants

1319 1940 34 75 to
1370 1940 84 75 their
1474 1940 107 75 clalfes
1598 1940 61 75 and
1688 1940 123 75 orders,
1836 1940 49 75 we
1909 1940 76 75 (hall
2014 1940 135 75 proceed
2169 1940 35 75 to
2231 1940 117 75 inform

1319 1985 54 75 the
1390 1985 106 75 young
1512 1985 136 75 botanift
1672 1985 74 75 how
1773 1985 35 75 to
1834 1985 183 75 inveftigate
2033 1985 54 75 the
2104 1985 111 75 genus.
2264 1985 85 75 This

1319 2032 139 75 depends
1483 2032 84 75 upon
1584 2032 138 75 minuter
1736 2032 203 75 diftinCtions,
1966 2032 60 75 and
2042 2032 142 75 requires
2201 2032 87 75 more
2300 2032 49 75 at-

1320 2078 135 75 tention.
1505 2078 65 75 But
1588 2078 26 75 it
1629 2078 27 75 is
1680 2078 173 75 impoflible
1877 2078 34 75 to
1933 2078 181 75 inveftigate
2138 2078 55 75 the
2221 2078 126 75 genera,

1320 2125 136 75 without
1483 2125 94 75 being
1604 2125 176 75 previoully
1808 2125 191 75 acquainted
2030 2125 77 75 with
2144 2125 18 75 a
2193 2125 155 75 confider-

1321 2171 69 75 able
1422 2171 132 75 number
1580 2171 41 75 of
1646 2171 112 75 terms.
1823 2171 58 75 All
1909 2171 54 75 the
1991 2171 97 75 terms
2117 2171 158 75 neceflary
2300 2171 50 75 for

1320 2218 64 75 this
1408 2218 134 75 purpqfe
1566 2218 116 75 belong
1705 2218 35 75 to
1765 2218 57 75 the
1840 2218 87 75 parts
1951 2218 40 75 of
2009 2218 237 75 fructification.
2294 2218 56 75 To

1321 2264 133 75 attempt
1472 2264 34 75 to
1523 2264 71 75 give
1610 2264 39 75 an
1672 2264 134 75 idea'by
1823 2264 105 75 words
1945 2264 40 75 of
1994 2264 58 75 the
2069 2264 85 75 parts
2182 2264 35 75 to
2245 2264 104 75 which

1321 2310 169 75 particular
1507 2310 98 75 terms
1622 2310 53 75 are
1696 2310 136 75 applied,
1860 2310 105 75 would
1984 2310 55 75 not
2056 2310 130 75 only.be
2202 2310 148 75 difficult,

1320 2357 69 75 but,
1415 2357 31 75 in
1468 2357 18 75 a
1509 2357 90 75 great
1624 2357 151 75 meafure,
1801 2357 126 75 ufelefs,
1953 2357 166 75 efpecially
2146 2357 36 75 to
2213 2357 75 75 fuch
2317 2357 33 75 as

1322 2404 52 75 are
1392 2404 116 75 totally
1525 2404 146 75 ignorant
1687 2404 39 75 of
1742 2404 131 75 botany.
1921 2404 67 75 We
2008 2404 75 75 (Hall
2101 2404 161 75 therefore
2279 2404 73 75 give

1322 2450 18 75 a
1357 2450 49 75 lift
1423 2450 40 75 of
1474 2450 55 75 the
1547 2450 97 75 terms
1671 2450 198 75 themfelves,
1896 2450 77 75 with
1991 2450 114 75 proper
2129 2450 174 75 references
2316 2450 44 75 to,

1324 2497 53 75 the
1393 2497 116 75 figures
1526 2497 40 75 of
1576 2497 55 75 the
1652 2497 106 75 things
1783 2497 139 75 (ignified
1950 2497 42 75 by
2020 2497 99 75 them,
2152 2497 105 75 which
2286 2497 66 75 will

1322 2542 77 75 both
1423 2542 39 75 be
1487 2542 133 75 fhorter,
1646 2542 61 75 and
1724 2542 88 75 more
1828 2542 188 75 intelligible
2039 2542 77 75 than
2133 2542 55 75 the
2205 2542 78 75 moft
2299 2542 51 75 ac-

1323 2589 109 75 curate
1448 2589 193 75 defeription
1658 2589 70 75 that
1744 2589 154 75 language
1914 2589 27 75 is
1959 2589 129 75 capable
2105 2589 47 75 of.

1324 2695 78 75 Lift
1420 2695 49 75 of
1476 2695 133 75 Terms
1624 2695 196 75 belonging
1836 2695 37 75 to
1892 2695 60 75 the
1966 2695 165 75 Flowers
2148 2695 74 75 and
2237 2695 115 75 Parts

1461 2745 47 75 of
1525 2745 290 75 Fructification.
1868 2745 70 75 See
1959 2745 109 75 Plate
2087 2745 108 75 LIV.

1324 2827 88 75 Fig.
1442 2827 30 75 1.
1497 2827 137 75 Spatha,
1660 2827 17 75 a
1707 2827 116 75 fpecies
1848 2827 40 75 of
1906 2827 86 75 calix
2020 2827 135 75 opening
2177 2827 173 75 longitudi-

1372 2872 86 75 nally
1475 2872 90 75 when
1583 2872 54 75 the
1653 2872 109 75 flower
1778 2872 112 75 breaks
1910 2872 141 75 through
2067 2872 38 75 it.

1328 2922 33 75 2.
1386 2922 135 75 Spadix,
1539 2922 18 75 a
1573 2922 116 75 fpecies
1706 2922 40 75 of
1757 2922 176 75 receptacle
1949 2922 138 75 peculiar
2104 2922 34 75 to
2154 2922 197 75 palm-trees,

1346 2968 9 75 -
1373 2968 105 75 which
1496 2968 122 75 confifts
1635 2968 40 75 of
1689 2968 226 75 fruit-bearing
1943 2968 151 75 branches
2121 2968 150 75 included
2285 2968 32 75 in
2334 2968 18 75 a

1373 3012 120 75 fpatha.

2260 3064 31 75 3.
2314 3064 35 75 *,
