<?xml version="1.0" encoding="UTF-8"?>
<alto xmlns="http://www.loc.gov/standards/alto/v3/alto.xsd"><Description><MeasurementUnit>pixel</MeasurementUnit><sourceImageInformation><fileName>./data/pdfs/c_188936619/i_144133901/188082693.23.pdf</fileName></sourceImageInformation><OCRProcessing ID="IdOcr"><ocrProcessingStep><processingDateTime>Fri Jul 12 10:37:10 2019
</processingDateTime><processingSoftware><softwareCreator>CONTRIBUTORS</softwareCreator><softwareName>pdfalto</softwareName><softwareVersion>0.1</softwareVersion></processingSoftware></ocrProcessingStep></OCRProcessing></Description><Styles><TextStyle ID="font0" FONTFAMILY="times" FONTSIZE="10.000" FONTTYPE="serif" FONTWIDTH="proportional" FONTCOLOR="#WWWWWW" FONTSTYLE=""/></Styles><Layout><Page ID="Page277" PHYSICAL_IMG_NR="277" WIDTH="2428" HEIGHT="3377"><PrintSpace><TextLine WIDTH="185" HEIGHT="75" ID="p277_t1" HPOS="158" VPOS="123"><String ID="p277_w1" CONTENT="Part" HPOS="158" VPOS="123" WIDTH="100" HEIGHT="75" STYLEREFS="font0"/><SP WIDTH="20" VPOS="123" HPOS="258"/><String ID="p277_w2" CONTENT="III." HPOS="278" VPOS="123" WIDTH="65" HEIGHT="75" STYLEREFS="font0"/></TextLine><TextLine WIDTH="520" HEIGHT="75" ID="p277_t2" HPOS="701" VPOS="123"><String ID="p277_w3" CONTENT="A" HPOS="701" VPOS="123" WIDTH="41" HEIGHT="75" STYLEREFS="font0"/><SP WIDTH="119" VPOS="123" HPOS="742"/><String ID="p277_w4" CONTENT="N" HPOS="861" VPOS="123" WIDTH="42" HEIGHT="75" STYLEREFS="font0"/><SP WIDTH="120" VPOS="123" HPOS="903"/><String ID="p277_w5" CONTENT="A" HPOS="1023" VPOS="123" WIDTH="41" HEIGHT="75" STYLEREFS="font0"/><SP WIDTH="117" VPOS="123" HPOS="1064"/><String ID="p277_w6" CONTENT="T" HPOS="1181" VPOS="123" WIDTH="40" HEIGHT="75" STYLEREFS="font0"/></TextLine><TextLine WIDTH="1040" HEIGHT="75" ID="p277_t3" HPOS="156" VPOS="190"><String ID="p277_w7" CONTENT="branches" HPOS="156" VPOS="190" WIDTH="155" HEIGHT="75" STYLEREFS="font0"/><SP WIDTH="18" VPOS="190" HPOS="311"/><String ID="p277_w8" CONTENT="called" HPOS="329" VPOS="190" WIDTH="102" HEIGHT="75" STYLEREFS="font0"/><SP WIDTH="11" VPOS="190" HPOS="431"/><String ID="p277_w9" CONTENT="arterhe" HPOS="442" VPOS="190" WIDTH="133" HEIGHT="75" STYLEREFS="font0"/><SP WIDTH="14" VPOS="190" HPOS="575"/><String ID="p277_w10" CONTENT="cyjiicee;" HPOS="589" VPOS="190" WIDTH="139" HEIGHT="75" STYLEREFS="font0"/><SP WIDTH="28" VPOS="190" HPOS="728"/><String ID="p277_w11" CONTENT="and" HPOS="756" VPOS="190" WIDTH="63" HEIGHT="75" STYLEREFS="font0"/><SP WIDTH="13" VPOS="190" HPOS="819"/><String ID="p277_w12" CONTENT="another" HPOS="832" VPOS="190" WIDTH="134" HEIGHT="75" STYLEREFS="font0"/><SP WIDTH="16" VPOS="190" HPOS="966"/><String ID="p277_w13" CONTENT="named" HPOS="982" VPOS="190" WIDTH="116" HEIGHT="75" STYLEREFS="font0"/><SP WIDTH="15" VPOS="190" HPOS="1098"/><String ID="p277_w14" CONTENT="6&gt;/a-" HPOS="1113" VPOS="190" WIDTH="83" HEIGHT="75" STYLEREFS="font0"/></TextLine><TextLine WIDTH="888" HEIGHT="75" ID="p277_t4" HPOS="161" VPOS="238"><String ID="p277_w15" CONTENT="ria," HPOS="161" VPOS="238" WIDTH="65" HEIGHT="75" STYLEREFS="font0"/><SP WIDTH="27" VPOS="238" HPOS="226"/><String ID="p277_w16" CONTENT="which" HPOS="253" VPOS="238" WIDTH="106" HEIGHT="75" STYLEREFS="font0"/><SP WIDTH="16" VPOS="238" HPOS="359"/><String ID="p277_w17" CONTENT="is»loft" HPOS="375" VPOS="238" WIDTH="101" HEIGHT="75" STYLEREFS="font0"/><SP WIDTH="17" VPOS="238" HPOS="476"/><String ID="p277_w18" CONTENT="in" HPOS="493" VPOS="238" WIDTH="32" HEIGHT="75" STYLEREFS="font0"/><SP WIDTH="25" VPOS="238" HPOS="525"/><String ID="p277_w19" CONTENT="the" HPOS="550" VPOS="238" WIDTH="56" HEIGHT="75" STYLEREFS="font0"/><SP WIDTH="16" VPOS="238" HPOS="606"/><String ID="p277_w20" CONTENT="great" HPOS="622" VPOS="238" WIDTH="91" HEIGHT="75" STYLEREFS="font0"/><SP WIDTH="23" VPOS="238" HPOS="713"/><String ID="p277_w21" CONTENT="lobe" HPOS="736" VPOS="238" WIDTH="74" HEIGHT="75" STYLEREFS="font0"/><SP WIDTH="16" VPOS="238" HPOS="810"/><String ID="p277_w22" CONTENT="of" HPOS="826" VPOS="238" WIDTH="41" HEIGHT="75" STYLEREFS="font0"/><SP WIDTH="17" VPOS="238" HPOS="867"/><String ID="p277_w23" CONTENT="the" HPOS="884" VPOS="238" WIDTH="57" HEIGHT="75" STYLEREFS="font0"/><SP WIDTH="15" VPOS="238" HPOS="941"/><String ID="p277_w24" CONTENT="liver." HPOS="956" VPOS="238" WIDTH="93" HEIGHT="75" STYLEREFS="font0"/></TextLine><TextLine WIDTH="989" HEIGHT="75" ID="p277_t5" HPOS="203" VPOS="283"><String ID="p277_w25" CONTENT="Afterwards," HPOS="203" VPOS="283" WIDTH="217" HEIGHT="75" STYLEREFS="font0"/><SP WIDTH="25" VPOS="283" HPOS="420"/><String ID="p277_w26" CONTENT="this" HPOS="445" VPOS="283" WIDTH="64" HEIGHT="75" STYLEREFS="font0"/><SP WIDTH="21" VPOS="283" HPOS="509"/><String ID="p277_w27" CONTENT="artery" HPOS="530" VPOS="283" WIDTH="106" HEIGHT="75" STYLEREFS="font0"/><SP WIDTH="25" VPOS="283" HPOS="636"/><String ID="p277_w28" CONTENT="enters" HPOS="661" VPOS="283" WIDTH="105" HEIGHT="75" STYLEREFS="font0"/><SP WIDTH="19" VPOS="283" HPOS="766"/><String ID="p277_w29" CONTENT="the" HPOS="785" VPOS="283" WIDTH="54" HEIGHT="75" STYLEREFS="font0"/><SP WIDTH="16" VPOS="283" HPOS="839"/><String ID="p277_w30" CONTENT="filfure" HPOS="855" VPOS="283" WIDTH="104" HEIGHT="75" STYLEREFS="font0"/><SP WIDTH="16" VPOS="283" HPOS="959"/><String ID="p277_w31" CONTENT="of" HPOS="975" VPOS="283" WIDTH="40" HEIGHT="75" STYLEREFS="font0"/><SP WIDTH="12" VPOS="283" HPOS="1015"/><String ID="p277_w32" CONTENT="the" HPOS="1027" VPOS="283" WIDTH="55" HEIGHT="75" STYLEREFS="font0"/><SP WIDTH="16" VPOS="283" HPOS="1082"/><String ID="p277_w33" CONTENT="liver," HPOS="1098" VPOS="283" WIDTH="94" HEIGHT="75" STYLEREFS="font0"/></TextLine><TextLine WIDTH="1036" HEIGHT="75" ID="p277_t6" HPOS="159" VPOS="329"><String ID="p277_w34" CONTENT="and" HPOS="159" VPOS="329" WIDTH="62" HEIGHT="75" STYLEREFS="font0"/><SP WIDTH="9" VPOS="329" HPOS="221"/><String ID="p277_w35" CONTENT="joins" HPOS="230" VPOS="329" WIDTH="87" HEIGHT="75" STYLEREFS="font0"/><SP WIDTH="28" VPOS="329" HPOS="317"/><String ID="p277_w36" CONTENT="the" HPOS="345" VPOS="329" WIDTH="56" HEIGHT="75" STYLEREFS="font0"/><SP WIDTH="16" VPOS="329" HPOS="401"/><String ID="p277_w37" CONTENT="vena" HPOS="417" VPOS="329" WIDTH="81" HEIGHT="75" STYLEREFS="font0"/><SP WIDTH="26" VPOS="329" HPOS="498"/><String ID="p277_w38" CONTENT="portfe," HPOS="524" VPOS="329" WIDTH="113" HEIGHT="75" STYLEREFS="font0"/><SP WIDTH="25" VPOS="329" HPOS="637"/><String ID="p277_w39" CONTENT="with" HPOS="662" VPOS="329" WIDTH="78" HEIGHT="75" STYLEREFS="font0"/><SP WIDTH="29" VPOS="329" HPOS="740"/><String ID="p277_w40" CONTENT="which" HPOS="769" VPOS="329" WIDTH="106" HEIGHT="75" STYLEREFS="font0"/><SP WIDTH="23" VPOS="329" HPOS="875"/><String ID="p277_w41" CONTENT="it" HPOS="898" VPOS="329" WIDTH="27" HEIGHT="75" STYLEREFS="font0"/><SP WIDTH="23" VPOS="329" HPOS="925"/><String ID="p277_w42" CONTENT="runs" HPOS="948" VPOS="329" WIDTH="74" HEIGHT="75" STYLEREFS="font0"/><SP WIDTH="24" VPOS="329" HPOS="1022"/><String ID="p277_w43" CONTENT="within" HPOS="1046" VPOS="329" WIDTH="112" HEIGHT="75" STYLEREFS="font0"/><SP WIDTH="17" VPOS="329" HPOS="1158"/><String ID="p277_w44" CONTENT="a" HPOS="1175" VPOS="329" WIDTH="20" HEIGHT="75" STYLEREFS="font0"/></TextLine><TextLine WIDTH="1036" HEIGHT="75" ID="p277_t7" HPOS="156" VPOS="375"><String ID="p277_w45" CONTENT="membranous" HPOS="156" VPOS="375" WIDTH="221" HEIGHT="75" STYLEREFS="font0"/><SP WIDTH="25" VPOS="375" HPOS="377"/><String ID="p277_w46" CONTENT="vagina," HPOS="402" VPOS="375" WIDTH="126" HEIGHT="75" STYLEREFS="font0"/><SP WIDTH="26" VPOS="375" HPOS="528"/><String ID="p277_w47" CONTENT="called" HPOS="554" VPOS="375" WIDTH="104" HEIGHT="75" STYLEREFS="font0"/><SP WIDTH="16" VPOS="375" HPOS="658"/><String ID="p277_w48" CONTENT="capful" HPOS="674" VPOS="375" WIDTH="110" HEIGHT="75" STYLEREFS="font0"/><SP WIDTH="2" VPOS="375" HPOS="784"/><String ID="p277_w49" CONTENT="a" HPOS="786" VPOS="375" WIDTH="18" HEIGHT="75" STYLEREFS="font0"/><SP WIDTH="15" VPOS="375" HPOS="804"/><String ID="p277_w50" CONTENT="Glijfom," HPOS="819" VPOS="375" WIDTH="144" HEIGHT="75" STYLEREFS="font0"/><SP WIDTH="27" VPOS="375" HPOS="963"/><String ID="p277_w51" CONTENT="and" HPOS="990" VPOS="375" WIDTH="62" HEIGHT="75" STYLEREFS="font0"/><SP WIDTH="15" VPOS="375" HPOS="1052"/><String ID="p277_w52" CONTENT="accom-" HPOS="1067" VPOS="375" WIDTH="125" HEIGHT="75" STYLEREFS="font0"/></TextLine><TextLine WIDTH="1035" HEIGHT="75" ID="p277_t8" HPOS="156" VPOS="422"><String ID="p277_w53" CONTENT="panies" HPOS="156" VPOS="422" WIDTH="107" HEIGHT="75" STYLEREFS="font0"/><SP WIDTH="17" VPOS="422" HPOS="263"/><String ID="p277_w54" CONTENT="it" HPOS="280" VPOS="422" WIDTH="27" HEIGHT="75" STYLEREFS="font0"/><SP WIDTH="15" VPOS="422" HPOS="307"/><String ID="p277_w55" CONTENT="through" HPOS="322" VPOS="422" WIDTH="142" HEIGHT="75" STYLEREFS="font0"/><SP WIDTH="17" VPOS="422" HPOS="464"/><String ID="p277_w56" CONTENT="the" HPOS="481" VPOS="422" WIDTH="55" HEIGHT="75" STYLEREFS="font0"/><SP WIDTH="17" VPOS="422" HPOS="536"/><String ID="p277_w57" CONTENT="whole" HPOS="553" VPOS="422" WIDTH="105" HEIGHT="75" STYLEREFS="font0"/><SP WIDTH="16" VPOS="422" HPOS="658"/><String ID="p277_w58" CONTENT="fubftance" HPOS="674" VPOS="422" WIDTH="162" HEIGHT="75" STYLEREFS="font0"/><SP WIDTH="16" VPOS="422" HPOS="836"/><String ID="p277_w59" CONTENT="of" HPOS="852" VPOS="422" WIDTH="41" HEIGHT="75" STYLEREFS="font0"/><SP WIDTH="17" VPOS="422" HPOS="893"/><String ID="p277_w60" CONTENT="the" HPOS="910" VPOS="422" WIDTH="56" HEIGHT="75" STYLEREFS="font0"/><SP WIDTH="15" VPOS="422" HPOS="966"/><String ID="p277_w61" CONTENT="liver" HPOS="981" VPOS="422" WIDTH="80" HEIGHT="75" STYLEREFS="font0"/><SP WIDTH="15" VPOS="422" HPOS="1061"/><String ID="p277_w62" CONTENT="by" HPOS="1076" VPOS="422" WIDTH="46" HEIGHT="75" STYLEREFS="font0"/><SP WIDTH="11" VPOS="422" HPOS="1122"/><String ID="p277_w63" CONTENT="nu-" HPOS="1133" VPOS="422" WIDTH="58" HEIGHT="75" STYLEREFS="font0"/></TextLine><TextLine WIDTH="1035" HEIGHT="75" ID="p277_t9" HPOS="156" VPOS="468"><String ID="p277_w64" CONTENT="merous" HPOS="156" VPOS="468" WIDTH="126" HEIGHT="75" STYLEREFS="font0"/><SP WIDTH="17" VPOS="468" HPOS="282"/><String ID="p277_w65" CONTENT="ramifications," HPOS="299" VPOS="468" WIDTH="239" HEIGHT="75" STYLEREFS="font0"/><SP WIDTH="24" VPOS="468" HPOS="538"/><String ID="p277_w66" CONTENT="which" HPOS="562" VPOS="468" WIDTH="108" HEIGHT="75" STYLEREFS="font0"/><SP WIDTH="15" VPOS="468" HPOS="670"/><String ID="p277_w67" CONTENT="may" HPOS="685" VPOS="468" WIDTH="75" HEIGHT="75" STYLEREFS="font0"/><SP WIDTH="31" VPOS="468" HPOS="760"/><String ID="p277_w68" CONTENT="be" HPOS="791" VPOS="468" WIDTH="41" HEIGHT="75" STYLEREFS="font0"/><SP WIDTH="17" VPOS="468" HPOS="832"/><String ID="p277_w69" CONTENT="termed" HPOS="849" VPOS="468" WIDTH="124" HEIGHT="75" STYLEREFS="font0"/><SP WIDTH="15" VPOS="468" HPOS="973"/><String ID="p277_w70" CONTENT="arterice" HPOS="988" VPOS="468" WIDTH="135" HEIGHT="75" STYLEREFS="font0"/><SP WIDTH="15" VPOS="468" HPOS="1123"/><String ID="p277_w71" CONTENT="he-" HPOS="1138" VPOS="468" WIDTH="53" HEIGHT="75" STYLEREFS="font0"/></TextLine><TextLine WIDTH="285" HEIGHT="75" ID="p277_t10" HPOS="148" VPOS="514"><String ID="p277_w72" CONTENT="patic#" HPOS="148" VPOS="514" WIDTH="122" HEIGHT="75" STYLEREFS="font0"/><SP WIDTH="11" VPOS="514" HPOS="270"/><String ID="p277_w73" CONTENT="propria." HPOS="281" VPOS="514" WIDTH="152" HEIGHT="75" STYLEREFS="font0"/></TextLine><TextLine WIDTH="990" HEIGHT="75" ID="p277_t11" HPOS="201" VPOS="561"><String ID="p277_w74" CONTENT="Before" HPOS="201" VPOS="561" WIDTH="120" HEIGHT="75" STYLEREFS="font0"/><SP WIDTH="16" VPOS="561" HPOS="321"/><String ID="p277_w75" CONTENT="it" HPOS="337" VPOS="561" WIDTH="27" HEIGHT="75" STYLEREFS="font0"/><SP WIDTH="16" VPOS="561" HPOS="364"/><String ID="p277_w76" CONTENT="enters" HPOS="380" VPOS="561" WIDTH="105" HEIGHT="75" STYLEREFS="font0"/><SP WIDTH="24" VPOS="561" HPOS="485"/><String ID="p277_w77" CONTENT="the" HPOS="509" VPOS="561" WIDTH="56" HEIGHT="75" STYLEREFS="font0"/><SP WIDTH="23" VPOS="561" HPOS="565"/><String ID="p277_w78" CONTENT="liver," HPOS="588" VPOS="561" WIDTH="93" HEIGHT="75" STYLEREFS="font0"/><SP WIDTH="25" VPOS="561" HPOS="681"/><String ID="p277_w79" CONTENT="it" HPOS="706" VPOS="561" WIDTH="27" HEIGHT="75" STYLEREFS="font0"/><SP WIDTH="24" VPOS="561" HPOS="733"/><String ID="p277_w80" CONTENT="gives" HPOS="757" VPOS="561" WIDTH="87" HEIGHT="75" STYLEREFS="font0"/><SP WIDTH="24" VPOS="561" HPOS="844"/><String ID="p277_w81" CONTENT="fmall" HPOS="868" VPOS="561" WIDTH="89" HEIGHT="75" STYLEREFS="font0"/><SP WIDTH="25" VPOS="561" HPOS="957"/><String ID="p277_w82" CONTENT="branches" HPOS="982" VPOS="561" WIDTH="155" HEIGHT="75" STYLEREFS="font0"/><SP WIDTH="19" VPOS="561" HPOS="1137"/><String ID="p277_w83" CONTENT="to" HPOS="1156" VPOS="561" WIDTH="35" HEIGHT="75" STYLEREFS="font0"/></TextLine><TextLine WIDTH="1039" HEIGHT="75" ID="p277_t12" HPOS="153" VPOS="608"><String ID="p277_w84" CONTENT="the" HPOS="153" VPOS="608" WIDTH="56" HEIGHT="75" STYLEREFS="font0"/><SP WIDTH="16" VPOS="608" HPOS="209"/><String ID="p277_w85" CONTENT="external" HPOS="225" VPOS="608" WIDTH="147" HEIGHT="75" STYLEREFS="font0"/><SP WIDTH="16" VPOS="608" HPOS="372"/><String ID="p277_w86" CONTENT="membrane" HPOS="388" VPOS="608" WIDTH="182" HEIGHT="75" STYLEREFS="font0"/><SP WIDTH="16" VPOS="608" HPOS="570"/><String ID="p277_w87" CONTENT="of" HPOS="586" VPOS="608" WIDTH="41" HEIGHT="75" STYLEREFS="font0"/><SP WIDTH="18" VPOS="608" HPOS="627"/><String ID="p277_w88" CONTENT="this" HPOS="645" VPOS="608" WIDTH="65" HEIGHT="75" STYLEREFS="font0"/><SP WIDTH="16" VPOS="608" HPOS="710"/><String ID="p277_w89" CONTENT="vifcus," HPOS="726" VPOS="608" WIDTH="115" HEIGHT="75" STYLEREFS="font0"/><SP WIDTH="26" VPOS="608" HPOS="841"/><String ID="p277_w90" CONTENT="and" HPOS="867" VPOS="608" WIDTH="64" HEIGHT="75" STYLEREFS="font0"/><SP WIDTH="15" VPOS="608" HPOS="931"/><String ID="p277_w91" CONTENT="to" HPOS="946" VPOS="608" WIDTH="35" HEIGHT="75" STYLEREFS="font0"/><SP WIDTH="12" VPOS="608" HPOS="981"/><String ID="p277_w92" CONTENT="the" HPOS="993" VPOS="608" WIDTH="56" HEIGHT="75" STYLEREFS="font0"/><SP WIDTH="17" VPOS="608" HPOS="1049"/><String ID="p277_w93" CONTENT="capfula" HPOS="1066" VPOS="608" WIDTH="126" HEIGHT="75" STYLEREFS="font0"/></TextLine><TextLine WIDTH="151" HEIGHT="75" ID="p277_t13" HPOS="155" VPOS="654"><String ID="p277_w94" CONTENT="Glilfoni." HPOS="155" VPOS="654" WIDTH="151" HEIGHT="75" STYLEREFS="font0"/></TextLine><TextLine WIDTH="990" HEIGHT="75" ID="p277_t14" HPOS="200" VPOS="700"><String ID="p277_w95" CONTENT="Immediately" HPOS="200" VPOS="700" WIDTH="226" HEIGHT="75" STYLEREFS="font0"/><SP WIDTH="11" VPOS="700" HPOS="426"/><String ID="p277_w96" CONTENT="after" HPOS="437" VPOS="700" WIDTH="81" HEIGHT="75" STYLEREFS="font0"/><SP WIDTH="16" VPOS="700" HPOS="518"/><String ID="p277_w97" CONTENT="the" HPOS="534" VPOS="700" WIDTH="56" HEIGHT="75" STYLEREFS="font0"/><SP WIDTH="16" VPOS="700" HPOS="590"/><String ID="p277_w98" CONTENT="origin" HPOS="606" VPOS="700" WIDTH="103" HEIGHT="75" STYLEREFS="font0"/><SP WIDTH="18" VPOS="700" HPOS="709"/><String ID="p277_w99" CONTENT="of" HPOS="727" VPOS="700" WIDTH="40" HEIGHT="75" STYLEREFS="font0"/><SP WIDTH="19" VPOS="700" HPOS="767"/><String ID="p277_w100" CONTENT="the" HPOS="786" VPOS="700" WIDTH="55" HEIGHT="75" STYLEREFS="font0"/><SP WIDTH="12" VPOS="700" HPOS="841"/><String ID="p277_w101" CONTENT="fplenic" HPOS="853" VPOS="700" WIDTH="118" HEIGHT="75" STYLEREFS="font0"/><SP WIDTH="15" VPOS="700" HPOS="971"/><String ID="p277_w102" CONTENT="artery" HPOS="986" VPOS="700" WIDTH="108" HEIGHT="75" STYLEREFS="font0"/><SP WIDTH="10" VPOS="700" HPOS="1094"/><String ID="p277_w103" CONTENT="from" HPOS="1104" VPOS="700" WIDTH="86" HEIGHT="75" STYLEREFS="font0"/></TextLine><TextLine WIDTH="1036" HEIGHT="75" ID="p277_t15" HPOS="152" VPOS="748"><String ID="p277_w104" CONTENT="the" HPOS="152" VPOS="748" WIDTH="56" HEIGHT="75" STYLEREFS="font0"/><SP WIDTH="17" VPOS="748" HPOS="208"/><String ID="p277_w105" CONTENT="cseliaca," HPOS="225" VPOS="748" WIDTH="137" HEIGHT="75" STYLEREFS="font0"/><SP WIDTH="25" VPOS="748" HPOS="362"/><String ID="p277_w106" CONTENT="it" HPOS="387" VPOS="748" WIDTH="26" HEIGHT="75" STYLEREFS="font0"/><SP WIDTH="20" VPOS="748" HPOS="413"/><String ID="p277_w107" CONTENT="runs" HPOS="433" VPOS="748" WIDTH="76" HEIGHT="75" STYLEREFS="font0"/><SP WIDTH="16" VPOS="748" HPOS="509"/><String ID="p277_w108" CONTENT="toward" HPOS="525" VPOS="748" WIDTH="125" HEIGHT="75" STYLEREFS="font0"/><SP WIDTH="16" VPOS="748" HPOS="650"/><String ID="p277_w109" CONTENT="the" HPOS="666" VPOS="748" WIDTH="55" HEIGHT="75" STYLEREFS="font0"/><SP WIDTH="16" VPOS="748" HPOS="721"/><String ID="p277_w110" CONTENT="left" HPOS="737" VPOS="748" WIDTH="60" HEIGHT="75" STYLEREFS="font0"/><SP WIDTH="15" VPOS="748" HPOS="797"/><String ID="p277_w111" CONTENT="hand," HPOS="812" VPOS="748" WIDTH="99" HEIGHT="75" STYLEREFS="font0"/><SP WIDTH="25" VPOS="748" HPOS="911"/><String ID="p277_w112" CONTENT="under" HPOS="936" VPOS="748" WIDTH="101" HEIGHT="75" STYLEREFS="font0"/><SP WIDTH="16" VPOS="748" HPOS="1037"/><String ID="p277_w113" CONTENT="the" HPOS="1053" VPOS="748" WIDTH="56" HEIGHT="75" STYLEREFS="font0"/><SP WIDTH="16" VPOS="748" HPOS="1109"/><String ID="p277_w114" CONTENT="fto-" HPOS="1125" VPOS="748" WIDTH="63" HEIGHT="75" STYLEREFS="font0"/></TextLine><TextLine WIDTH="1036" HEIGHT="75" ID="p277_t16" HPOS="151" VPOS="793"><String ID="p277_w115" CONTENT="raach" HPOS="151" VPOS="793" WIDTH="94" HEIGHT="75" STYLEREFS="font0"/><SP WIDTH="16" VPOS="793" HPOS="245"/><String ID="p277_w116" CONTENT="and" HPOS="261" VPOS="793" WIDTH="62" HEIGHT="75" STYLEREFS="font0"/><SP WIDTH="17" VPOS="793" HPOS="323"/><String ID="p277_w117" CONTENT="pancreas," HPOS="340" VPOS="793" WIDTH="163" HEIGHT="75" STYLEREFS="font0"/><SP WIDTH="25" VPOS="793" HPOS="503"/><String ID="p277_w118" CONTENT="to" HPOS="528" VPOS="793" WIDTH="36" HEIGHT="75" STYLEREFS="font0"/><SP WIDTH="16" VPOS="793" HPOS="564"/><String ID="p277_w119" CONTENT="the" HPOS="580" VPOS="793" WIDTH="58" HEIGHT="75" STYLEREFS="font0"/><SP WIDTH="21" VPOS="793" HPOS="638"/><String ID="p277_w120" CONTENT="fpleen." HPOS="659" VPOS="793" WIDTH="119" HEIGHT="75" STYLEREFS="font0"/><SP WIDTH="45" VPOS="793" HPOS="778"/><String ID="p277_w121" CONTENT="It" HPOS="823" VPOS="793" WIDTH="37" HEIGHT="75" STYLEREFS="font0"/><SP WIDTH="16" VPOS="793" HPOS="860"/><String ID="p277_w122" CONTENT="adheres" HPOS="876" VPOS="793" WIDTH="133" HEIGHT="75" STYLEREFS="font0"/><SP WIDTH="13" VPOS="793" HPOS="1009"/><String ID="p277_w123" CONTENT="clofely" HPOS="1022" VPOS="793" WIDTH="118" HEIGHT="75" STYLEREFS="font0"/><SP WIDTH="12" VPOS="793" HPOS="1140"/><String ID="p277_w124" CONTENT="to" HPOS="1152" VPOS="793" WIDTH="35" HEIGHT="75" STYLEREFS="font0"/></TextLine><TextLine WIDTH="1036" HEIGHT="75" ID="p277_t17" HPOS="150" VPOS="841"><String ID="p277_w125" CONTENT="the" HPOS="150" VPOS="841" WIDTH="56" HEIGHT="75" STYLEREFS="font0"/><SP WIDTH="16" VPOS="841" HPOS="206"/><String ID="p277_w126" CONTENT="pofterior" HPOS="222" VPOS="841" WIDTH="152" HEIGHT="75" STYLEREFS="font0"/><SP WIDTH="21" VPOS="841" HPOS="374"/><String ID="p277_w127" CONTENT="part" HPOS="395" VPOS="841" WIDTH="71" HEIGHT="75" STYLEREFS="font0"/><SP WIDTH="23" VPOS="841" HPOS="466"/><String ID="p277_w128" CONTENT="of" HPOS="489" VPOS="841" WIDTH="41" HEIGHT="75" STYLEREFS="font0"/><SP WIDTH="18" VPOS="841" HPOS="530"/><String ID="p277_w129" CONTENT="the" HPOS="548" VPOS="841" WIDTH="55" HEIGHT="75" STYLEREFS="font0"/><SP WIDTH="24" VPOS="841" HPOS="603"/><String ID="p277_w130" CONTENT="lower" HPOS="627" VPOS="841" WIDTH="101" HEIGHT="75" STYLEREFS="font0"/><SP WIDTH="23" VPOS="841" HPOS="728"/><String ID="p277_w131" CONTENT="fide" HPOS="751" VPOS="841" WIDTH="64" HEIGHT="75" STYLEREFS="font0"/><SP WIDTH="16" VPOS="841" HPOS="815"/><String ID="p277_w132" CONTENT="of" HPOS="831" VPOS="841" WIDTH="40" HEIGHT="75" STYLEREFS="font0"/><SP WIDTH="19" VPOS="841" HPOS="871"/><String ID="p277_w133" CONTENT="the" HPOS="890" VPOS="841" WIDTH="56" HEIGHT="75" STYLEREFS="font0"/><SP WIDTH="15" VPOS="841" HPOS="946"/><String ID="p277_w134" CONTENT="pancreas," HPOS="961" VPOS="841" WIDTH="165" HEIGHT="75" STYLEREFS="font0"/><SP WIDTH="24" VPOS="841" HPOS="1126"/><String ID="p277_w135" CONTENT="to" HPOS="1150" VPOS="841" WIDTH="36" HEIGHT="75" STYLEREFS="font0"/></TextLine><TextLine WIDTH="1034" HEIGHT="75" ID="p277_t18" HPOS="150" VPOS="886"><String ID="p277_w136" CONTENT="which" HPOS="150" VPOS="886" WIDTH="107" HEIGHT="75" STYLEREFS="font0"/><SP WIDTH="5" VPOS="886" HPOS="257"/><String ID="p277_w137" CONTENT="it" HPOS="262" VPOS="886" WIDTH="27" HEIGHT="75" STYLEREFS="font0"/><SP WIDTH="9" VPOS="886" HPOS="289"/><String ID="p277_w138" CONTENT="gives" HPOS="298" VPOS="886" WIDTH="87" HEIGHT="75" STYLEREFS="font0"/><SP WIDTH="7" VPOS="886" HPOS="385"/><String ID="p277_w139" CONTENT="feveral" HPOS="392" VPOS="886" WIDTH="118" HEIGHT="75" STYLEREFS="font0"/><SP WIDTH="7" VPOS="886" HPOS="510"/><String ID="p277_w140" CONTENT="branches," HPOS="517" VPOS="886" WIDTH="168" HEIGHT="75" STYLEREFS="font0"/><SP WIDTH="8" VPOS="886" HPOS="685"/><String ID="p277_w141" CONTENT="named" HPOS="693" VPOS="886" WIDTH="116" HEIGHT="75" STYLEREFS="font0"/><SP WIDTH="7" VPOS="886" HPOS="809"/><String ID="p277_w142" CONTENT="arteriapancreatic#." HPOS="816" VPOS="886" WIDTH="368" HEIGHT="75" STYLEREFS="font0"/></TextLine><TextLine WIDTH="987" HEIGHT="75" ID="p277_t19" HPOS="198" VPOS="933"><String ID="p277_w143" CONTENT="Near" HPOS="198" VPOS="933" WIDTH="91" HEIGHT="75" STYLEREFS="font0"/><SP WIDTH="21" VPOS="933" HPOS="289"/><String ID="p277_w144" CONTENT="the" HPOS="310" VPOS="933" WIDTH="56" HEIGHT="75" STYLEREFS="font0"/><SP WIDTH="24" VPOS="933" HPOS="366"/><String ID="p277_w145" CONTENT="extremity" HPOS="390" VPOS="933" WIDTH="177" HEIGHT="75" STYLEREFS="font0"/><SP WIDTH="19" VPOS="933" HPOS="567"/><String ID="p277_w146" CONTENT="of" HPOS="586" VPOS="933" WIDTH="41" HEIGHT="75" STYLEREFS="font0"/><SP WIDTH="19" VPOS="933" HPOS="627"/><String ID="p277_w147" CONTENT="the" HPOS="646" VPOS="933" WIDTH="56" HEIGHT="75" STYLEREFS="font0"/><SP WIDTH="25" VPOS="933" HPOS="702"/><String ID="p277_w148" CONTENT="pancreas," HPOS="727" VPOS="933" WIDTH="166" HEIGHT="75" STYLEREFS="font0"/><SP WIDTH="25" VPOS="933" HPOS="893"/><String ID="p277_w149" CONTENT="under" HPOS="918" VPOS="933" WIDTH="102" HEIGHT="75" STYLEREFS="font0"/><SP WIDTH="24" VPOS="933" HPOS="1020"/><String ID="p277_w150" CONTENT="the" HPOS="1044" VPOS="933" WIDTH="56" HEIGHT="75" STYLEREFS="font0"/><SP WIDTH="22" VPOS="933" HPOS="1100"/><String ID="p277_w151" CONTENT="left" HPOS="1122" VPOS="933" WIDTH="63" HEIGHT="75" STYLEREFS="font0"/></TextLine><TextLine WIDTH="1034" HEIGHT="75" ID="p277_t20" HPOS="151" VPOS="979"><String ID="p277_w152" CONTENT="portion" HPOS="151" VPOS="979" WIDTH="129" HEIGHT="75" STYLEREFS="font0"/><SP WIDTH="28" VPOS="979" HPOS="280"/><String ID="p277_w153" CONTENT="of" HPOS="308" VPOS="979" WIDTH="39" HEIGHT="75" STYLEREFS="font0"/><SP WIDTH="19" VPOS="979" HPOS="347"/><String ID="p277_w154" CONTENT="the" HPOS="366" VPOS="979" WIDTH="57" HEIGHT="75" STYLEREFS="font0"/><SP WIDTH="25" VPOS="979" HPOS="423"/><String ID="p277_w155" CONTENT="ftomach," HPOS="448" VPOS="979" WIDTH="152" HEIGHT="75" STYLEREFS="font0"/><SP WIDTH="27" VPOS="979" HPOS="600"/><String ID="p277_w156" CONTENT="the" HPOS="627" VPOS="979" WIDTH="55" HEIGHT="75" STYLEREFS="font0"/><SP WIDTH="27" VPOS="979" HPOS="682"/><String ID="p277_w157" CONTENT="fplenic" HPOS="709" VPOS="979" WIDTH="117" HEIGHT="75" STYLEREFS="font0"/><SP WIDTH="28" VPOS="979" HPOS="826"/><String ID="p277_w158" CONTENT="artery" HPOS="854" VPOS="979" WIDTH="107" HEIGHT="75" STYLEREFS="font0"/><SP WIDTH="28" VPOS="979" HPOS="961"/><String ID="p277_w159" CONTENT="gives" HPOS="989" VPOS="979" WIDTH="88" HEIGHT="75" STYLEREFS="font0"/><SP WIDTH="18" VPOS="979" HPOS="1077"/><String ID="p277_w160" CONTENT="off" HPOS="1095" VPOS="979" WIDTH="52" HEIGHT="75" STYLEREFS="font0"/><SP WIDTH="19" VPOS="979" HPOS="1147"/><String ID="p277_w161" CONTENT="a" HPOS="1166" VPOS="979" WIDTH="19" HEIGHT="75" STYLEREFS="font0"/></TextLine><TextLine WIDTH="1029" HEIGHT="75" ID="p277_t21" HPOS="152" VPOS="1026"><String ID="p277_w162" CONTENT="principal" HPOS="152" VPOS="1026" WIDTH="157" HEIGHT="75" STYLEREFS="font0"/><SP WIDTH="30" VPOS="1026" HPOS="309"/><String ID="p277_w163" CONTENT="branch," HPOS="339" VPOS="1026" WIDTH="133" HEIGHT="75" STYLEREFS="font0"/><SP WIDTH="37" VPOS="1026" HPOS="472"/><String ID="p277_w164" CONTENT="called" HPOS="509" VPOS="1026" WIDTH="105" HEIGHT="75" STYLEREFS="font0"/><SP WIDTH="25" VPOS="1026" HPOS="614"/><String ID="p277_w165" CONTENT="gajlrica" HPOS="639" VPOS="1026" WIDTH="152" HEIGHT="75" STYLEREFS="font0"/><SP WIDTH="26" VPOS="1026" HPOS="791"/><String ID="p277_w166" CONTENT="fmijlra" HPOS="817" VPOS="1026" WIDTH="141" HEIGHT="75" STYLEREFS="font0"/><SP WIDTH="33" VPOS="1026" HPOS="958"/><String ID="p277_w167" CONTENT="or" HPOS="991" VPOS="1026" WIDTH="37" HEIGHT="75" STYLEREFS="font0"/><SP WIDTH="36" VPOS="1026" HPOS="1028"/><String ID="p277_w168" CONTENT="minor," HPOS="1064" VPOS="1026" WIDTH="117" HEIGHT="75" STYLEREFS="font0"/></TextLine><TextLine WIDTH="1038" HEIGHT="75" ID="p277_t22" HPOS="152" VPOS="1072"><String ID="p277_w169" CONTENT="which" HPOS="152" VPOS="1072" WIDTH="106" HEIGHT="75" STYLEREFS="font0"/><SP WIDTH="20" VPOS="1072" HPOS="258"/><String ID="p277_w170" CONTENT="runs" HPOS="278" VPOS="1072" WIDTH="75" HEIGHT="75" STYLEREFS="font0"/><SP WIDTH="17" VPOS="1072" HPOS="353"/><String ID="p277_w171" CONTENT="from" HPOS="370" VPOS="1072" WIDTH="85" HEIGHT="75" STYLEREFS="font0"/><SP WIDTH="23" VPOS="1072" HPOS="455"/><String ID="p277_w172" CONTENT="left" HPOS="478" VPOS="1072" WIDTH="61" HEIGHT="75" STYLEREFS="font0"/><SP WIDTH="25" VPOS="1072" HPOS="539"/><String ID="p277_w173" CONTENT="to" HPOS="564" VPOS="1072" WIDTH="35" HEIGHT="75" STYLEREFS="font0"/><SP WIDTH="24" VPOS="1072" HPOS="599"/><String ID="p277_w174" CONTENT="right" HPOS="623" VPOS="1072" WIDTH="87" HEIGHT="75" STYLEREFS="font0"/><SP WIDTH="24" VPOS="1072" HPOS="710"/><String ID="p277_w175" CONTENT="along" HPOS="734" VPOS="1072" WIDTH="96" HEIGHT="75" STYLEREFS="font0"/><SP WIDTH="23" VPOS="1072" HPOS="830"/><String ID="p277_w176" CONTENT="the" HPOS="853" VPOS="1072" WIDTH="56" HEIGHT="75" STYLEREFS="font0"/><SP WIDTH="16" VPOS="1072" HPOS="909"/><String ID="p277_w177" CONTENT="left" HPOS="925" VPOS="1072" WIDTH="60" HEIGHT="75" STYLEREFS="font0"/><SP WIDTH="16" VPOS="1072" HPOS="985"/><String ID="p277_w178" CONTENT="portion" HPOS="1001" VPOS="1072" WIDTH="127" HEIGHT="75" STYLEREFS="font0"/><SP WIDTH="20" VPOS="1072" HPOS="1128"/><String ID="p277_w179" CONTENT="of" HPOS="1148" VPOS="1072" WIDTH="42" HEIGHT="75" STYLEREFS="font0"/></TextLine><TextLine WIDTH="1031" HEIGHT="75" ID="p277_t23" HPOS="151" VPOS="1119"><String ID="p277_w180" CONTENT="the" HPOS="151" VPOS="1119" WIDTH="56" HEIGHT="75" STYLEREFS="font0"/><SP WIDTH="16" VPOS="1119" HPOS="207"/><String ID="p277_w181" CONTENT="great" HPOS="223" VPOS="1119" WIDTH="91" HEIGHT="75" STYLEREFS="font0"/><SP WIDTH="21" VPOS="1119" HPOS="314"/><String ID="p277_w182" CONTENT="curvature" HPOS="335" VPOS="1119" WIDTH="167" HEIGHT="75" STYLEREFS="font0"/><SP WIDTH="26" VPOS="1119" HPOS="502"/><String ID="p277_w183" CONTENT="of" HPOS="528" VPOS="1119" WIDTH="40" HEIGHT="75" STYLEREFS="font0"/><SP WIDTH="18" VPOS="1119" HPOS="568"/><String ID="p277_w184" CONTENT="the" HPOS="586" VPOS="1119" WIDTH="56" HEIGHT="75" STYLEREFS="font0"/><SP WIDTH="24" VPOS="1119" HPOS="642"/><String ID="p277_w185" CONTENT="ftomach," HPOS="666" VPOS="1119" WIDTH="152" HEIGHT="75" STYLEREFS="font0"/><SP WIDTH="25" VPOS="1119" HPOS="818"/><String ID="p277_w186" CONTENT="giving" HPOS="843" VPOS="1119" WIDTH="110" HEIGHT="75" STYLEREFS="font0"/><SP WIDTH="21" VPOS="1119" HPOS="953"/><String ID="p277_w187" CONTENT="branches" HPOS="974" VPOS="1119" WIDTH="156" HEIGHT="75" STYLEREFS="font0"/><SP WIDTH="17" VPOS="1119" HPOS="1130"/><String ID="p277_w188" CONTENT="to" HPOS="1147" VPOS="1119" WIDTH="35" HEIGHT="75" STYLEREFS="font0"/></TextLine><TextLine WIDTH="1032" HEIGHT="75" ID="p277_t24" HPOS="151" VPOS="1165"><String ID="p277_w189" CONTENT="both" HPOS="151" VPOS="1165" WIDTH="79" HEIGHT="75" STYLEREFS="font0"/><SP WIDTH="16" VPOS="1165" HPOS="230"/><String ID="p277_w190" CONTENT="fides" HPOS="246" VPOS="1165" WIDTH="78" HEIGHT="75" STYLEREFS="font0"/><SP WIDTH="16" VPOS="1165" HPOS="324"/><String ID="p277_w191" CONTENT="of" HPOS="340" VPOS="1165" WIDTH="44" HEIGHT="75" STYLEREFS="font0"/><SP WIDTH="14" VPOS="1165" HPOS="384"/><String ID="p277_w192" CONTENT="this" HPOS="398" VPOS="1165" WIDTH="64" HEIGHT="75" STYLEREFS="font0"/><SP WIDTH="13" VPOS="1165" HPOS="462"/><String ID="p277_w193" CONTENT="portion," HPOS="475" VPOS="1165" WIDTH="140" HEIGHT="75" STYLEREFS="font0"/><SP WIDTH="25" VPOS="1165" HPOS="615"/><String ID="p277_w194" CONTENT="which" HPOS="640" VPOS="1165" WIDTH="106" HEIGHT="75" STYLEREFS="font0"/><SP WIDTH="12" VPOS="1165" HPOS="746"/><String ID="p277_w195" CONTENT="communicate" HPOS="758" VPOS="1165" WIDTH="232" HEIGHT="75" STYLEREFS="font0"/><SP WIDTH="12" VPOS="1165" HPOS="990"/><String ID="p277_w196" CONTENT="with" HPOS="1002" VPOS="1165" WIDTH="79" HEIGHT="75" STYLEREFS="font0"/><SP WIDTH="12" VPOS="1165" HPOS="1081"/><String ID="p277_w197" CONTENT="thofe" HPOS="1093" VPOS="1165" WIDTH="90" HEIGHT="75" STYLEREFS="font0"/></TextLine><TextLine WIDTH="496" HEIGHT="75" ID="p277_t25" HPOS="150" VPOS="1212"><String ID="p277_w198" CONTENT="of" HPOS="150" VPOS="1212" WIDTH="41" HEIGHT="75" STYLEREFS="font0"/><SP WIDTH="18" VPOS="1212" HPOS="191"/><String ID="p277_w199" CONTENT="the" HPOS="209" VPOS="1212" WIDTH="56" HEIGHT="75" STYLEREFS="font0"/><SP WIDTH="17" VPOS="1212" HPOS="265"/><String ID="p277_w200" CONTENT="coronaria" HPOS="282" VPOS="1212" WIDTH="166" HEIGHT="75" STYLEREFS="font0"/><SP WIDTH="15" VPOS="1212" HPOS="448"/><String ID="p277_w201" CONTENT="ventriculi." HPOS="463" VPOS="1212" WIDTH="183" HEIGHT="75" STYLEREFS="font0"/></TextLine><TextLine WIDTH="985" HEIGHT="75" ID="p277_t26" HPOS="198" VPOS="1257"><String ID="p277_w202" CONTENT="This" HPOS="198" VPOS="1257" WIDTH="85" HEIGHT="75" STYLEREFS="font0"/><SP WIDTH="24" VPOS="1257" HPOS="283"/><String ID="p277_w203" CONTENT="gaftric" HPOS="307" VPOS="1257" WIDTH="113" HEIGHT="75" STYLEREFS="font0"/><SP WIDTH="19" VPOS="1257" HPOS="420"/><String ID="p277_w204" CONTENT="artery" HPOS="439" VPOS="1257" WIDTH="109" HEIGHT="75" STYLEREFS="font0"/><SP WIDTH="22" VPOS="1257" HPOS="548"/><String ID="p277_w205" CONTENT="fends" HPOS="570" VPOS="1257" WIDTH="92" HEIGHT="75" STYLEREFS="font0"/><SP WIDTH="24" VPOS="1257" HPOS="662"/><String ID="p277_w206" CONTENT="likewife" HPOS="686" VPOS="1257" WIDTH="141" HEIGHT="75" STYLEREFS="font0"/><SP WIDTH="21" VPOS="1257" HPOS="827"/><String ID="p277_w207" CONTENT="another" HPOS="848" VPOS="1257" WIDTH="134" HEIGHT="75" STYLEREFS="font0"/><SP WIDTH="24" VPOS="1257" HPOS="982"/><String ID="p277_w208" CONTENT="branch" HPOS="1006" VPOS="1257" WIDTH="120" HEIGHT="75" STYLEREFS="font0"/><SP WIDTH="23" VPOS="1257" HPOS="1126"/><String ID="p277_w209" CONTENT="at" HPOS="1149" VPOS="1257" WIDTH="34" HEIGHT="75" STYLEREFS="font0"/></TextLine><TextLine WIDTH="1032" HEIGHT="75" ID="p277_t27" HPOS="150" VPOS="1305"><String ID="p277_w210" CONTENT="lead:" HPOS="150" VPOS="1305" WIDTH="76" HEIGHT="75" STYLEREFS="font0"/><SP WIDTH="16" VPOS="1305" HPOS="226"/><String ID="p277_w211" CONTENT="to" HPOS="242" VPOS="1305" WIDTH="36" HEIGHT="75" STYLEREFS="font0"/><SP WIDTH="24" VPOS="1305" HPOS="278"/><String ID="p277_w212" CONTENT="the" HPOS="302" VPOS="1305" WIDTH="55" HEIGHT="75" STYLEREFS="font0"/><SP WIDTH="24" VPOS="1305" HPOS="357"/><String ID="p277_w213" CONTENT="extremity" HPOS="381" VPOS="1305" WIDTH="175" HEIGHT="75" STYLEREFS="font0"/><SP WIDTH="23" VPOS="1305" HPOS="556"/><String ID="p277_w214" CONTENT="of" HPOS="579" VPOS="1305" WIDTH="40" HEIGHT="75" STYLEREFS="font0"/><SP WIDTH="19" VPOS="1305" HPOS="619"/><String ID="p277_w215" CONTENT="the" HPOS="638" VPOS="1305" WIDTH="57" HEIGHT="75" STYLEREFS="font0"/><SP WIDTH="22" VPOS="1305" HPOS="695"/><String ID="p277_w216" CONTENT="pancreas," HPOS="717" VPOS="1305" WIDTH="164" HEIGHT="75" STYLEREFS="font0"/><SP WIDTH="25" VPOS="1305" HPOS="881"/><String ID="p277_w217" CONTENT="which" HPOS="906" VPOS="1305" WIDTH="108" HEIGHT="75" STYLEREFS="font0"/><SP WIDTH="25" VPOS="1305" HPOS="1014"/><String ID="p277_w218" CONTENT="commu-" HPOS="1039" VPOS="1305" WIDTH="143" HEIGHT="75" STYLEREFS="font0"/></TextLine><TextLine WIDTH="1029" HEIGHT="75" ID="p277_t28" HPOS="151" VPOS="1351"><String ID="p277_w219" CONTENT="nicates" HPOS="151" VPOS="1351" WIDTH="120" HEIGHT="75" STYLEREFS="font0"/><SP WIDTH="16" VPOS="1351" HPOS="271"/><String ID="p277_w220" CONTENT="with" HPOS="287" VPOS="1351" WIDTH="79" HEIGHT="75" STYLEREFS="font0"/><SP WIDTH="24" VPOS="1351" HPOS="366"/><String ID="p277_w221" CONTENT="the" HPOS="390" VPOS="1351" WIDTH="56" HEIGHT="75" STYLEREFS="font0"/><SP WIDTH="20" VPOS="1351" HPOS="446"/><String ID="p277_w222" CONTENT="other" HPOS="466" VPOS="1351" WIDTH="96" HEIGHT="75" STYLEREFS="font0"/><SP WIDTH="23" VPOS="1351" HPOS="562"/><String ID="p277_w223" CONTENT="pancreatic" HPOS="585" VPOS="1351" WIDTH="180" HEIGHT="75" STYLEREFS="font0"/><SP WIDTH="22" VPOS="1351" HPOS="765"/><String ID="p277_w224" CONTENT="arteries." HPOS="787" VPOS="1351" WIDTH="144" HEIGHT="75" STYLEREFS="font0"/><SP WIDTH="48" VPOS="1351" HPOS="931"/><String ID="p277_w225" CONTENT="It" HPOS="979" VPOS="1351" WIDTH="32" HEIGHT="75" STYLEREFS="font0"/><SP WIDTH="18" VPOS="1351" HPOS="1011"/><String ID="p277_w226" CONTENT="alfo" HPOS="1029" VPOS="1351" WIDTH="65" HEIGHT="75" STYLEREFS="font0"/><SP WIDTH="16" VPOS="1351" HPOS="1094"/><String ID="p277_w227" CONTENT="fup-" HPOS="1110" VPOS="1351" WIDTH="70" HEIGHT="75" STYLEREFS="font0"/></TextLine><TextLine WIDTH="1029" HEIGHT="75" ID="p277_t29" HPOS="151" VPOS="1398"><String ID="p277_w228" CONTENT="plies" HPOS="151" VPOS="1398" WIDTH="79" HEIGHT="75" STYLEREFS="font0"/><SP WIDTH="27" VPOS="1398" HPOS="230"/><String ID="p277_w229" CONTENT="the" HPOS="257" VPOS="1398" WIDTH="56" HEIGHT="75" STYLEREFS="font0"/><SP WIDTH="25" VPOS="1398" HPOS="313"/><String ID="p277_w230" CONTENT="omentum" HPOS="338" VPOS="1398" WIDTH="163" HEIGHT="75" STYLEREFS="font0"/><SP WIDTH="27" VPOS="1398" HPOS="501"/><String ID="p277_w231" CONTENT="with" HPOS="528" VPOS="1398" WIDTH="79" HEIGHT="75" STYLEREFS="font0"/><SP WIDTH="34" VPOS="1398" HPOS="607"/><String ID="p277_w232" CONTENT="branches," HPOS="641" VPOS="1398" WIDTH="168" HEIGHT="75" STYLEREFS="font0"/><SP WIDTH="33" VPOS="1398" HPOS="809"/><String ID="p277_w233" CONTENT="termed" HPOS="842" VPOS="1398" WIDTH="124" HEIGHT="75" STYLEREFS="font0"/><SP WIDTH="25" VPOS="1398" HPOS="966"/><String ID="p277_w234" CONTENT="gajlro-epi-" HPOS="991" VPOS="1398" WIDTH="189" HEIGHT="75" STYLEREFS="font0"/></TextLine><TextLine WIDTH="1036" HEIGHT="75" ID="p277_t30" HPOS="146" VPOS="1444"><String ID="p277_w235" CONTENT="ploic#" HPOS="146" VPOS="1444" WIDTH="115" HEIGHT="75" STYLEREFS="font0"/><SP WIDTH="2" VPOS="1444" HPOS="261"/><String ID="p277_w236" CONTENT="ftnijlr#;" HPOS="263" VPOS="1444" WIDTH="166" HEIGHT="75" STYLEREFS="font0"/><SP WIDTH="27" VPOS="1444" HPOS="429"/><String ID="p277_w237" CONTENT="and" HPOS="456" VPOS="1444" WIDTH="63" HEIGHT="75" STYLEREFS="font0"/><SP WIDTH="15" VPOS="1444" HPOS="519"/><String ID="p277_w238" CONTENT="then" HPOS="534" VPOS="1444" WIDTH="78" HEIGHT="75" STYLEREFS="font0"/><SP WIDTH="12" VPOS="1444" HPOS="612"/><String ID="p277_w239" CONTENT="it" HPOS="624" VPOS="1444" WIDTH="27" HEIGHT="75" STYLEREFS="font0"/><SP WIDTH="20" VPOS="1444" HPOS="651"/><String ID="p277_w240" CONTENT="communicates" HPOS="671" VPOS="1444" WIDTH="246" HEIGHT="75" STYLEREFS="font0"/><SP WIDTH="12" VPOS="1444" HPOS="917"/><String ID="p277_w241" CONTENT="with" HPOS="929" VPOS="1444" WIDTH="80" HEIGHT="75" STYLEREFS="font0"/><SP WIDTH="17" VPOS="1444" HPOS="1009"/><String ID="p277_w242" CONTENT="the" HPOS="1026" VPOS="1444" WIDTH="56" HEIGHT="75" STYLEREFS="font0"/><SP WIDTH="13" VPOS="1444" HPOS="1082"/><String ID="p277_w243" CONTENT="right" HPOS="1095" VPOS="1444" WIDTH="87" HEIGHT="75" STYLEREFS="font0"/></TextLine><TextLine WIDTH="1030" HEIGHT="75" ID="p277_t31" HPOS="151" VPOS="1491"><String ID="p277_w244" CONTENT="gaftrica;" HPOS="151" VPOS="1491" WIDTH="155" HEIGHT="75" STYLEREFS="font0"/><SP WIDTH="26" VPOS="1491" HPOS="306"/><String ID="p277_w245" CONTENT="and" HPOS="332" VPOS="1491" WIDTH="63" HEIGHT="75" STYLEREFS="font0"/><SP WIDTH="14" VPOS="1491" HPOS="395"/><String ID="p277_w246" CONTENT="from" HPOS="409" VPOS="1491" WIDTH="86" HEIGHT="75" STYLEREFS="font0"/><SP WIDTH="11" VPOS="1491" HPOS="495"/><String ID="p277_w247" CONTENT="this" HPOS="506" VPOS="1491" WIDTH="64" HEIGHT="75" STYLEREFS="font0"/><SP WIDTH="13" VPOS="1491" HPOS="570"/><String ID="p277_w248" CONTENT="union," HPOS="583" VPOS="1491" WIDTH="109" HEIGHT="75" STYLEREFS="font0"/><SP WIDTH="18" VPOS="1491" HPOS="692"/><String ID="p277_w249" CONTENT="the" HPOS="710" VPOS="1491" WIDTH="56" HEIGHT="75" STYLEREFS="font0"/><SP WIDTH="10" VPOS="1491" HPOS="766"/><String ID="p277_w250" CONTENT="gaftro-epiploicae" HPOS="776" VPOS="1491" WIDTH="283" HEIGHT="75" STYLEREFS="font0"/><SP WIDTH="12" VPOS="1491" HPOS="1059"/><String ID="p277_w251" CONTENT="mediae" HPOS="1071" VPOS="1491" WIDTH="110" HEIGHT="75" STYLEREFS="font0"/></TextLine><TextLine WIDTH="245" HEIGHT="75" ID="p277_t32" HPOS="151" VPOS="1538"><String ID="p277_w252" CONTENT="are" HPOS="151" VPOS="1538" WIDTH="53" HEIGHT="75" STYLEREFS="font0"/><SP WIDTH="12" VPOS="1538" HPOS="204"/><String ID="p277_w253" CONTENT="produced." HPOS="216" VPOS="1538" WIDTH="180" HEIGHT="75" STYLEREFS="font0"/></TextLine><TextLine WIDTH="984" HEIGHT="75" ID="p277_t33" HPOS="197" VPOS="1583"><String ID="p277_w254" CONTENT="Afterwards," HPOS="197" VPOS="1583" WIDTH="216" HEIGHT="75" STYLEREFS="font0"/><SP WIDTH="26" VPOS="1583" HPOS="413"/><String ID="p277_w255" CONTENT="the" HPOS="439" VPOS="1583" WIDTH="56" HEIGHT="75" STYLEREFS="font0"/><SP WIDTH="24" VPOS="1583" HPOS="495"/><String ID="p277_w256" CONTENT="fplenic" HPOS="519" VPOS="1583" WIDTH="117" HEIGHT="75" STYLEREFS="font0"/><SP WIDTH="25" VPOS="1583" HPOS="636"/><String ID="p277_w257" CONTENT="artery" HPOS="661" VPOS="1583" WIDTH="108" HEIGHT="75" STYLEREFS="font0"/><SP WIDTH="21" VPOS="1583" HPOS="769"/><String ID="p277_w258" CONTENT="advances" HPOS="790" VPOS="1583" WIDTH="154" HEIGHT="75" STYLEREFS="font0"/><SP WIDTH="25" VPOS="1583" HPOS="944"/><String ID="p277_w259" CONTENT="towards" HPOS="969" VPOS="1583" WIDTH="140" HEIGHT="75" STYLEREFS="font0"/><SP WIDTH="16" VPOS="1583" HPOS="1109"/><String ID="p277_w260" CONTENT="the" HPOS="1125" VPOS="1583" WIDTH="56" HEIGHT="75" STYLEREFS="font0"/></TextLine><TextLine WIDTH="1032" HEIGHT="75" ID="p277_t34" HPOS="149" VPOS="1630"><String ID="p277_w261" CONTENT="fpleen," HPOS="149" VPOS="1630" WIDTH="119" HEIGHT="75" STYLEREFS="font0"/><SP WIDTH="24" VPOS="1630" HPOS="268"/><String ID="p277_w262" CONTENT="in" HPOS="292" VPOS="1630" WIDTH="34" HEIGHT="75" STYLEREFS="font0"/><SP WIDTH="16" VPOS="1630" HPOS="326"/><String ID="p277_w263" CONTENT="a" HPOS="342" VPOS="1630" WIDTH="19" HEIGHT="75" STYLEREFS="font0"/><SP WIDTH="16" VPOS="1630" HPOS="361"/><String ID="p277_w264" CONTENT="courfe" HPOS="377" VPOS="1630" WIDTH="110" HEIGHT="75" STYLEREFS="font0"/><SP WIDTH="16" VPOS="1630" HPOS="487"/><String ID="p277_w265" CONTENT="more" HPOS="503" VPOS="1630" WIDTH="89" HEIGHT="75" STYLEREFS="font0"/><SP WIDTH="17" VPOS="1630" HPOS="592"/><String ID="p277_w266" CONTENT="or" HPOS="609" VPOS="1630" WIDTH="37" HEIGHT="75" STYLEREFS="font0"/><SP WIDTH="16" VPOS="1630" HPOS="646"/><String ID="p277_w267" CONTENT="lefs" HPOS="662" VPOS="1630" WIDTH="60" HEIGHT="75" STYLEREFS="font0"/><SP WIDTH="17" VPOS="1630" HPOS="722"/><String ID="p277_w268" CONTENT="contorted;" HPOS="739" VPOS="1630" WIDTH="189" HEIGHT="75" STYLEREFS="font0"/><SP WIDTH="26" VPOS="1630" HPOS="928"/><String ID="p277_w269" CONTENT="but" HPOS="954" VPOS="1630" WIDTH="57" HEIGHT="75" STYLEREFS="font0"/><SP WIDTH="16" VPOS="1630" HPOS="1011"/><String ID="p277_w270" CONTENT="before" HPOS="1027" VPOS="1630" WIDTH="112" HEIGHT="75" STYLEREFS="font0"/><SP WIDTH="17" VPOS="1630" HPOS="1139"/><String ID="p277_w271" CONTENT="it" HPOS="1156" VPOS="1630" WIDTH="25" HEIGHT="75" STYLEREFS="font0"/></TextLine><TextLine WIDTH="1029" HEIGHT="75" ID="p277_t35" HPOS="150" VPOS="1676"><String ID="p277_w272" CONTENT="arrives" HPOS="150" VPOS="1676" WIDTH="120" HEIGHT="75" STYLEREFS="font0"/><SP WIDTH="25" VPOS="1676" HPOS="270"/><String ID="p277_w273" CONTENT="at" HPOS="295" VPOS="1676" WIDTH="34" HEIGHT="75" STYLEREFS="font0"/><SP WIDTH="18" VPOS="1676" HPOS="329"/><String ID="p277_w274" CONTENT="that" HPOS="347" VPOS="1676" WIDTH="73" HEIGHT="75" STYLEREFS="font0"/><SP WIDTH="22" VPOS="1676" HPOS="420"/><String ID="p277_w275" CONTENT="vifcus," HPOS="442" VPOS="1676" WIDTH="116" HEIGHT="75" STYLEREFS="font0"/><SP WIDTH="25" VPOS="1676" HPOS="558"/><String ID="p277_w276" CONTENT="it" HPOS="583" VPOS="1676" WIDTH="27" HEIGHT="75" STYLEREFS="font0"/><SP WIDTH="16" VPOS="1676" HPOS="610"/><String ID="p277_w277" CONTENT="gives" HPOS="626" VPOS="1676" WIDTH="88" HEIGHT="75" STYLEREFS="font0"/><SP WIDTH="17" VPOS="1676" HPOS="714"/><String ID="p277_w278" CONTENT="two" HPOS="731" VPOS="1676" WIDTH="66" HEIGHT="75" STYLEREFS="font0"/><SP WIDTH="15" VPOS="1676" HPOS="797"/><String ID="p277_w279" CONTENT="or" HPOS="812" VPOS="1676" WIDTH="39" HEIGHT="75" STYLEREFS="font0"/><SP WIDTH="15" VPOS="1676" HPOS="851"/><String ID="p277_w280" CONTENT="three" HPOS="866" VPOS="1676" WIDTH="91" HEIGHT="75" STYLEREFS="font0"/><SP WIDTH="17" VPOS="1676" HPOS="957"/><String ID="p277_w281" CONTENT="branches" HPOS="974" VPOS="1676" WIDTH="154" HEIGHT="75" STYLEREFS="font0"/><SP WIDTH="16" VPOS="1676" HPOS="1128"/><String ID="p277_w282" CONTENT="to" HPOS="1144" VPOS="1676" WIDTH="35" HEIGHT="75" STYLEREFS="font0"/></TextLine><TextLine WIDTH="1037" HEIGHT="75" ID="p277_t36" HPOS="150" VPOS="1723"><String ID="p277_w283" CONTENT="the" HPOS="150" VPOS="1723" WIDTH="56" HEIGHT="75" STYLEREFS="font0"/><SP WIDTH="27" VPOS="1723" HPOS="206"/><String ID="p277_w284" CONTENT="large" HPOS="233" VPOS="1723" WIDTH="89" HEIGHT="75" STYLEREFS="font0"/><SP WIDTH="23" VPOS="1723" HPOS="322"/><String ID="p277_w285" CONTENT="extremity" HPOS="345" VPOS="1723" WIDTH="177" HEIGHT="75" STYLEREFS="font0"/><SP WIDTH="23" VPOS="1723" HPOS="522"/><String ID="p277_w286" CONTENT="of" HPOS="545" VPOS="1723" WIDTH="40" HEIGHT="75" STYLEREFS="font0"/><SP WIDTH="23" VPOS="1723" HPOS="585"/><String ID="p277_w287" CONTENT="the" HPOS="608" VPOS="1723" WIDTH="57" HEIGHT="75" STYLEREFS="font0"/><SP WIDTH="25" VPOS="1723" HPOS="665"/><String ID="p277_w288" CONTENT="ftomach," HPOS="690" VPOS="1723" WIDTH="153" HEIGHT="75" STYLEREFS="font0"/><SP WIDTH="25" VPOS="1723" HPOS="843"/><String ID="p277_w289" CONTENT="commonly" HPOS="868" VPOS="1723" WIDTH="182" HEIGHT="75" STYLEREFS="font0"/><SP WIDTH="27" VPOS="1723" HPOS="1050"/><String ID="p277_w290" CONTENT="called" HPOS="1077" VPOS="1723" WIDTH="110" HEIGHT="75" STYLEREFS="font0"/></TextLine><TextLine WIDTH="1028" HEIGHT="75" ID="p277_t37" HPOS="150" VPOS="1770"><String ID="p277_w291" CONTENT="vafa" HPOS="150" VPOS="1770" WIDTH="78" HEIGHT="75" STYLEREFS="font0"/><SP WIDTH="16" VPOS="1770" HPOS="228"/><String ID="p277_w292" CONTENT="brevia" HPOS="244" VPOS="1770" WIDTH="111" HEIGHT="75" STYLEREFS="font0"/><SP WIDTH="12" VPOS="1770" HPOS="355"/><String ID="p277_w293" CONTENT=";" HPOS="367" VPOS="1770" WIDTH="10" HEIGHT="75" STYLEREFS="font0"/><SP WIDTH="28" VPOS="1770" HPOS="377"/><String ID="p277_w294" CONTENT="and" HPOS="405" VPOS="1770" WIDTH="62" HEIGHT="75" STYLEREFS="font0"/><SP WIDTH="17" VPOS="1770" HPOS="467"/><String ID="p277_w295" CONTENT="one" HPOS="484" VPOS="1770" WIDTH="60" HEIGHT="75" STYLEREFS="font0"/><SP WIDTH="21" VPOS="1770" HPOS="544"/><String ID="p277_w296" CONTENT="to" HPOS="565" VPOS="1770" WIDTH="35" HEIGHT="75" STYLEREFS="font0"/><SP WIDTH="16" VPOS="1770" HPOS="600"/><String ID="p277_w297" CONTENT="the" HPOS="616" VPOS="1770" WIDTH="55" HEIGHT="75" STYLEREFS="font0"/><SP WIDTH="17" VPOS="1770" HPOS="671"/><String ID="p277_w298" CONTENT="omentum," HPOS="688" VPOS="1770" WIDTH="174" HEIGHT="75" STYLEREFS="font0"/><SP WIDTH="26" VPOS="1770" HPOS="862"/><String ID="p277_w299" CONTENT="named" HPOS="888" VPOS="1770" WIDTH="114" HEIGHT="75" STYLEREFS="font0"/><SP WIDTH="11" VPOS="1770" HPOS="1002"/><String ID="p277_w300" CONTENT="epiploica." HPOS="1013" VPOS="1770" WIDTH="165" HEIGHT="75" STYLEREFS="font0"/></TextLine><TextLine WIDTH="981" HEIGHT="75" ID="p277_t38" HPOS="197" VPOS="1815"><String ID="p277_w301" CONTENT="At" HPOS="197" VPOS="1815" WIDTH="48" HEIGHT="75" STYLEREFS="font0"/><SP WIDTH="24" VPOS="1815" HPOS="245"/><String ID="p277_w302" CONTENT="the" HPOS="269" VPOS="1815" WIDTH="56" HEIGHT="75" STYLEREFS="font0"/><SP WIDTH="23" VPOS="1815" HPOS="325"/><String ID="p277_w303" CONTENT="fpleen," HPOS="348" VPOS="1815" WIDTH="119" HEIGHT="75" STYLEREFS="font0"/><SP WIDTH="26" VPOS="1815" HPOS="467"/><String ID="p277_w304" CONTENT="this" HPOS="493" VPOS="1815" WIDTH="64" HEIGHT="75" STYLEREFS="font0"/><SP WIDTH="25" VPOS="1815" HPOS="557"/><String ID="p277_w305" CONTENT="artery" HPOS="582" VPOS="1815" WIDTH="108" HEIGHT="75" STYLEREFS="font0"/><SP WIDTH="24" VPOS="1815" HPOS="690"/><String ID="p277_w306" CONTENT="divides" HPOS="714" VPOS="1815" WIDTH="121" HEIGHT="75" STYLEREFS="font0"/><SP WIDTH="31" VPOS="1815" HPOS="835"/><String ID="p277_w307" CONTENT="into" HPOS="866" VPOS="1815" WIDTH="68" HEIGHT="75" STYLEREFS="font0"/><SP WIDTH="26" VPOS="1815" HPOS="934"/><String ID="p277_w308" CONTENT="four" HPOS="960" VPOS="1815" WIDTH="73" HEIGHT="75" STYLEREFS="font0"/><SP WIDTH="25" VPOS="1815" HPOS="1033"/><String ID="p277_w309" CONTENT="or" HPOS="1058" VPOS="1815" WIDTH="37" HEIGHT="75" STYLEREFS="font0"/><SP WIDTH="22" VPOS="1815" HPOS="1095"/><String ID="p277_w310" CONTENT="five" HPOS="1117" VPOS="1815" WIDTH="61" HEIGHT="75" STYLEREFS="font0"/></TextLine><TextLine WIDTH="1029" HEIGHT="75" ID="p277_t39" HPOS="149" VPOS="1862"><String ID="p277_w311" CONTENT="branches," HPOS="149" VPOS="1862" WIDTH="167" HEIGHT="75" STYLEREFS="font0"/><SP WIDTH="25" VPOS="1862" HPOS="316"/><String ID="p277_w312" CONTENT="which" HPOS="341" VPOS="1862" WIDTH="108" HEIGHT="75" STYLEREFS="font0"/><SP WIDTH="24" VPOS="1862" HPOS="449"/><String ID="p277_w313" CONTENT="enter" HPOS="473" VPOS="1862" WIDTH="91" HEIGHT="75" STYLEREFS="font0"/><SP WIDTH="27" VPOS="1862" HPOS="564"/><String ID="p277_w314" CONTENT="that" HPOS="591" VPOS="1862" WIDTH="72" HEIGHT="75" STYLEREFS="font0"/><SP WIDTH="24" VPOS="1862" HPOS="663"/><String ID="p277_w315" CONTENT="vifcus," HPOS="687" VPOS="1862" WIDTH="113" HEIGHT="75" STYLEREFS="font0"/><SP WIDTH="32" VPOS="1862" HPOS="800"/><String ID="p277_w316" CONTENT="after" HPOS="832" VPOS="1862" WIDTH="84" HEIGHT="75" STYLEREFS="font0"/><SP WIDTH="24" VPOS="1862" HPOS="916"/><String ID="p277_w317" CONTENT="having" HPOS="940" VPOS="1862" WIDTH="119" HEIGHT="75" STYLEREFS="font0"/><SP WIDTH="26" VPOS="1862" HPOS="1059"/><String ID="p277_w318" CONTENT="given" HPOS="1085" VPOS="1862" WIDTH="93" HEIGHT="75" STYLEREFS="font0"/></TextLine><TextLine WIDTH="1056" HEIGHT="75" ID="p277_t40" HPOS="122" VPOS="1909"><String ID="p277_w319" CONTENT="I" HPOS="122" VPOS="1909" WIDTH="10" HEIGHT="75" STYLEREFS="font0"/><SP WIDTH="15" VPOS="1909" HPOS="132"/><String ID="p277_w320" CONTENT="fome" HPOS="147" VPOS="1909" WIDTH="87" HEIGHT="75" STYLEREFS="font0"/><SP WIDTH="17" VPOS="1909" HPOS="234"/><String ID="p277_w321" CONTENT="fmall" HPOS="251" VPOS="1909" WIDTH="90" HEIGHT="75" STYLEREFS="font0"/><SP WIDTH="26" VPOS="1909" HPOS="341"/><String ID="p277_w322" CONTENT="twigs" HPOS="367" VPOS="1909" WIDTH="94" HEIGHT="75" STYLEREFS="font0"/><SP WIDTH="25" VPOS="1909" HPOS="461"/><String ID="p277_w323" CONTENT="to" HPOS="486" VPOS="1909" WIDTH="35" HEIGHT="75" STYLEREFS="font0"/><SP WIDTH="23" VPOS="1909" HPOS="521"/><String ID="p277_w324" CONTENT="the" HPOS="544" VPOS="1909" WIDTH="56" HEIGHT="75" STYLEREFS="font0"/><SP WIDTH="27" VPOS="1909" HPOS="600"/><String ID="p277_w325" CONTENT="neighbouring" HPOS="627" VPOS="1909" WIDTH="233" HEIGHT="75" STYLEREFS="font0"/><SP WIDTH="15" VPOS="1909" HPOS="860"/><String ID="p277_w326" CONTENT="parts" HPOS="875" VPOS="1909" WIDTH="89" HEIGHT="75" STYLEREFS="font0"/><SP WIDTH="16" VPOS="1909" HPOS="964"/><String ID="p277_w327" CONTENT="of" HPOS="980" VPOS="1909" WIDTH="40" HEIGHT="75" STYLEREFS="font0"/><SP WIDTH="19" VPOS="1909" HPOS="1020"/><String ID="p277_w328" CONTENT="the" HPOS="1039" VPOS="1909" WIDTH="56" HEIGHT="75" STYLEREFS="font0"/><SP WIDTH="21" VPOS="1909" HPOS="1095"/><String ID="p277_w329" CONTENT="fto-" HPOS="1116" VPOS="1909" WIDTH="62" HEIGHT="75" STYLEREFS="font0"/></TextLine><TextLine WIDTH="364" HEIGHT="75" ID="p277_t41" HPOS="147" VPOS="1955"><String ID="p277_w330" CONTENT="mach" HPOS="147" VPOS="1955" WIDTH="94" HEIGHT="75" STYLEREFS="font0"/><SP WIDTH="16" VPOS="1955" HPOS="241"/><String ID="p277_w331" CONTENT="and" HPOS="257" VPOS="1955" WIDTH="63" HEIGHT="75" STYLEREFS="font0"/><SP WIDTH="15" VPOS="1955" HPOS="320"/><String ID="p277_w332" CONTENT="omentum." HPOS="335" VPOS="1955" WIDTH="176" HEIGHT="75" STYLEREFS="font0"/></TextLine><TextLine WIDTH="985" HEIGHT="75" ID="p277_t42" HPOS="194" VPOS="2001"><String ID="p277_w333" CONTENT="The" HPOS="194" VPOS="2001" WIDTH="77" HEIGHT="75" STYLEREFS="font0"/><SP WIDTH="19" VPOS="2001" HPOS="271"/><String ID="p277_w334" CONTENT="fuperior" HPOS="290" VPOS="2001" WIDTH="142" HEIGHT="75" STYLEREFS="font0"/><SP WIDTH="24" VPOS="2001" HPOS="432"/><String ID="p277_w335" CONTENT="mefenteric" HPOS="456" VPOS="2001" WIDTH="186" HEIGHT="75" STYLEREFS="font0"/><SP WIDTH="21" VPOS="2001" HPOS="642"/><String ID="p277_w336" CONTENT="artery" HPOS="663" VPOS="2001" WIDTH="109" HEIGHT="75" STYLEREFS="font0"/><SP WIDTH="16" VPOS="2001" HPOS="772"/><String ID="p277_w337" CONTENT="arifes" HPOS="788" VPOS="2001" WIDTH="94" HEIGHT="75" STYLEREFS="font0"/><SP WIDTH="18" VPOS="2001" HPOS="882"/><String ID="p277_w338" CONTENT="anteriorly" HPOS="900" VPOS="2001" WIDTH="175" HEIGHT="75" STYLEREFS="font0"/><SP WIDTH="17" VPOS="2001" HPOS="1075"/><String ID="p277_w339" CONTENT="from" HPOS="1092" VPOS="2001" WIDTH="87" HEIGHT="75" STYLEREFS="font0"/></TextLine><TextLine WIDTH="1031" HEIGHT="75" ID="p277_t43" HPOS="147" VPOS="2048"><String ID="p277_w340" CONTENT="the" HPOS="147" VPOS="2048" WIDTH="56" HEIGHT="75" STYLEREFS="font0"/><SP WIDTH="15" VPOS="2048" HPOS="203"/><String ID="p277_w341" CONTENT="lower" HPOS="218" VPOS="2048" WIDTH="99" HEIGHT="75" STYLEREFS="font0"/><SP WIDTH="17" VPOS="2048" HPOS="317"/><String ID="p277_w342" CONTENT="portion" HPOS="334" VPOS="2048" WIDTH="128" HEIGHT="75" STYLEREFS="font0"/><SP WIDTH="24" VPOS="2048" HPOS="462"/><String ID="p277_w343" CONTENT="of" HPOS="486" VPOS="2048" WIDTH="40" HEIGHT="75" STYLEREFS="font0"/><SP WIDTH="19" VPOS="2048" HPOS="526"/><String ID="p277_w344" CONTENT="the" HPOS="545" VPOS="2048" WIDTH="56" HEIGHT="75" STYLEREFS="font0"/><SP WIDTH="23" VPOS="2048" HPOS="601"/><String ID="p277_w345" CONTENT="defeending" HPOS="624" VPOS="2048" WIDTH="191" HEIGHT="75" STYLEREFS="font0"/><SP WIDTH="24" VPOS="2048" HPOS="815"/><String ID="p277_w346" CONTENT="aorta," HPOS="839" VPOS="2048" WIDTH="101" HEIGHT="75" STYLEREFS="font0"/><SP WIDTH="26" VPOS="2048" HPOS="940"/><String ID="p277_w347" CONTENT="a" HPOS="966" VPOS="2048" WIDTH="19" HEIGHT="75" STYLEREFS="font0"/><SP WIDTH="16" VPOS="2048" HPOS="985"/><String ID="p277_w348" CONTENT="very" HPOS="1001" VPOS="2048" WIDTH="78" HEIGHT="75" STYLEREFS="font0"/><SP WIDTH="15" VPOS="2048" HPOS="1079"/><String ID="p277_w349" CONTENT="little" HPOS="1094" VPOS="2048" WIDTH="84" HEIGHT="75" STYLEREFS="font0"/></TextLine><TextLine WIDTH="1030" HEIGHT="75" ID="p277_t44" HPOS="148" VPOS="2093"><String ID="p277_w350" CONTENT="Vyay" HPOS="148" VPOS="2093" WIDTH="73" HEIGHT="75" STYLEREFS="font0"/><SP WIDTH="14" VPOS="2093" HPOS="221"/><String ID="p277_w351" CONTENT="below" HPOS="235" VPOS="2093" WIDTH="105" HEIGHT="75" STYLEREFS="font0"/><SP WIDTH="22" VPOS="2093" HPOS="340"/><String ID="p277_w352" CONTENT="the" HPOS="362" VPOS="2093" WIDTH="57" HEIGHT="75" STYLEREFS="font0"/><SP WIDTH="24" VPOS="2093" HPOS="419"/><String ID="p277_w353" CONTENT="casliaca," HPOS="443" VPOS="2093" WIDTH="138" HEIGHT="75" STYLEREFS="font0"/><SP WIDTH="26" VPOS="2093" HPOS="581"/><String ID="p277_w354" CONTENT="going" HPOS="607" VPOS="2093" WIDTH="98" HEIGHT="75" STYLEREFS="font0"/><SP WIDTH="24" VPOS="2093" HPOS="705"/><String ID="p277_w355" CONTENT="out" HPOS="729" VPOS="2093" WIDTH="58" HEIGHT="75" STYLEREFS="font0"/><SP WIDTH="24" VPOS="2093" HPOS="787"/><String ID="p277_w356" CONTENT="a" HPOS="811" VPOS="2093" WIDTH="18" HEIGHT="75" STYLEREFS="font0"/><SP WIDTH="23" VPOS="2093" HPOS="829"/><String ID="p277_w357" CONTENT="little" HPOS="852" VPOS="2093" WIDTH="85" HEIGHT="75" STYLEREFS="font0"/><SP WIDTH="14" VPOS="2093" HPOS="937"/><String ID="p277_w358" CONTENT=".towards" HPOS="951" VPOS="2093" WIDTH="151" HEIGHT="75" STYLEREFS="font0"/><SP WIDTH="20" VPOS="2093" HPOS="1102"/><String ID="p277_w359" CONTENT="the" HPOS="1122" VPOS="2093" WIDTH="56" HEIGHT="75" STYLEREFS="font0"/></TextLine><TextLine WIDTH="1029" HEIGHT="75" ID="p277_t45" HPOS="149" VPOS="2139"><String ID="p277_w360" CONTENT="right" HPOS="149" VPOS="2139" WIDTH="87" HEIGHT="75" STYLEREFS="font0"/><SP WIDTH="23" VPOS="2139" HPOS="236"/><String ID="p277_w361" CONTENT="hand," HPOS="259" VPOS="2139" WIDTH="98" HEIGHT="75" STYLEREFS="font0"/><SP WIDTH="26" VPOS="2139" HPOS="357"/><String ID="p277_w362" CONTENT="but" HPOS="383" VPOS="2139" WIDTH="58" HEIGHT="75" STYLEREFS="font0"/><SP WIDTH="23" VPOS="2139" HPOS="441"/><String ID="p277_w363" CONTENT="bending" HPOS="464" VPOS="2139" WIDTH="139" HEIGHT="75" STYLEREFS="font0"/><SP WIDTH="24" VPOS="2139" HPOS="603"/><String ID="p277_w364" CONTENT="immediately" HPOS="627" VPOS="2139" WIDTH="217" HEIGHT="75" STYLEREFS="font0"/><SP WIDTH="22" VPOS="2139" HPOS="844"/><String ID="p277_w365" CONTENT="afterwards" HPOS="866" VPOS="2139" WIDTH="188" HEIGHT="75" STYLEREFS="font0"/><SP WIDTH="16" VPOS="2139" HPOS="1054"/><String ID="p277_w366" CONTENT="to" HPOS="1070" VPOS="2139" WIDTH="36" HEIGHT="75" STYLEREFS="font0"/><SP WIDTH="16" VPOS="2139" HPOS="1106"/><String ID="p277_w367" CONTENT="the" HPOS="1122" VPOS="2139" WIDTH="56" HEIGHT="75" STYLEREFS="font0"/></TextLine><TextLine WIDTH="107" HEIGHT="75" ID="p277_t46" HPOS="145" VPOS="2187"><String ID="p277_w368" CONTENT="left." HPOS="145" VPOS="2187" WIDTH="75" HEIGHT="75" STYLEREFS="font0"/><SP WIDTH="26" VPOS="2187" HPOS="220"/><String ID="p277_w369" CONTENT="," HPOS="246" VPOS="2187" WIDTH="6" HEIGHT="75" STYLEREFS="font0"/></TextLine><TextLine WIDTH="982" HEIGHT="75" ID="p277_t47" HPOS="194" VPOS="2233"><String ID="p277_w370" CONTENT="Near" HPOS="194" VPOS="2233" WIDTH="90" HEIGHT="75" STYLEREFS="font0"/><SP WIDTH="24" VPOS="2233" HPOS="284"/><String ID="p277_w371" CONTENT="its" HPOS="308" VPOS="2233" WIDTH="41" HEIGHT="75" STYLEREFS="font0"/><SP WIDTH="25" VPOS="2233" HPOS="349"/><String ID="p277_w372" CONTENT="origin," HPOS="374" VPOS="2233" WIDTH="118" HEIGHT="75" STYLEREFS="font0"/><SP WIDTH="25" VPOS="2233" HPOS="492"/><String ID="p277_w373" CONTENT="it" HPOS="517" VPOS="2233" WIDTH="27" HEIGHT="75" STYLEREFS="font0"/><SP WIDTH="26" VPOS="2233" HPOS="544"/><String ID="p277_w374" CONTENT="gives" HPOS="570" VPOS="2233" WIDTH="87" HEIGHT="75" STYLEREFS="font0"/><SP WIDTH="24" VPOS="2233" HPOS="657"/><String ID="p277_w375" CONTENT="off" HPOS="681" VPOS="2233" WIDTH="52" HEIGHT="75" STYLEREFS="font0"/><SP WIDTH="18" VPOS="2233" HPOS="733"/><String ID="p277_w376" CONTENT="a" HPOS="751" VPOS="2233" WIDTH="19" HEIGHT="75" STYLEREFS="font0"/><SP WIDTH="25" VPOS="2233" HPOS="770"/><String ID="p277_w377" CONTENT="fmalh" HPOS="795" VPOS="2233" WIDTH="106" HEIGHT="75" STYLEREFS="font0"/><SP WIDTH="7" VPOS="2233" HPOS="901"/><String ID="p277_w378" CONTENT="branch," HPOS="908" VPOS="2233" WIDTH="133" HEIGHT="75" STYLEREFS="font0"/><SP WIDTH="26" VPOS="2233" HPOS="1041"/><String ID="p277_w379" CONTENT="which" HPOS="1067" VPOS="2233" WIDTH="109" HEIGHT="75" STYLEREFS="font0"/></TextLine><TextLine WIDTH="1035" HEIGHT="75" ID="p277_t48" HPOS="147" VPOS="2279"><String ID="p277_w380" CONTENT="dividing" HPOS="147" VPOS="2279" WIDTH="140" HEIGHT="75" STYLEREFS="font0"/><SP WIDTH="16" VPOS="2279" HPOS="287"/><String ID="p277_w381" CONTENT="into" HPOS="303" VPOS="2279" WIDTH="69" HEIGHT="75" STYLEREFS="font0"/><SP WIDTH="16" VPOS="2279" HPOS="372"/><String ID="p277_w382" CONTENT="two," HPOS="388" VPOS="2279" WIDTH="77" HEIGHT="75" STYLEREFS="font0"/><SP WIDTH="25" VPOS="2279" HPOS="465"/><String ID="p277_w383" CONTENT="goes" HPOS="490" VPOS="2279" WIDTH="78" HEIGHT="75" STYLEREFS="font0"/><SP WIDTH="17" VPOS="2279" HPOS="568"/><String ID="p277_w384" CONTENT="to" HPOS="585" VPOS="2279" WIDTH="35" HEIGHT="75" STYLEREFS="font0"/><SP WIDTH="16" VPOS="2279" HPOS="620"/><String ID="p277_w385" CONTENT="the" HPOS="636" VPOS="2279" WIDTH="55" HEIGHT="75" STYLEREFS="font0"/><SP WIDTH="16" VPOS="2279" HPOS="691"/><String ID="p277_w386" CONTENT="lower" HPOS="707" VPOS="2279" WIDTH="101" HEIGHT="75" STYLEREFS="font0"/><SP WIDTH="19" VPOS="2279" HPOS="808"/><String ID="p277_w387" CONTENT="fide" HPOS="827" VPOS="2279" WIDTH="63" HEIGHT="75" STYLEREFS="font0"/><SP WIDTH="23" VPOS="2279" HPOS="890"/><String ID="p277_w388" CONTENT="of" HPOS="913" VPOS="2279" WIDTH="40" HEIGHT="75" STYLEREFS="font0"/><SP WIDTH="18" VPOS="2279" HPOS="953"/><String ID="p277_w389" CONTENT="the" HPOS="971" VPOS="2279" WIDTH="54" HEIGHT="75" STYLEREFS="font0"/><SP WIDTH="17" VPOS="2279" HPOS="1025"/><String ID="p277_w390" CONTENT="head" HPOS="1042" VPOS="2279" WIDTH="83" HEIGHT="75" STYLEREFS="font0"/><SP WIDTH="15" VPOS="2279" HPOS="1125"/><String ID="p277_w391" CONTENT="of" HPOS="1140" VPOS="2279" WIDTH="42" HEIGHT="75" STYLEREFS="font0"/></TextLine><TextLine WIDTH="1026" HEIGHT="75" ID="p277_t49" HPOS="147" VPOS="2327"><String ID="p277_w392" CONTENT="the" HPOS="147" VPOS="2327" WIDTH="54" HEIGHT="75" STYLEREFS="font0"/><SP WIDTH="24" VPOS="2327" HPOS="201"/><String ID="p277_w393" CONTENT="pancreas," HPOS="225" VPOS="2327" WIDTH="163" HEIGHT="75" STYLEREFS="font0"/><SP WIDTH="26" VPOS="2327" HPOS="388"/><String ID="p277_w394" CONTENT="and" HPOS="414" VPOS="2327" WIDTH="63" HEIGHT="75" STYLEREFS="font0"/><SP WIDTH="18" VPOS="2327" HPOS="477"/><String ID="p277_w395" CONTENT="neighbouring" HPOS="495" VPOS="2327" WIDTH="233" HEIGHT="75" STYLEREFS="font0"/><SP WIDTH="24" VPOS="2327" HPOS="728"/><String ID="p277_w396" CONTENT="part" HPOS="752" VPOS="2327" WIDTH="72" HEIGHT="75" STYLEREFS="font0"/><SP WIDTH="25" VPOS="2327" HPOS="824"/><String ID="p277_w397" CONTENT="of" HPOS="849" VPOS="2327" WIDTH="40" HEIGHT="75" STYLEREFS="font0"/><SP WIDTH="19" VPOS="2327" HPOS="889"/><String ID="p277_w398" CONTENT="the" HPOS="908" VPOS="2327" WIDTH="55" HEIGHT="75" STYLEREFS="font0"/><SP WIDTH="16" VPOS="2327" HPOS="963"/><String ID="p277_w399" CONTENT="duodenum," HPOS="979" VPOS="2327" WIDTH="194" HEIGHT="75" STYLEREFS="font0"/></TextLine><TextLine WIDTH="1029" HEIGHT="75" ID="p277_t50" HPOS="147" VPOS="2372"><String ID="p277_w400" CONTENT="communicating" HPOS="147" VPOS="2372" WIDTH="267" HEIGHT="75" STYLEREFS="font0"/><SP WIDTH="16" VPOS="2372" HPOS="414"/><String ID="p277_w401" CONTENT="with" HPOS="430" VPOS="2372" WIDTH="80" HEIGHT="75" STYLEREFS="font0"/><SP WIDTH="17" VPOS="2372" HPOS="510"/><String ID="p277_w402" CONTENT="the" HPOS="527" VPOS="2372" WIDTH="56" HEIGHT="75" STYLEREFS="font0"/><SP WIDTH="15" VPOS="2372" HPOS="583"/><String ID="p277_w403" CONTENT="inteftinalis" HPOS="598" VPOS="2372" WIDTH="185" HEIGHT="75" STYLEREFS="font0"/><SP WIDTH="17" VPOS="2372" HPOS="783"/><String ID="p277_w404" CONTENT="by" HPOS="800" VPOS="2372" WIDTH="44" HEIGHT="75" STYLEREFS="font0"/><SP WIDTH="14" VPOS="2372" HPOS="844"/><String ID="p277_w405" CONTENT="fmall" HPOS="858" VPOS="2372" WIDTH="90" HEIGHT="75" STYLEREFS="font0"/><SP WIDTH="17" VPOS="2372" HPOS="948"/><String ID="p277_w406" CONTENT="arches," HPOS="965" VPOS="2372" WIDTH="123" HEIGHT="75" STYLEREFS="font0"/><SP WIDTH="24" VPOS="2372" HPOS="1088"/><String ID="p277_w407" CONTENT="and" HPOS="1112" VPOS="2372" WIDTH="64" HEIGHT="75" STYLEREFS="font0"/></TextLine><TextLine WIDTH="315" HEIGHT="75" ID="p277_t51" HPOS="145" VPOS="2419"><String ID="p277_w408" CONTENT="areolae" HPOS="145" VPOS="2419" WIDTH="113" HEIGHT="75" STYLEREFS="font0"/><SP WIDTH="17" VPOS="2419" HPOS="258"/><String ID="p277_w409" CONTENT="or" HPOS="275" VPOS="2419" WIDTH="36" HEIGHT="75" STYLEREFS="font0"/><SP WIDTH="17" VPOS="2419" HPOS="311"/><String ID="p277_w410" CONTENT="maflies." HPOS="328" VPOS="2419" WIDTH="132" HEIGHT="75" STYLEREFS="font0"/></TextLine><TextLine WIDTH="24" HEIGHT="75" ID="p277_t52" HPOS="642" VPOS="2419"><String ID="p277_w411" CONTENT="_" HPOS="642" VPOS="2419" WIDTH="24" HEIGHT="75" STYLEREFS="font0"/></TextLine><TextLine WIDTH="981" HEIGHT="75" ID="p277_t53" HPOS="193" VPOS="2465"><String ID="p277_w412" CONTENT="Afterwards" HPOS="193" VPOS="2465" WIDTH="201" HEIGHT="75" STYLEREFS="font0"/><SP WIDTH="17" VPOS="2465" HPOS="394"/><String ID="p277_w413" CONTENT="it" HPOS="411" VPOS="2465" WIDTH="26" HEIGHT="75" STYLEREFS="font0"/><SP WIDTH="15" VPOS="2465" HPOS="437"/><String ID="p277_w414" CONTENT="paffes" HPOS="452" VPOS="2465" WIDTH="99" HEIGHT="75" STYLEREFS="font0"/><SP WIDTH="18" VPOS="2465" HPOS="551"/><String ID="p277_w415" CONTENT="over" HPOS="569" VPOS="2465" WIDTH="78" HEIGHT="75" STYLEREFS="font0"/><SP WIDTH="12" VPOS="2465" HPOS="647"/><String ID="p277_w416" CONTENT="the" HPOS="659" VPOS="2465" WIDTH="59" HEIGHT="75" STYLEREFS="font0"/><SP WIDTH="16" VPOS="2465" HPOS="718"/><String ID="p277_w417" CONTENT="duodenum," HPOS="734" VPOS="2465" WIDTH="195" HEIGHT="75" STYLEREFS="font0"/><SP WIDTH="25" VPOS="2465" HPOS="929"/><String ID="p277_w418" CONTENT="between" HPOS="954" VPOS="2465" WIDTH="145" HEIGHT="75" STYLEREFS="font0"/><SP WIDTH="11" VPOS="2465" HPOS="1099"/><String ID="p277_w419" CONTENT="this" HPOS="1110" VPOS="2465" WIDTH="64" HEIGHT="75" STYLEREFS="font0"/></TextLine><TextLine WIDTH="1027" HEIGHT="75" ID="p277_t54" HPOS="146" VPOS="2511"><String ID="p277_w420" CONTENT="inteftine" HPOS="146" VPOS="2511" WIDTH="144" HEIGHT="75" STYLEREFS="font0"/><SP WIDTH="17" VPOS="2511" HPOS="290"/><String ID="p277_w421" CONTENT="and" HPOS="307" VPOS="2511" WIDTH="62" HEIGHT="75" STYLEREFS="font0"/><SP WIDTH="16" VPOS="2511" HPOS="369"/><String ID="p277_w422" CONTENT="the" HPOS="385" VPOS="2511" WIDTH="55" HEIGHT="75" STYLEREFS="font0"/><SP WIDTH="19" VPOS="2511" HPOS="440"/><String ID="p277_w423" CONTENT="meferaic" HPOS="459" VPOS="2511" WIDTH="147" HEIGHT="75" STYLEREFS="font0"/><SP WIDTH="24" VPOS="2511" HPOS="606"/><String ID="p277_w424" CONTENT="vein," HPOS="630" VPOS="2511" WIDTH="85" HEIGHT="75" STYLEREFS="font0"/><SP WIDTH="24" VPOS="2511" HPOS="715"/><String ID="p277_w425" CONTENT="between" HPOS="739" VPOS="2511" WIDTH="146" HEIGHT="75" STYLEREFS="font0"/><SP WIDTH="15" VPOS="2511" HPOS="885"/><String ID="p277_w426" CONTENT="the" HPOS="900" VPOS="2511" WIDTH="56" HEIGHT="75" STYLEREFS="font0"/><SP WIDTH="16" VPOS="2511" HPOS="956"/><String ID="p277_w427" CONTENT="two" HPOS="972" VPOS="2511" WIDTH="66" HEIGHT="75" STYLEREFS="font0"/><SP WIDTH="12" VPOS="2511" HPOS="1038"/><String ID="p277_w428" CONTENT="laminae" HPOS="1050" VPOS="2511" WIDTH="123" HEIGHT="75" STYLEREFS="font0"/></TextLine><TextLine WIDTH="1026" HEIGHT="75" ID="p277_t55" HPOS="146" VPOS="2558"><String ID="p277_w429" CONTENT="of" HPOS="146" VPOS="2558" WIDTH="41" HEIGHT="75" STYLEREFS="font0"/><SP WIDTH="17" VPOS="2558" HPOS="187"/><String ID="p277_w430" CONTENT="the" HPOS="204" VPOS="2558" WIDTH="55" HEIGHT="75" STYLEREFS="font0"/><SP WIDTH="17" VPOS="2558" HPOS="259"/><String ID="p277_w431" CONTENT="mefentery;" HPOS="276" VPOS="2558" WIDTH="195" HEIGHT="75" STYLEREFS="font0"/><SP WIDTH="27" VPOS="2558" HPOS="471"/><String ID="p277_w432" CONTENT="and" HPOS="498" VPOS="2558" WIDTH="63" HEIGHT="75" STYLEREFS="font0"/><SP WIDTH="15" VPOS="2558" HPOS="561"/><String ID="p277_w433" CONTENT="then" HPOS="576" VPOS="2558" WIDTH="79" HEIGHT="75" STYLEREFS="font0"/><SP WIDTH="12" VPOS="2558" HPOS="655"/><String ID="p277_w434" CONTENT="bending" HPOS="667" VPOS="2558" WIDTH="138" HEIGHT="75" STYLEREFS="font0"/><SP WIDTH="15" VPOS="2558" HPOS="805"/><String ID="p277_w435" CONTENT="in" HPOS="820" VPOS="2558" WIDTH="32" HEIGHT="75" STYLEREFS="font0"/><SP WIDTH="18" VPOS="2558" HPOS="852"/><String ID="p277_w436" CONTENT="an" HPOS="870" VPOS="2558" WIDTH="39" HEIGHT="75" STYLEREFS="font0"/><SP WIDTH="12" VPOS="2558" HPOS="909"/><String ID="p277_w437" CONTENT="oblique" HPOS="921" VPOS="2558" WIDTH="132" HEIGHT="75" STYLEREFS="font0"/><SP WIDTH="16" VPOS="2558" HPOS="1053"/><String ID="p277_w438" CONTENT="direc-" HPOS="1069" VPOS="2558" WIDTH="103" HEIGHT="75" STYLEREFS="font0"/></TextLine><TextLine WIDTH="1028" HEIGHT="75" ID="p277_t56" HPOS="146" VPOS="2604"><String ID="p277_w439" CONTENT="tion" HPOS="146" VPOS="2604" WIDTH="67" HEIGHT="75" STYLEREFS="font0"/><SP WIDTH="23" VPOS="2604" HPOS="213"/><String ID="p277_w440" CONTENT="from" HPOS="236" VPOS="2604" WIDTH="84" HEIGHT="75" STYLEREFS="font0"/><SP WIDTH="17" VPOS="2604" HPOS="320"/><String ID="p277_w441" CONTENT="left" HPOS="337" VPOS="2604" WIDTH="60" HEIGHT="75" STYLEREFS="font0"/><SP WIDTH="16" VPOS="2604" HPOS="397"/><String ID="p277_w442" CONTENT="to" HPOS="413" VPOS="2604" WIDTH="35" HEIGHT="75" STYLEREFS="font0"/><SP WIDTH="25" VPOS="2604" HPOS="448"/><String ID="p277_w443" CONTENT="right," HPOS="473" VPOS="2604" WIDTH="98" HEIGHT="75" STYLEREFS="font0"/><SP WIDTH="26" VPOS="2604" HPOS="571"/><String ID="p277_w444" CONTENT="and" HPOS="597" VPOS="2604" WIDTH="63" HEIGHT="75" STYLEREFS="font0"/><SP WIDTH="23" VPOS="2604" HPOS="660"/><String ID="p277_w445" CONTENT="from" HPOS="683" VPOS="2604" WIDTH="85" HEIGHT="75" STYLEREFS="font0"/><SP WIDTH="17" VPOS="2604" HPOS="768"/><String ID="p277_w446" CONTENT="above" HPOS="785" VPOS="2604" WIDTH="100" HEIGHT="75" STYLEREFS="font0"/><SP WIDTH="22" VPOS="2604" HPOS="885"/><String ID="p277_w447" CONTENT="downward," HPOS="907" VPOS="2604" WIDTH="197" HEIGHT="75" STYLEREFS="font0"/><SP WIDTH="26" VPOS="2604" HPOS="1104"/><String ID="p277_w448" CONTENT="by" HPOS="1130" VPOS="2604" WIDTH="44" HEIGHT="75" STYLEREFS="font0"/></TextLine><TextLine WIDTH="1033" HEIGHT="75" ID="p277_t57" HPOS="146" VPOS="2650"><String ID="p277_w449" CONTENT="very" HPOS="146" VPOS="2650" WIDTH="78" HEIGHT="75" STYLEREFS="font0"/><SP WIDTH="16" VPOS="2650" HPOS="224"/><String ID="p277_w450" CONTENT="fmall" HPOS="240" VPOS="2650" WIDTH="89" HEIGHT="75" STYLEREFS="font0"/><SP WIDTH="16" VPOS="2650" HPOS="329"/><String ID="p277_w451" CONTENT="degrees," HPOS="345" VPOS="2650" WIDTH="146" HEIGHT="75" STYLEREFS="font0"/><SP WIDTH="25" VPOS="2650" HPOS="491"/><String ID="p277_w452" CONTENT="it" HPOS="516" VPOS="2650" WIDTH="26" HEIGHT="75" STYLEREFS="font0"/><SP WIDTH="24" VPOS="2650" HPOS="542"/><String ID="p277_w453" CONTENT="advances" HPOS="566" VPOS="2650" WIDTH="156" HEIGHT="75" STYLEREFS="font0"/><SP WIDTH="17" VPOS="2650" HPOS="722"/><String ID="p277_w454" CONTENT="toward" HPOS="739" VPOS="2650" WIDTH="125" HEIGHT="75" STYLEREFS="font0"/><SP WIDTH="16" VPOS="2650" HPOS="864"/><String ID="p277_w455" CONTENT="the" HPOS="880" VPOS="2650" WIDTH="55" HEIGHT="75" STYLEREFS="font0"/><SP WIDTH="17" VPOS="2650" HPOS="935"/><String ID="p277_w456" CONTENT="extremity" HPOS="952" VPOS="2650" WIDTH="176" HEIGHT="75" STYLEREFS="font0"/><SP WIDTH="10" VPOS="2650" HPOS="1128"/><String ID="p277_w457" CONTENT="of" HPOS="1138" VPOS="2650" WIDTH="41" HEIGHT="75" STYLEREFS="font0"/></TextLine><TextLine WIDTH="1029" HEIGHT="75" ID="p277_t58" HPOS="145" VPOS="2695"><String ID="p277_w458" CONTENT="the" HPOS="145" VPOS="2695" WIDTH="55" HEIGHT="75" STYLEREFS="font0"/><SP WIDTH="16" VPOS="2695" HPOS="200"/><String ID="p277_w459" CONTENT="ileum." HPOS="216" VPOS="2695" WIDTH="109" HEIGHT="75" STYLEREFS="font0"/><SP WIDTH="49" VPOS="2695" HPOS="325"/><String ID="p277_w460" CONTENT="By" HPOS="374" VPOS="2695" WIDTH="52" HEIGHT="75" STYLEREFS="font0"/><SP WIDTH="17" VPOS="2695" HPOS="426"/><String ID="p277_w461" CONTENT="this" HPOS="443" VPOS="2695" WIDTH="64" HEIGHT="75" STYLEREFS="font0"/><SP WIDTH="16" VPOS="2695" HPOS="507"/><String ID="p277_w462" CONTENT="incurvation," HPOS="523" VPOS="2695" WIDTH="211" HEIGHT="75" STYLEREFS="font0"/><SP WIDTH="24" VPOS="2695" HPOS="734"/><String ID="p277_w463" CONTENT="it" HPOS="758" VPOS="2695" WIDTH="28" HEIGHT="75" STYLEREFS="font0"/><SP WIDTH="11" VPOS="2695" HPOS="786"/><String ID="p277_w464" CONTENT="forms" HPOS="797" VPOS="2695" WIDTH="99" HEIGHT="75" STYLEREFS="font0"/><SP WIDTH="13" VPOS="2695" HPOS="896"/><String ID="p277_w465" CONTENT="a" HPOS="909" VPOS="2695" WIDTH="18" HEIGHT="75" STYLEREFS="font0"/><SP WIDTH="15" VPOS="2695" HPOS="927"/><String ID="p277_w466" CONTENT="kind" HPOS="942" VPOS="2695" WIDTH="80" HEIGHT="75" STYLEREFS="font0"/><SP WIDTH="16" VPOS="2695" HPOS="1022"/><String ID="p277_w467" CONTENT="of" HPOS="1038" VPOS="2695" WIDTH="40" HEIGHT="75" STYLEREFS="font0"/><SP WIDTH="18" VPOS="2695" HPOS="1078"/><String ID="p277_w468" CONTENT="long" HPOS="1096" VPOS="2695" WIDTH="78" HEIGHT="75" STYLEREFS="font0"/></TextLine><TextLine WIDTH="1018" HEIGHT="75" ID="p277_t59" HPOS="146" VPOS="2740"><String ID="p277_w469" CONTENT="arch," HPOS="146" VPOS="2740" WIDTH="89" HEIGHT="75" STYLEREFS="font0"/><SP WIDTH="24" VPOS="2740" HPOS="235"/><String ID="p277_w470" CONTENT="from" HPOS="259" VPOS="2740" WIDTH="86" HEIGHT="75" STYLEREFS="font0"/><SP WIDTH="27" VPOS="2740" HPOS="345"/><String ID="p277_w471" CONTENT="the" HPOS="372" VPOS="2740" WIDTH="56" HEIGHT="75" STYLEREFS="font0"/><SP WIDTH="29" VPOS="2740" HPOS="428"/><String ID="p277_w472" CONTENT="convex" HPOS="457" VPOS="2740" WIDTH="126" HEIGHT="75" STYLEREFS="font0"/><SP WIDTH="21" VPOS="2740" HPOS="583"/><String ID="p277_w473" CONTENT="fide" HPOS="604" VPOS="2740" WIDTH="64" HEIGHT="75" STYLEREFS="font0"/><SP WIDTH="26" VPOS="2740" HPOS="668"/><String ID="p277_w474" CONTENT="of" HPOS="694" VPOS="2740" WIDTH="40" HEIGHT="75" STYLEREFS="font0"/><SP WIDTH="29" VPOS="2740" HPOS="734"/><String ID="p277_w475" CONTENT="which" HPOS="763" VPOS="2740" WIDTH="106" HEIGHT="75" STYLEREFS="font0"/><SP WIDTH="28" VPOS="2740" HPOS="869"/><String ID="p277_w476" CONTENT="a" HPOS="897" VPOS="2740" WIDTH="19" HEIGHT="75" STYLEREFS="font0"/><SP WIDTH="31" VPOS="2740" HPOS="916"/><String ID="p277_w477" CONTENT="great" HPOS="947" VPOS="2740" WIDTH="90" HEIGHT="75" STYLEREFS="font0"/><SP WIDTH="31" VPOS="2740" HPOS="1037"/><String ID="p277_w478" CONTENT="many" HPOS="1068" VPOS="2740" WIDTH="96" HEIGHT="75" STYLEREFS="font0"/></TextLine><TextLine WIDTH="298" HEIGHT="75" ID="p277_t60" HPOS="146" VPOS="2786"><String ID="p277_w479" CONTENT="branches" HPOS="146" VPOS="2786" WIDTH="154" HEIGHT="75" STYLEREFS="font0"/><SP WIDTH="17" VPOS="2786" HPOS="300"/><String ID="p277_w480" CONTENT="go" HPOS="317" VPOS="2786" WIDTH="41" HEIGHT="75" STYLEREFS="font0"/><SP WIDTH="17" VPOS="2786" HPOS="358"/><String ID="p277_w481" CONTENT="out." HPOS="375" VPOS="2786" WIDTH="69" HEIGHT="75" STYLEREFS="font0"/></TextLine><TextLine WIDTH="985" HEIGHT="75" ID="p277_t61" HPOS="190" VPOS="2831"><String ID="p277_w482" CONTENT="Thefe" HPOS="190" VPOS="2831" WIDTH="111" HEIGHT="75" STYLEREFS="font0"/><SP WIDTH="16" VPOS="2831" HPOS="301"/><String ID="p277_w483" CONTENT="branches" HPOS="317" VPOS="2831" WIDTH="154" HEIGHT="75" STYLEREFS="font0"/><SP WIDTH="17" VPOS="2831" HPOS="471"/><String ID="p277_w484" CONTENT="are" HPOS="488" VPOS="2831" WIDTH="54" HEIGHT="75" STYLEREFS="font0"/><SP WIDTH="16" VPOS="2831" HPOS="542"/><String ID="p277_w485" CONTENT="fixteen" HPOS="558" VPOS="2831" WIDTH="119" HEIGHT="75" STYLEREFS="font0"/><SP WIDTH="21" VPOS="2831" HPOS="677"/><String ID="p277_w486" CONTENT="or" HPOS="698" VPOS="2831" WIDTH="39" HEIGHT="75" STYLEREFS="font0"/><SP WIDTH="16" VPOS="2831" HPOS="737"/><String ID="p277_w487" CONTENT="eighteen" HPOS="753" VPOS="2831" WIDTH="147" HEIGHT="75" STYLEREFS="font0"/><SP WIDTH="16" VPOS="2831" HPOS="900"/><String ID="p277_w488" CONTENT="in" HPOS="916" VPOS="2831" WIDTH="33" HEIGHT="75" STYLEREFS="font0"/><SP WIDTH="16" VPOS="2831" HPOS="949"/><String ID="p277_w489" CONTENT="number," HPOS="965" VPOS="2831" WIDTH="145" HEIGHT="75" STYLEREFS="font0"/><SP WIDTH="25" VPOS="2831" HPOS="1110"/><String ID="p277_w490" CONTENT="or" HPOS="1135" VPOS="2831" WIDTH="40" HEIGHT="75" STYLEREFS="font0"/></TextLine><TextLine WIDTH="1027" HEIGHT="75" ID="p277_t62" HPOS="146" VPOS="2877"><String ID="p277_w491" CONTENT="thereabouts," HPOS="146" VPOS="2877" WIDTH="217" HEIGHT="75" STYLEREFS="font0"/><SP WIDTH="26" VPOS="2877" HPOS="363"/><String ID="p277_w492" CONTENT="and" HPOS="389" VPOS="2877" WIDTH="62" HEIGHT="75" STYLEREFS="font0"/><SP WIDTH="16" VPOS="2877" HPOS="451"/><String ID="p277_w493" CONTENT="almoft" HPOS="467" VPOS="2877" WIDTH="109" HEIGHT="75" STYLEREFS="font0"/><SP WIDTH="17" VPOS="2877" HPOS="576"/><String ID="p277_w494" CONTENT="all" HPOS="593" VPOS="2877" WIDTH="42" HEIGHT="75" STYLEREFS="font0"/><SP WIDTH="17" VPOS="2877" HPOS="635"/><String ID="p277_w495" CONTENT="of" HPOS="652" VPOS="2877" WIDTH="40" HEIGHT="75" STYLEREFS="font0"/><SP WIDTH="18" VPOS="2877" HPOS="692"/><String ID="p277_w496" CONTENT="them" HPOS="710" VPOS="2877" WIDTH="88" HEIGHT="75" STYLEREFS="font0"/><SP WIDTH="17" VPOS="2877" HPOS="798"/><String ID="p277_w497" CONTENT="are" HPOS="815" VPOS="2877" WIDTH="54" HEIGHT="75" STYLEREFS="font0"/><SP WIDTH="15" VPOS="2877" HPOS="869"/><String ID="p277_w498" CONTENT="beftowed" HPOS="884" VPOS="2877" WIDTH="160" HEIGHT="75" STYLEREFS="font0"/><SP WIDTH="16" VPOS="2877" HPOS="1044"/><String ID="p277_w499" CONTENT="on" HPOS="1060" VPOS="2877" WIDTH="42" HEIGHT="75" STYLEREFS="font0"/><SP WIDTH="16" VPOS="2877" HPOS="1102"/><String ID="p277_w500" CONTENT="the" HPOS="1118" VPOS="2877" WIDTH="55" HEIGHT="75" STYLEREFS="font0"/></TextLine><TextLine WIDTH="1026" HEIGHT="75" ID="p277_t63" HPOS="146" VPOS="2925"><String ID="p277_w501" CONTENT="fmall" HPOS="146" VPOS="2925" WIDTH="90" HEIGHT="75" STYLEREFS="font0"/><SP WIDTH="15" VPOS="2925" HPOS="236"/><String ID="p277_w502" CONTENT="inteftines," HPOS="251" VPOS="2925" WIDTH="172" HEIGHT="75" STYLEREFS="font0"/><SP WIDTH="24" VPOS="2925" HPOS="423"/><String ID="p277_w503" CONTENT="from" HPOS="447" VPOS="2925" WIDTH="84" HEIGHT="75" STYLEREFS="font0"/><SP WIDTH="23" VPOS="2925" HPOS="531"/><String ID="p277_w504" CONTENT="the" HPOS="554" VPOS="2925" WIDTH="56" HEIGHT="75" STYLEREFS="font0"/><SP WIDTH="28" VPOS="2925" HPOS="610"/><String ID="p277_w505" CONTENT="lower" HPOS="638" VPOS="2925" WIDTH="99" HEIGHT="75" STYLEREFS="font0"/><SP WIDTH="26" VPOS="2925" HPOS="737"/><String ID="p277_w506" CONTENT="third" HPOS="763" VPOS="2925" WIDTH="90" HEIGHT="75" STYLEREFS="font0"/><SP WIDTH="21" VPOS="2925" HPOS="853"/><String ID="p277_w507" CONTENT="part" HPOS="874" VPOS="2925" WIDTH="71" HEIGHT="75" STYLEREFS="font0"/><SP WIDTH="17" VPOS="2925" HPOS="945"/><String ID="p277_w508" CONTENT="of" HPOS="962" VPOS="2925" WIDTH="40" HEIGHT="75" STYLEREFS="font0"/><SP WIDTH="18" VPOS="2925" HPOS="1002"/><String ID="p277_w509" CONTENT="the" HPOS="1020" VPOS="2925" WIDTH="56" HEIGHT="75" STYLEREFS="font0"/><SP WIDTH="16" VPOS="2925" HPOS="1076"/><String ID="p277_w510" CONTENT="duo-" HPOS="1092" VPOS="2925" WIDTH="80" HEIGHT="75" STYLEREFS="font0"/></TextLine><TextLine WIDTH="581" HEIGHT="75" ID="p277_t64" HPOS="146" VPOS="2970"><String ID="p277_w511" CONTENT="denum" HPOS="146" VPOS="2970" WIDTH="117" HEIGHT="75" STYLEREFS="font0"/><SP WIDTH="15" VPOS="2970" HPOS="263"/><String ID="p277_w512" CONTENT="to" HPOS="278" VPOS="2970" WIDTH="35" HEIGHT="75" STYLEREFS="font0"/><SP WIDTH="17" VPOS="2970" HPOS="313"/><String ID="p277_w513" CONTENT="the" HPOS="330" VPOS="2970" WIDTH="55" HEIGHT="75" STYLEREFS="font0"/><SP WIDTH="16" VPOS="2970" HPOS="385"/><String ID="p277_w514" CONTENT="caecum" HPOS="401" VPOS="2970" WIDTH="117" HEIGHT="75" STYLEREFS="font0"/><SP WIDTH="22" VPOS="2970" HPOS="518"/><String ID="p277_w515" CONTENT="and" HPOS="540" VPOS="2970" WIDTH="62" HEIGHT="75" STYLEREFS="font0"/><SP WIDTH="16" VPOS="2970" HPOS="602"/><String ID="p277_w516" CONTENT="colon." HPOS="618" VPOS="2970" WIDTH="109" HEIGHT="75" STYLEREFS="font0"/></TextLine><TextLine WIDTH="312" HEIGHT="75" ID="p277_t65" HPOS="193" VPOS="3020"><String ID="p277_w517" CONTENT="Vox." HPOS="193" VPOS="3020" WIDTH="97" HEIGHT="75" STYLEREFS="font0"/><SP WIDTH="18" VPOS="3020" HPOS="290"/><String ID="p277_w518" CONTENT="I." HPOS="308" VPOS="3020" WIDTH="30" HEIGHT="75" STYLEREFS="font0"/><SP WIDTH="25" VPOS="3020" HPOS="338"/><String ID="p277_w519" CONTENT="No." HPOS="363" VPOS="3020" WIDTH="70" HEIGHT="75" STYLEREFS="font0"/><SP WIDTH="19" VPOS="3020" HPOS="433"/><String ID="p277_w520" CONTENT="10." HPOS="452" VPOS="3020" WIDTH="53" HEIGHT="75" STYLEREFS="font0"/></TextLine><TextLine WIDTH="18" HEIGHT="75" ID="p277_t66" HPOS="1057" VPOS="3020"><String ID="p277_w521" CONTENT="3" HPOS="1057" VPOS="3020" WIDTH="18" HEIGHT="75" STYLEREFS="font0"/></TextLine><TextLine WIDTH="378" HEIGHT="75" ID="p277_t67" HPOS="1343" VPOS="126"><String ID="p277_w522" CONTENT="O" HPOS="1343" VPOS="126" WIDTH="39" HEIGHT="75" STYLEREFS="font0"/><SP WIDTH="121" VPOS="126" HPOS="1382"/><String ID="p277_w523" CONTENT="M" HPOS="1503" VPOS="126" WIDTH="48" HEIGHT="75" STYLEREFS="font0"/><SP WIDTH="117" VPOS="126" HPOS="1551"/><String ID="p277_w524" CONTENT="Y." HPOS="1668" VPOS="126" WIDTH="53" HEIGHT="75" STYLEREFS="font0"/></TextLine><TextLine WIDTH="78" HEIGHT="75" ID="p277_t68" HPOS="2197" VPOS="126"><String ID="p277_w525" CONTENT="233" HPOS="2197" VPOS="126" WIDTH="78" HEIGHT="75" STYLEREFS="font0"/></TextLine><TextLine WIDTH="984" HEIGHT="75" ID="p277_t69" HPOS="1294" VPOS="188"><String ID="p277_w526" CONTENT="As" HPOS="1294" VPOS="188" WIDTH="48" HEIGHT="75" STYLEREFS="font0"/><SP WIDTH="26" VPOS="188" HPOS="1342"/><String ID="p277_w527" CONTENT="they" HPOS="1368" VPOS="188" WIDTH="77" HEIGHT="75" STYLEREFS="font0"/><SP WIDTH="28" VPOS="188" HPOS="1445"/><String ID="p277_w528" CONTENT="approach" HPOS="1473" VPOS="188" WIDTH="159" HEIGHT="75" STYLEREFS="font0"/><SP WIDTH="28" VPOS="188" HPOS="1632"/><String ID="p277_w529" CONTENT="the" HPOS="1660" VPOS="188" WIDTH="56" HEIGHT="75" STYLEREFS="font0"/><SP WIDTH="27" VPOS="188" HPOS="1716"/><String ID="p277_w530" CONTENT="inteftines," HPOS="1743" VPOS="188" WIDTH="172" HEIGHT="75" STYLEREFS="font0"/><SP WIDTH="26" VPOS="188" HPOS="1915"/><String ID="p277_w531" CONTENT="all" HPOS="1941" VPOS="188" WIDTH="42" HEIGHT="75" STYLEREFS="font0"/><SP WIDTH="28" VPOS="188" HPOS="1983"/><String ID="p277_w532" CONTENT="thefe" HPOS="2011" VPOS="188" WIDTH="91" HEIGHT="75" STYLEREFS="font0"/><SP WIDTH="20" VPOS="188" HPOS="2102"/><String ID="p277_w533" CONTENT="branches" HPOS="2122" VPOS="188" WIDTH="156" HEIGHT="75" STYLEREFS="font0"/></TextLine><TextLine WIDTH="1030" HEIGHT="75" ID="p277_t70" HPOS="1246" VPOS="236"><String ID="p277_w534" CONTENT="communicate," HPOS="1246" VPOS="236" WIDTH="243" HEIGHT="75" STYLEREFS="font0"/><SP WIDTH="27" VPOS="236" HPOS="1489"/><String ID="p277_w535" CONTENT="firft" HPOS="1516" VPOS="236" WIDTH="63" HEIGHT="75" STYLEREFS="font0"/><SP WIDTH="20" VPOS="236" HPOS="1579"/><String ID="p277_w536" CONTENT="by" HPOS="1599" VPOS="236" WIDTH="45" HEIGHT="75" STYLEREFS="font0"/><SP WIDTH="17" VPOS="236" HPOS="1644"/><String ID="p277_w537" CONTENT="reciprocal" HPOS="1661" VPOS="236" WIDTH="174" HEIGHT="75" STYLEREFS="font0"/><SP WIDTH="19" VPOS="236" HPOS="1835"/><String ID="p277_w538" CONTENT="arches;" HPOS="1854" VPOS="236" WIDTH="132" HEIGHT="75" STYLEREFS="font0"/><SP WIDTH="27" VPOS="236" HPOS="1986"/><String ID="p277_w539" CONTENT="then" HPOS="2013" VPOS="236" WIDTH="76" HEIGHT="75" STYLEREFS="font0"/><SP WIDTH="18" VPOS="236" HPOS="2089"/><String ID="p277_w540" CONTENT="by" HPOS="2107" VPOS="236" WIDTH="43" HEIGHT="75" STYLEREFS="font0"/><SP WIDTH="21" VPOS="236" HPOS="2150"/><String ID="p277_w541" CONTENT="ariolae" HPOS="2171" VPOS="236" WIDTH="105" HEIGHT="75" STYLEREFS="font0"/></TextLine><TextLine WIDTH="1032" HEIGHT="75" ID="p277_t71" HPOS="1245" VPOS="281"><String ID="p277_w542" CONTENT="and" HPOS="1245" VPOS="281" WIDTH="63" HEIGHT="75" STYLEREFS="font0"/><SP WIDTH="16" VPOS="281" HPOS="1308"/><String ID="p277_w543" CONTENT="malhes" HPOS="1324" VPOS="281" WIDTH="118" HEIGHT="75" STYLEREFS="font0"/><SP WIDTH="25" VPOS="281" HPOS="1442"/><String ID="p277_w544" CONTENT="of" HPOS="1467" VPOS="281" WIDTH="41" HEIGHT="75" STYLEREFS="font0"/><SP WIDTH="19" VPOS="281" HPOS="1508"/><String ID="p277_w545" CONTENT="all" HPOS="1527" VPOS="281" WIDTH="42" HEIGHT="75" STYLEREFS="font0"/><SP WIDTH="25" VPOS="281" HPOS="1569"/><String ID="p277_w546" CONTENT="kinds" HPOS="1594" VPOS="281" WIDTH="94" HEIGHT="75" STYLEREFS="font0"/><SP WIDTH="25" VPOS="281" HPOS="1688"/><String ID="p277_w547" CONTENT="of" HPOS="1713" VPOS="281" WIDTH="40" HEIGHT="75" STYLEREFS="font0"/><SP WIDTH="19" VPOS="281" HPOS="1753"/><String ID="p277_w548" CONTENT="figures;" HPOS="1772" VPOS="281" WIDTH="138" HEIGHT="75" STYLEREFS="font0"/><SP WIDTH="27" VPOS="281" HPOS="1910"/><String ID="p277_w549" CONTENT="from" HPOS="1937" VPOS="281" WIDTH="86" HEIGHT="75" STYLEREFS="font0"/><SP WIDTH="25" VPOS="281" HPOS="2023"/><String ID="p277_w550" CONTENT="which" HPOS="2048" VPOS="281" WIDTH="105" HEIGHT="75" STYLEREFS="font0"/><SP WIDTH="24" VPOS="281" HPOS="2153"/><String ID="p277_w551" CONTENT="is" HPOS="2177" VPOS="281" WIDTH="26" HEIGHT="75" STYLEREFS="font0"/><SP WIDTH="18" VPOS="281" HPOS="2203"/><String ID="p277_w552" CONTENT="de-" HPOS="2221" VPOS="281" WIDTH="56" HEIGHT="75" STYLEREFS="font0"/></TextLine><TextLine WIDTH="1033" HEIGHT="75" ID="p277_t72" HPOS="1244" VPOS="328"><String ID="p277_w553" CONTENT="tached" HPOS="1244" VPOS="328" WIDTH="117" HEIGHT="75" STYLEREFS="font0"/><SP WIDTH="17" VPOS="328" HPOS="1361"/><String ID="p277_w554" CONTENT="an" HPOS="1378" VPOS="328" WIDTH="39" HEIGHT="75" STYLEREFS="font0"/><SP WIDTH="25" VPOS="328" HPOS="1417"/><String ID="p277_w555" CONTENT="infinite" HPOS="1442" VPOS="328" WIDTH="121" HEIGHT="75" STYLEREFS="font0"/><SP WIDTH="26" VPOS="328" HPOS="1563"/><String ID="p277_w556" CONTENT="number" HPOS="1589" VPOS="328" WIDTH="134" HEIGHT="75" STYLEREFS="font0"/><SP WIDTH="15" VPOS="328" HPOS="1723"/><String ID="p277_w557" CONTENT="of" HPOS="1738" VPOS="328" WIDTH="41" HEIGHT="75" STYLEREFS="font0"/><SP WIDTH="19" VPOS="328" HPOS="1779"/><String ID="p277_w558" CONTENT="finall" HPOS="1798" VPOS="328" WIDTH="88" HEIGHT="75" STYLEREFS="font0"/><SP WIDTH="20" VPOS="328" HPOS="1886"/><String ID="p277_w559" CONTENT="ramifications," HPOS="1906" VPOS="328" WIDTH="237" HEIGHT="75" STYLEREFS="font0"/><SP WIDTH="27" VPOS="328" HPOS="2143"/><String ID="p277_w560" CONTENT="which" HPOS="2170" VPOS="328" WIDTH="107" HEIGHT="75" STYLEREFS="font0"/></TextLine><TextLine WIDTH="1032" HEIGHT="75" ID="p277_t73" HPOS="1244" VPOS="375"><String ID="p277_w561" CONTENT="furround" HPOS="1244" VPOS="375" WIDTH="155" HEIGHT="75" STYLEREFS="font0"/><SP WIDTH="18" VPOS="375" HPOS="1399"/><String ID="p277_w562" CONTENT="the" HPOS="1417" VPOS="375" WIDTH="54" HEIGHT="75" STYLEREFS="font0"/><SP WIDTH="15" VPOS="375" HPOS="1471"/><String ID="p277_w563" CONTENT="inteftinal" HPOS="1486" VPOS="375" WIDTH="158" HEIGHT="75" STYLEREFS="font0"/><SP WIDTH="12" VPOS="375" HPOS="1644"/><String ID="p277_w564" CONTENT="canal," HPOS="1656" VPOS="375" WIDTH="103" HEIGHT="75" STYLEREFS="font0"/><SP WIDTH="24" VPOS="375" HPOS="1759"/><String ID="p277_w565" CONTENT="like" HPOS="1783" VPOS="375" WIDTH="65" HEIGHT="75" STYLEREFS="font0"/><SP WIDTH="12" VPOS="375" HPOS="1848"/><String ID="p277_w566" CONTENT="an" HPOS="1860" VPOS="375" WIDTH="38" HEIGHT="75" STYLEREFS="font0"/><SP WIDTH="14" VPOS="375" HPOS="1898"/><String ID="p277_w567" CONTENT="annular" HPOS="1912" VPOS="375" WIDTH="132" HEIGHT="75" STYLEREFS="font0"/><SP WIDTH="12" VPOS="375" HPOS="2044"/><String ID="p277_w568" CONTENT="piece" HPOS="2056" VPOS="375" WIDTH="87" HEIGHT="75" STYLEREFS="font0"/><SP WIDTH="12" VPOS="375" HPOS="2143"/><String ID="p277_w569" CONTENT="of" HPOS="2155" VPOS="375" WIDTH="41" HEIGHT="75" STYLEREFS="font0"/><SP WIDTH="10" VPOS="375" HPOS="2196"/><String ID="p277_w570" CONTENT="net-" HPOS="2206" VPOS="375" WIDTH="70" HEIGHT="75" STYLEREFS="font0"/></TextLine><TextLine WIDTH="101" HEIGHT="75" ID="p277_t74" HPOS="1243" VPOS="420"><String ID="p277_w571" CONTENT="work." HPOS="1243" VPOS="420" WIDTH="101" HEIGHT="75" STYLEREFS="font0"/></TextLine><TextLine WIDTH="986" HEIGHT="75" ID="p277_t75" HPOS="1288" VPOS="467"><String ID="p277_w572" CONTENT="The" HPOS="1288" VPOS="467" WIDTH="76" HEIGHT="75" STYLEREFS="font0"/><SP WIDTH="16" VPOS="467" HPOS="1364"/><String ID="p277_w573" CONTENT="firft" HPOS="1380" VPOS="467" WIDTH="64" HEIGHT="75" STYLEREFS="font0"/><SP WIDTH="17" VPOS="467" HPOS="1444"/><String ID="p277_w574" CONTENT="branches" HPOS="1461" VPOS="467" WIDTH="154" HEIGHT="75" STYLEREFS="font0"/><SP WIDTH="18" VPOS="467" HPOS="1615"/><String ID="p277_w575" CONTENT="from" HPOS="1633" VPOS="467" WIDTH="83" HEIGHT="75" STYLEREFS="font0"/><SP WIDTH="18" VPOS="467" HPOS="1716"/><String ID="p277_w576" CONTENT="the" HPOS="1734" VPOS="467" WIDTH="54" HEIGHT="75" STYLEREFS="font0"/><SP WIDTH="17" VPOS="467" HPOS="1788"/><String ID="p277_w577" CONTENT="convex" HPOS="1805" VPOS="467" WIDTH="125" HEIGHT="75" STYLEREFS="font0"/><SP WIDTH="16" VPOS="467" HPOS="1930"/><String ID="p277_w578" CONTENT="fide" HPOS="1946" VPOS="467" WIDTH="63" HEIGHT="75" STYLEREFS="font0"/><SP WIDTH="13" VPOS="467" HPOS="2009"/><String ID="p277_w579" CONTENT="of" HPOS="2022" VPOS="467" WIDTH="40" HEIGHT="75" STYLEREFS="font0"/><SP WIDTH="20" VPOS="467" HPOS="2062"/><String ID="p277_w580" CONTENT="the" HPOS="2082" VPOS="467" WIDTH="54" HEIGHT="75" STYLEREFS="font0"/><SP WIDTH="18" VPOS="467" HPOS="2136"/><String ID="p277_w581" CONTENT="mefen-" HPOS="2154" VPOS="467" WIDTH="120" HEIGHT="75" STYLEREFS="font0"/></TextLine><TextLine WIDTH="1034" HEIGHT="75" ID="p277_t76" HPOS="1242" VPOS="513"><String ID="p277_w582" CONTENT="teric" HPOS="1242" VPOS="513" WIDTH="80" HEIGHT="75" STYLEREFS="font0"/><SP WIDTH="17" VPOS="513" HPOS="1322"/><String ID="p277_w583" CONTENT="arch," HPOS="1339" VPOS="513" WIDTH="90" HEIGHT="75" STYLEREFS="font0"/><SP WIDTH="24" VPOS="513" HPOS="1429"/><String ID="p277_w584" CONTENT="which" HPOS="1453" VPOS="513" WIDTH="107" HEIGHT="75" STYLEREFS="font0"/><SP WIDTH="17" VPOS="513" HPOS="1560"/><String ID="p277_w585" CONTENT="are" HPOS="1577" VPOS="513" WIDTH="53" HEIGHT="75" STYLEREFS="font0"/><SP WIDTH="12" VPOS="513" HPOS="1630"/><String ID="p277_w586" CONTENT="very" HPOS="1642" VPOS="513" WIDTH="78" HEIGHT="75" STYLEREFS="font0"/><SP WIDTH="11" VPOS="513" HPOS="1720"/><String ID="p277_w587" CONTENT="fhort," HPOS="1731" VPOS="513" WIDTH="99" HEIGHT="75" STYLEREFS="font0"/><SP WIDTH="25" VPOS="513" HPOS="1830"/><String ID="p277_w588" CONTENT="fupply" HPOS="1855" VPOS="513" WIDTH="113" HEIGHT="75" STYLEREFS="font0"/><SP WIDTH="15" VPOS="513" HPOS="1968"/><String ID="p277_w589" CONTENT="the" HPOS="1983" VPOS="513" WIDTH="55" HEIGHT="75" STYLEREFS="font0"/><SP WIDTH="13" VPOS="513" HPOS="2038"/><String ID="p277_w590" CONTENT="pancreas" HPOS="2051" VPOS="513" WIDTH="149" HEIGHT="75" STYLEREFS="font0"/><SP WIDTH="12" VPOS="513" HPOS="2200"/><String ID="p277_w591" CONTENT="and" HPOS="2212" VPOS="513" WIDTH="64" HEIGHT="75" STYLEREFS="font0"/></TextLine><TextLine WIDTH="1031" HEIGHT="75" ID="p277_t77" HPOS="1242" VPOS="560"><String ID="p277_w592" CONTENT="mefocolon," HPOS="1242" VPOS="560" WIDTH="191" HEIGHT="75" STYLEREFS="font0"/><SP WIDTH="26" VPOS="560" HPOS="1433"/><String ID="p277_w593" CONTENT="and" HPOS="1459" VPOS="560" WIDTH="63" HEIGHT="75" STYLEREFS="font0"/><SP WIDTH="25" VPOS="560" HPOS="1522"/><String ID="p277_w594" CONTENT="communicate" HPOS="1547" VPOS="560" WIDTH="230" HEIGHT="75" STYLEREFS="font0"/><SP WIDTH="26" VPOS="560" HPOS="1777"/><String ID="p277_w595" CONTENT="with" HPOS="1803" VPOS="560" WIDTH="78" HEIGHT="75" STYLEREFS="font0"/><SP WIDTH="23" VPOS="560" HPOS="1881"/><String ID="p277_w596" CONTENT="the" HPOS="1904" VPOS="560" WIDTH="56" HEIGHT="75" STYLEREFS="font0"/><SP WIDTH="16" VPOS="560" HPOS="1960"/><String ID="p277_w597" CONTENT="duodenal" HPOS="1976" VPOS="560" WIDTH="159" HEIGHT="75" STYLEREFS="font0"/><SP WIDTH="18" VPOS="560" HPOS="2135"/><String ID="p277_w598" CONTENT="artery." HPOS="2153" VPOS="560" WIDTH="120" HEIGHT="75" STYLEREFS="font0"/></TextLine><TextLine WIDTH="1031" HEIGHT="75" ID="p277_t78" HPOS="1241" VPOS="606"><String ID="p277_w599" CONTENT="The" HPOS="1241" VPOS="606" WIDTH="76" HEIGHT="75" STYLEREFS="font0"/><SP WIDTH="24" VPOS="606" HPOS="1317"/><String ID="p277_w600" CONTENT="laft" HPOS="1341" VPOS="606" WIDTH="57" HEIGHT="75" STYLEREFS="font0"/><SP WIDTH="24" VPOS="606" HPOS="1398"/><String ID="p277_w601" CONTENT="branches" HPOS="1422" VPOS="606" WIDTH="155" HEIGHT="75" STYLEREFS="font0"/><SP WIDTH="24" VPOS="606" HPOS="1577"/><String ID="p277_w602" CONTENT="go" HPOS="1601" VPOS="606" WIDTH="42" HEIGHT="75" STYLEREFS="font0"/><SP WIDTH="27" VPOS="606" HPOS="1643"/><String ID="p277_w603" CONTENT="to" HPOS="1670" VPOS="606" WIDTH="36" HEIGHT="75" STYLEREFS="font0"/><SP WIDTH="24" VPOS="606" HPOS="1706"/><String ID="p277_w604" CONTENT="the" HPOS="1730" VPOS="606" WIDTH="56" HEIGHT="75" STYLEREFS="font0"/><SP WIDTH="25" VPOS="606" HPOS="1786"/><String ID="p277_w605" CONTENT="appendicula" HPOS="1811" VPOS="606" WIDTH="212" HEIGHT="75" STYLEREFS="font0"/><SP WIDTH="23" VPOS="606" HPOS="2023"/><String ID="p277_w606" CONTENT="vermiformis," HPOS="2046" VPOS="606" WIDTH="226" HEIGHT="75" STYLEREFS="font0"/></TextLine><TextLine WIDTH="1031" HEIGHT="75" ID="p277_t79" HPOS="1241" VPOS="652"><String ID="p277_w607" CONTENT="and" HPOS="1241" VPOS="652" WIDTH="62" HEIGHT="75" STYLEREFS="font0"/><SP WIDTH="15" VPOS="652" HPOS="1303"/><String ID="p277_w608" CONTENT="fend" HPOS="1318" VPOS="652" WIDTH="77" HEIGHT="75" STYLEREFS="font0"/><SP WIDTH="16" VPOS="652" HPOS="1395"/><String ID="p277_w609" CONTENT="a" HPOS="1411" VPOS="652" WIDTH="19" HEIGHT="75" STYLEREFS="font0"/><SP WIDTH="16" VPOS="652" HPOS="1430"/><String ID="p277_w610" CONTENT="portion" HPOS="1446" VPOS="652" WIDTH="127" HEIGHT="75" STYLEREFS="font0"/><SP WIDTH="26" VPOS="652" HPOS="1573"/><String ID="p277_w611" CONTENT="of" HPOS="1599" VPOS="652" WIDTH="41" HEIGHT="75" STYLEREFS="font0"/><SP WIDTH="18" VPOS="652" HPOS="1640"/><String ID="p277_w612" CONTENT="an" HPOS="1658" VPOS="652" WIDTH="40" HEIGHT="75" STYLEREFS="font0"/><SP WIDTH="17" VPOS="652" HPOS="1698"/><String ID="p277_w613" CONTENT="arch" HPOS="1715" VPOS="652" WIDTH="77" HEIGHT="75" STYLEREFS="font0"/><SP WIDTH="25" VPOS="652" HPOS="1792"/><String ID="p277_w614" CONTENT="to" HPOS="1817" VPOS="652" WIDTH="35" HEIGHT="75" STYLEREFS="font0"/><SP WIDTH="28" VPOS="652" HPOS="1852"/><String ID="p277_w615" CONTENT="the" HPOS="1880" VPOS="652" WIDTH="55" HEIGHT="75" STYLEREFS="font0"/><SP WIDTH="29" VPOS="652" HPOS="1935"/><String ID="p277_w616" CONTENT="beginning" HPOS="1964" VPOS="652" WIDTH="170" HEIGHT="75" STYLEREFS="font0"/><SP WIDTH="24" VPOS="652" HPOS="2134"/><String ID="p277_w617" CONTENT="of" HPOS="2158" VPOS="652" WIDTH="40" HEIGHT="75" STYLEREFS="font0"/><SP WIDTH="19" VPOS="652" HPOS="2198"/><String ID="p277_w618" CONTENT="the" HPOS="2217" VPOS="652" WIDTH="55" HEIGHT="75" STYLEREFS="font0"/></TextLine><TextLine WIDTH="107" HEIGHT="75" ID="p277_t80" HPOS="1238" VPOS="699"><String ID="p277_w619" CONTENT="colon." HPOS="1238" VPOS="699" WIDTH="107" HEIGHT="75" STYLEREFS="font0"/></TextLine><TextLine WIDTH="988" HEIGHT="75" ID="p277_t81" HPOS="1284" VPOS="746"><String ID="p277_w620" CONTENT="The" HPOS="1284" VPOS="746" WIDTH="76" HEIGHT="75" STYLEREFS="font0"/><SP WIDTH="17" VPOS="746" HPOS="1360"/><String ID="p277_w621" CONTENT="confiderable" HPOS="1377" VPOS="746" WIDTH="214" HEIGHT="75" STYLEREFS="font0"/><SP WIDTH="15" VPOS="746" HPOS="1591"/><String ID="p277_w622" CONTENT="branches" HPOS="1606" VPOS="746" WIDTH="157" HEIGHT="75" STYLEREFS="font0"/><SP WIDTH="13" VPOS="746" HPOS="1763"/><String ID="p277_w623" CONTENT="from" HPOS="1776" VPOS="746" WIDTH="84" HEIGHT="75" STYLEREFS="font0"/><SP WIDTH="14" VPOS="746" HPOS="1860"/><String ID="p277_w624" CONTENT="the" HPOS="1874" VPOS="746" WIDTH="55" HEIGHT="75" STYLEREFS="font0"/><SP WIDTH="13" VPOS="746" HPOS="1929"/><String ID="p277_w625" CONTENT="concave" HPOS="1942" VPOS="746" WIDTH="138" HEIGHT="75" STYLEREFS="font0"/><SP WIDTH="13" VPOS="746" HPOS="2080"/><String ID="p277_w626" CONTENT="fide" HPOS="2093" VPOS="746" WIDTH="63" HEIGHT="75" STYLEREFS="font0"/><SP WIDTH="13" VPOS="746" HPOS="2156"/><String ID="p277_w627" CONTENT="of" HPOS="2169" VPOS="746" WIDTH="40" HEIGHT="75" STYLEREFS="font0"/><SP WIDTH="8" VPOS="746" HPOS="2209"/><String ID="p277_w628" CONTENT="the" HPOS="2217" VPOS="746" WIDTH="55" HEIGHT="75" STYLEREFS="font0"/></TextLine><TextLine WIDTH="1034" HEIGHT="75" ID="p277_t82" HPOS="1237" VPOS="793"><String ID="p277_w629" CONTENT="mefenteric" HPOS="1237" VPOS="793" WIDTH="186" HEIGHT="75" STYLEREFS="font0"/><SP WIDTH="17" VPOS="793" HPOS="1423"/><String ID="p277_w630" CONTENT="arch," HPOS="1440" VPOS="793" WIDTH="88" HEIGHT="75" STYLEREFS="font0"/><SP WIDTH="27" VPOS="793" HPOS="1528"/><String ID="p277_w631" CONTENT="are" HPOS="1555" VPOS="793" WIDTH="53" HEIGHT="75" STYLEREFS="font0"/><SP WIDTH="23" VPOS="793" HPOS="1608"/><String ID="p277_w632" CONTENT="feldom" HPOS="1631" VPOS="793" WIDTH="122" HEIGHT="75" STYLEREFS="font0"/><SP WIDTH="17" VPOS="793" HPOS="1753"/><String ID="p277_w633" CONTENT="above" HPOS="1770" VPOS="793" WIDTH="101" HEIGHT="75" STYLEREFS="font0"/><SP WIDTH="17" VPOS="793" HPOS="1871"/><String ID="p277_w634" CONTENT="two" HPOS="1888" VPOS="793" WIDTH="66" HEIGHT="75" STYLEREFS="font0"/><SP WIDTH="17" VPOS="793" HPOS="1954"/><String ID="p277_w635" CONTENT="or" HPOS="1971" VPOS="793" WIDTH="37" HEIGHT="75" STYLEREFS="font0"/><SP WIDTH="13" VPOS="793" HPOS="2008"/><String ID="p277_w636" CONTENT="three" HPOS="2021" VPOS="793" WIDTH="90" HEIGHT="75" STYLEREFS="font0"/><SP WIDTH="17" VPOS="793" HPOS="2111"/><String ID="p277_w637" CONTENT="in" HPOS="2128" VPOS="793" WIDTH="32" HEIGHT="75" STYLEREFS="font0"/><SP WIDTH="18" VPOS="793" HPOS="2160"/><String ID="p277_w638" CONTENT="num-" HPOS="2178" VPOS="793" WIDTH="93" HEIGHT="75" STYLEREFS="font0"/></TextLine><TextLine WIDTH="1032" HEIGHT="75" ID="p277_t83" HPOS="1237" VPOS="837"><String ID="p277_w639" CONTENT="ber" HPOS="1237" VPOS="837" WIDTH="56" HEIGHT="75" STYLEREFS="font0"/><SP WIDTH="10" VPOS="837" HPOS="1293"/><String ID="p277_w640" CONTENT=";" HPOS="1303" VPOS="837" WIDTH="11" HEIGHT="75" STYLEREFS="font0"/><SP WIDTH="26" VPOS="837" HPOS="1314"/><String ID="p277_w641" CONTENT="but" HPOS="1340" VPOS="837" WIDTH="59" HEIGHT="75" STYLEREFS="font0"/><SP WIDTH="16" VPOS="837" HPOS="1399"/><String ID="p277_w642" CONTENT="before" HPOS="1415" VPOS="837" WIDTH="111" HEIGHT="75" STYLEREFS="font0"/><SP WIDTH="27" VPOS="837" HPOS="1526"/><String ID="p277_w643" CONTENT="they" HPOS="1553" VPOS="837" WIDTH="78" HEIGHT="75" STYLEREFS="font0"/><SP WIDTH="28" VPOS="837" HPOS="1631"/><String ID="p277_w644" CONTENT="arife," HPOS="1659" VPOS="837" WIDTH="91" HEIGHT="75" STYLEREFS="font0"/><SP WIDTH="27" VPOS="837" HPOS="1750"/><String ID="p277_w645" CONTENT="a" HPOS="1777" VPOS="837" WIDTH="18" HEIGHT="75" STYLEREFS="font0"/><SP WIDTH="26" VPOS="837" HPOS="1795"/><String ID="p277_w646" CONTENT="fmall" HPOS="1821" VPOS="837" WIDTH="91" HEIGHT="75" STYLEREFS="font0"/><SP WIDTH="29" VPOS="837" HPOS="1912"/><String ID="p277_w647" CONTENT="ramus" HPOS="1941" VPOS="837" WIDTH="106" HEIGHT="75" STYLEREFS="font0"/><SP WIDTH="16" VPOS="837" HPOS="2047"/><String ID="p277_w648" CONTENT="goes" HPOS="2063" VPOS="837" WIDTH="77" HEIGHT="75" STYLEREFS="font0"/><SP WIDTH="19" VPOS="837" HPOS="2140"/><String ID="p277_w649" CONTENT="out" HPOS="2159" VPOS="837" WIDTH="57" HEIGHT="75" STYLEREFS="font0"/><SP WIDTH="18" VPOS="837" HPOS="2216"/><String ID="p277_w650" CONTENT="to" HPOS="2234" VPOS="837" WIDTH="35" HEIGHT="75" STYLEREFS="font0"/></TextLine><TextLine WIDTH="1033" HEIGHT="75" ID="p277_t84" HPOS="1236" VPOS="884"><String ID="p277_w651" CONTENT="the" HPOS="1236" VPOS="884" WIDTH="54" HEIGHT="75" STYLEREFS="font0"/><SP WIDTH="16" VPOS="884" HPOS="1290"/><String ID="p277_w652" CONTENT="duodenum," HPOS="1306" VPOS="884" WIDTH="194" HEIGHT="75" STYLEREFS="font0"/><SP WIDTH="27" VPOS="884" HPOS="1500"/><String ID="p277_w653" CONTENT="and" HPOS="1527" VPOS="884" WIDTH="62" HEIGHT="75" STYLEREFS="font0"/><SP WIDTH="17" VPOS="884" HPOS="1589"/><String ID="p277_w654" CONTENT="gives" HPOS="1606" VPOS="884" WIDTH="89" HEIGHT="75" STYLEREFS="font0"/><SP WIDTH="16" VPOS="884" HPOS="1695"/><String ID="p277_w655" CONTENT="fome" HPOS="1711" VPOS="884" WIDTH="86" HEIGHT="75" STYLEREFS="font0"/><SP WIDTH="15" VPOS="884" HPOS="1797"/><String ID="p277_w656" CONTENT="very" HPOS="1812" VPOS="884" WIDTH="80" HEIGHT="75" STYLEREFS="font0"/><SP WIDTH="16" VPOS="884" HPOS="1892"/><String ID="p277_w657" CONTENT="fmall" HPOS="1908" VPOS="884" WIDTH="89" HEIGHT="75" STYLEREFS="font0"/><SP WIDTH="18" VPOS="884" HPOS="1997"/><String ID="p277_w658" CONTENT="arteries" HPOS="2015" VPOS="884" WIDTH="130" HEIGHT="75" STYLEREFS="font0"/><SP WIDTH="20" VPOS="884" HPOS="2145"/><String ID="p277_w659" CONTENT="to" HPOS="2165" VPOS="884" WIDTH="34" HEIGHT="75" STYLEREFS="font0"/><SP WIDTH="15" VPOS="884" HPOS="2199"/><String ID="p277_w660" CONTENT="the" HPOS="2214" VPOS="884" WIDTH="55" HEIGHT="75" STYLEREFS="font0"/></TextLine><TextLine WIDTH="163" HEIGHT="75" ID="p277_t85" HPOS="1235" VPOS="932"><String ID="p277_w661" CONTENT="pancreas." HPOS="1235" VPOS="932" WIDTH="163" HEIGHT="75" STYLEREFS="font0"/></TextLine><TextLine WIDTH="994" HEIGHT="75" ID="p277_t86" HPOS="1281" VPOS="978"><String ID="p277_w662" CONTENT="The" HPOS="1281" VPOS="978" WIDTH="76" HEIGHT="75" STYLEREFS="font0"/><SP WIDTH="17" VPOS="978" HPOS="1357"/><String ID="p277_w663" CONTENT="firft" HPOS="1374" VPOS="978" WIDTH="63" HEIGHT="75" STYLEREFS="font0"/><SP WIDTH="17" VPOS="978" HPOS="1437"/><String ID="p277_w664" CONTENT="confiderable" HPOS="1454" VPOS="978" WIDTH="213" HEIGHT="75" STYLEREFS="font0"/><SP WIDTH="16" VPOS="978" HPOS="1667"/><String ID="p277_w665" CONTENT="branch" HPOS="1683" VPOS="978" WIDTH="119" HEIGHT="75" STYLEREFS="font0"/><SP WIDTH="20" VPOS="978" HPOS="1802"/><String ID="p277_w666" CONTENT="from" HPOS="1822" VPOS="978" WIDTH="85" HEIGHT="75" STYLEREFS="font0"/><SP WIDTH="16" VPOS="978" HPOS="1907"/><String ID="p277_w667" CONTENT="the" HPOS="1923" VPOS="978" WIDTH="55" HEIGHT="75" STYLEREFS="font0"/><SP WIDTH="17" VPOS="978" HPOS="1978"/><String ID="p277_w668" CONTENT="concave" HPOS="1995" VPOS="978" WIDTH="138" HEIGHT="75" STYLEREFS="font0"/><SP WIDTH="20" VPOS="978" HPOS="2133"/><String ID="p277_w669" CONTENT="fide" HPOS="2153" VPOS="978" WIDTH="63" HEIGHT="75" STYLEREFS="font0"/><SP WIDTH="18" VPOS="978" HPOS="2216"/><String ID="p277_w670" CONTENT="of" HPOS="2234" VPOS="978" WIDTH="41" HEIGHT="75" STYLEREFS="font0"/></TextLine><TextLine WIDTH="1034" HEIGHT="75" ID="p277_t87" HPOS="1234" VPOS="1023"><String ID="p277_w671" CONTENT="the" HPOS="1234" VPOS="1023" WIDTH="55" HEIGHT="75" STYLEREFS="font0"/><SP WIDTH="18" VPOS="1023" HPOS="1289"/><String ID="p277_w672" CONTENT="arch" HPOS="1307" VPOS="1023" WIDTH="76" HEIGHT="75" STYLEREFS="font0"/><SP WIDTH="16" VPOS="1023" HPOS="1383"/><String ID="p277_w673" CONTENT="goes" HPOS="1399" VPOS="1023" WIDTH="77" HEIGHT="75" STYLEREFS="font0"/><SP WIDTH="17" VPOS="1023" HPOS="1476"/><String ID="p277_w674" CONTENT="into" HPOS="1493" VPOS="1023" WIDTH="69" HEIGHT="75" STYLEREFS="font0"/><SP WIDTH="16" VPOS="1023" HPOS="1562"/><String ID="p277_w675" CONTENT="the" HPOS="1578" VPOS="1023" WIDTH="55" HEIGHT="75" STYLEREFS="font0"/><SP WIDTH="21" VPOS="1023" HPOS="1633"/><String ID="p277_w676" CONTENT="mefocolon" HPOS="1654" VPOS="1023" WIDTH="179" HEIGHT="75" STYLEREFS="font0"/><SP WIDTH="24" VPOS="1023" HPOS="1833"/><String ID="p277_w677" CONTENT="towards" HPOS="1857" VPOS="1023" WIDTH="139" HEIGHT="75" STYLEREFS="font0"/><SP WIDTH="18" VPOS="1023" HPOS="1996"/><String ID="p277_w678" CONTENT="the" HPOS="2014" VPOS="1023" WIDTH="54" HEIGHT="75" STYLEREFS="font0"/><SP WIDTH="21" VPOS="1023" HPOS="2068"/><String ID="p277_w679" CONTENT="right" HPOS="2089" VPOS="1023" WIDTH="87" HEIGHT="75" STYLEREFS="font0"/><SP WIDTH="16" VPOS="1023" HPOS="2176"/><String ID="p277_w680" CONTENT="por-" HPOS="2192" VPOS="1023" WIDTH="76" HEIGHT="75" STYLEREFS="font0"/></TextLine><TextLine WIDTH="322" HEIGHT="75" ID="p277_t88" HPOS="1235" VPOS="1069"><String ID="p277_w681" CONTENT="tion" HPOS="1235" VPOS="1069" WIDTH="67" HEIGHT="75" STYLEREFS="font0"/><SP WIDTH="17" VPOS="1069" HPOS="1302"/><String ID="p277_w682" CONTENT="of" HPOS="1319" VPOS="1069" WIDTH="41" HEIGHT="75" STYLEREFS="font0"/><SP WIDTH="19" VPOS="1069" HPOS="1360"/><String ID="p277_w683" CONTENT="the" HPOS="1379" VPOS="1069" WIDTH="55" HEIGHT="75" STYLEREFS="font0"/><SP WIDTH="16" VPOS="1069" HPOS="1434"/><String ID="p277_w684" CONTENT="colon." HPOS="1450" VPOS="1069" WIDTH="107" HEIGHT="75" STYLEREFS="font0"/></TextLine><TextLine WIDTH="987" HEIGHT="75" ID="p277_t89" HPOS="1280" VPOS="1117"><String ID="p277_w685" CONTENT="The" HPOS="1280" VPOS="1117" WIDTH="76" HEIGHT="75" STYLEREFS="font0"/><SP WIDTH="16" VPOS="1117" HPOS="1356"/><String ID="p277_w686" CONTENT="fecond" HPOS="1372" VPOS="1117" WIDTH="115" HEIGHT="75" STYLEREFS="font0"/><SP WIDTH="17" VPOS="1117" HPOS="1487"/><String ID="p277_w687" CONTENT="principal" HPOS="1504" VPOS="1117" WIDTH="152" HEIGHT="75" STYLEREFS="font0"/><SP WIDTH="14" VPOS="1117" HPOS="1656"/><String ID="p277_w688" CONTENT="branch," HPOS="1670" VPOS="1117" WIDTH="132" HEIGHT="75" STYLEREFS="font0"/><SP WIDTH="14" VPOS="1117" HPOS="1802"/><String ID="p277_w689" CONTENT="having" HPOS="1816" VPOS="1117" WIDTH="117" HEIGHT="75" STYLEREFS="font0"/><SP WIDTH="12" VPOS="1117" HPOS="1933"/><String ID="p277_w690" CONTENT="run" HPOS="1945" VPOS="1117" WIDTH="57" HEIGHT="75" STYLEREFS="font0"/><SP WIDTH="14" VPOS="1117" HPOS="2002"/><String ID="p277_w691" CONTENT="for" HPOS="2016" VPOS="1117" WIDTH="51" HEIGHT="75" STYLEREFS="font0"/><SP WIDTH="12" VPOS="1117" HPOS="2067"/><String ID="p277_w692" CONTENT="fome" HPOS="2079" VPOS="1117" WIDTH="86" HEIGHT="75" STYLEREFS="font0"/><SP WIDTH="11" VPOS="1117" HPOS="2165"/><String ID="p277_w693" CONTENT="fpace" HPOS="2176" VPOS="1117" WIDTH="91" HEIGHT="75" STYLEREFS="font0"/></TextLine><TextLine WIDTH="1032" HEIGHT="75" ID="p277_t90" HPOS="1234" VPOS="1163"><String ID="p277_w694" CONTENT="through" HPOS="1234" VPOS="1163" WIDTH="140" HEIGHT="75" STYLEREFS="font0"/><SP WIDTH="17" VPOS="1163" HPOS="1374"/><String ID="p277_w695" CONTENT="the" HPOS="1391" VPOS="1163" WIDTH="56" HEIGHT="75" STYLEREFS="font0"/><SP WIDTH="15" VPOS="1163" HPOS="1447"/><String ID="p277_w696" CONTENT="mefentery," HPOS="1462" VPOS="1163" WIDTH="189" HEIGHT="75" STYLEREFS="font0"/><SP WIDTH="25" VPOS="1163" HPOS="1651"/><String ID="p277_w697" CONTENT="divides" HPOS="1676" VPOS="1163" WIDTH="123" HEIGHT="75" STYLEREFS="font0"/><SP WIDTH="13" VPOS="1163" HPOS="1799"/><String ID="p277_w698" CONTENT="into" HPOS="1812" VPOS="1163" WIDTH="69" HEIGHT="75" STYLEREFS="font0"/><SP WIDTH="16" VPOS="1163" HPOS="1881"/><String ID="p277_w699" CONTENT="three" HPOS="1897" VPOS="1163" WIDTH="91" HEIGHT="75" STYLEREFS="font0"/><SP WIDTH="12" VPOS="1163" HPOS="1988"/><String ID="p277_w700" CONTENT="rami;" HPOS="2000" VPOS="1163" WIDTH="101" HEIGHT="75" STYLEREFS="font0"/><SP WIDTH="27" VPOS="1163" HPOS="2101"/><String ID="p277_w701" CONTENT="the" HPOS="2128" VPOS="1163" WIDTH="56" HEIGHT="75" STYLEREFS="font0"/><SP WIDTH="17" VPOS="1163" HPOS="2184"/><String ID="p277_w702" CONTENT="firft" HPOS="2201" VPOS="1163" WIDTH="65" HEIGHT="75" STYLEREFS="font0"/></TextLine><TextLine WIDTH="1037" HEIGHT="75" ID="p277_t91" HPOS="1234" VPOS="1209"><String ID="p277_w703" CONTENT="of" HPOS="1234" VPOS="1209" WIDTH="40" HEIGHT="75" STYLEREFS="font0"/><SP WIDTH="19" VPOS="1209" HPOS="1274"/><String ID="p277_w704" CONTENT="which" HPOS="1293" VPOS="1209" WIDTH="104" HEIGHT="75" STYLEREFS="font0"/><SP WIDTH="17" VPOS="1209" HPOS="1397"/><String ID="p277_w705" CONTENT="goes" HPOS="1414" VPOS="1209" WIDTH="77" HEIGHT="75" STYLEREFS="font0"/><SP WIDTH="17" VPOS="1209" HPOS="1491"/><String ID="p277_w706" CONTENT="to" HPOS="1508" VPOS="1209" WIDTH="35" HEIGHT="75" STYLEREFS="font0"/><SP WIDTH="22" VPOS="1209" HPOS="1543"/><String ID="p277_w707" CONTENT="the" HPOS="1565" VPOS="1209" WIDTH="56" HEIGHT="75" STYLEREFS="font0"/><SP WIDTH="24" VPOS="1209" HPOS="1621"/><String ID="p277_w708" CONTENT="lower" HPOS="1645" VPOS="1209" WIDTH="99" HEIGHT="75" STYLEREFS="font0"/><SP WIDTH="17" VPOS="1209" HPOS="1744"/><String ID="p277_w709" CONTENT="part" HPOS="1761" VPOS="1209" WIDTH="72" HEIGHT="75" STYLEREFS="font0"/><SP WIDTH="15" VPOS="1209" HPOS="1833"/><String ID="p277_w710" CONTENT="of" HPOS="1848" VPOS="1209" WIDTH="42" HEIGHT="75" STYLEREFS="font0"/><SP WIDTH="18" VPOS="1209" HPOS="1890"/><String ID="p277_w711" CONTENT="the" HPOS="1908" VPOS="1209" WIDTH="55" HEIGHT="75" STYLEREFS="font0"/><SP WIDTH="18" VPOS="1209" HPOS="1963"/><String ID="p277_w712" CONTENT="right" HPOS="1981" VPOS="1209" WIDTH="86" HEIGHT="75" STYLEREFS="font0"/><SP WIDTH="17" VPOS="1209" HPOS="2067"/><String ID="p277_w713" CONTENT="portion" HPOS="2084" VPOS="1209" WIDTH="129" HEIGHT="75" STYLEREFS="font0"/><SP WIDTH="17" VPOS="1209" HPOS="2213"/><String ID="p277_w714" CONTENT="of" HPOS="2230" VPOS="1209" WIDTH="41" HEIGHT="75" STYLEREFS="font0"/></TextLine><TextLine WIDTH="1032" HEIGHT="75" ID="p277_t92" HPOS="1233" VPOS="1256"><String ID="p277_w715" CONTENT="the" HPOS="1233" VPOS="1256" WIDTH="55" HEIGHT="75" STYLEREFS="font0"/><SP WIDTH="17" VPOS="1256" HPOS="1288"/><String ID="p277_w716" CONTENT="colon," HPOS="1305" VPOS="1256" WIDTH="105" HEIGHT="75" STYLEREFS="font0"/><SP WIDTH="26" VPOS="1256" HPOS="1410"/><String ID="p277_w717" CONTENT="the" HPOS="1436" VPOS="1256" WIDTH="55" HEIGHT="75" STYLEREFS="font0"/><SP WIDTH="16" VPOS="1256" HPOS="1491"/><String ID="p277_w718" CONTENT="fecond" HPOS="1507" VPOS="1256" WIDTH="116" HEIGHT="75" STYLEREFS="font0"/><SP WIDTH="16" VPOS="1256" HPOS="1623"/><String ID="p277_w719" CONTENT="goes" HPOS="1639" VPOS="1256" WIDTH="75" HEIGHT="75" STYLEREFS="font0"/><SP WIDTH="19" VPOS="1256" HPOS="1714"/><String ID="p277_w720" CONTENT="to" HPOS="1733" VPOS="1256" WIDTH="35" HEIGHT="75" STYLEREFS="font0"/><SP WIDTH="16" VPOS="1256" HPOS="1768"/><String ID="p277_w721" CONTENT="the" HPOS="1784" VPOS="1256" WIDTH="55" HEIGHT="75" STYLEREFS="font0"/><SP WIDTH="16" VPOS="1256" HPOS="1839"/><String ID="p277_w722" CONTENT="beginning" HPOS="1855" VPOS="1256" WIDTH="171" HEIGHT="75" STYLEREFS="font0"/><SP WIDTH="17" VPOS="1256" HPOS="2026"/><String ID="p277_w723" CONTENT="of" HPOS="2043" VPOS="1256" WIDTH="40" HEIGHT="75" STYLEREFS="font0"/><SP WIDTH="19" VPOS="1256" HPOS="2083"/><String ID="p277_w724" CONTENT="the" HPOS="2102" VPOS="1256" WIDTH="55" HEIGHT="75" STYLEREFS="font0"/><SP WIDTH="14" VPOS="1256" HPOS="2157"/><String ID="p277_w725" CONTENT="colon" HPOS="2171" VPOS="1256" WIDTH="94" HEIGHT="75" STYLEREFS="font0"/></TextLine><TextLine WIDTH="403" HEIGHT="75" ID="p277_t93" HPOS="1233" VPOS="1301"><String ID="p277_w726" CONTENT="and" HPOS="1233" VPOS="1301" WIDTH="64" HEIGHT="75" STYLEREFS="font0"/><SP WIDTH="15" VPOS="1301" HPOS="1297"/><String ID="p277_w727" CONTENT="inteftinum" HPOS="1312" VPOS="1301" WIDTH="180" HEIGHT="75" STYLEREFS="font0"/><SP WIDTH="13" VPOS="1301" HPOS="1492"/><String ID="p277_w728" CONTENT="caecum." HPOS="1505" VPOS="1301" WIDTH="131" HEIGHT="75" STYLEREFS="font0"/></TextLine><TextLine WIDTH="983" HEIGHT="75" ID="p277_t94" HPOS="1280" VPOS="1349"><String ID="p277_w729" CONTENT="The" HPOS="1280" VPOS="1349" WIDTH="76" HEIGHT="75" STYLEREFS="font0"/><SP WIDTH="17" VPOS="1349" HPOS="1356"/><String ID="p277_w730" CONTENT="third" HPOS="1373" VPOS="1349" WIDTH="88" HEIGHT="75" STYLEREFS="font0"/><SP WIDTH="16" VPOS="1349" HPOS="1461"/><String ID="p277_w731" CONTENT="ramus" HPOS="1477" VPOS="1349" WIDTH="105" HEIGHT="75" STYLEREFS="font0"/><SP WIDTH="25" VPOS="1349" HPOS="1582"/><String ID="p277_w732" CONTENT="of" HPOS="1607" VPOS="1349" WIDTH="40" HEIGHT="75" STYLEREFS="font0"/><SP WIDTH="19" VPOS="1349" HPOS="1647"/><String ID="p277_w733" CONTENT="the" HPOS="1666" VPOS="1349" WIDTH="55" HEIGHT="75" STYLEREFS="font0"/><SP WIDTH="24" VPOS="1349" HPOS="1721"/><String ID="p277_w734" CONTENT="fecond" HPOS="1745" VPOS="1349" WIDTH="117" HEIGHT="75" STYLEREFS="font0"/><SP WIDTH="22" VPOS="1349" HPOS="1862"/><String ID="p277_w735" CONTENT="branch," HPOS="1884" VPOS="1349" WIDTH="133" HEIGHT="75" STYLEREFS="font0"/><SP WIDTH="25" VPOS="1349" HPOS="2017"/><String ID="p277_w736" CONTENT="having" HPOS="2042" VPOS="1349" WIDTH="117" HEIGHT="75" STYLEREFS="font0"/><SP WIDTH="18" VPOS="1349" HPOS="2159"/><String ID="p277_w737" CONTENT="com-" HPOS="2177" VPOS="1349" WIDTH="86" HEIGHT="75" STYLEREFS="font0"/></TextLine><TextLine WIDTH="1031" HEIGHT="75" ID="p277_t95" HPOS="1233" VPOS="1396"><String ID="p277_w738" CONTENT="municated" HPOS="1233" VPOS="1396" WIDTH="181" HEIGHT="75" STYLEREFS="font0"/><SP WIDTH="19" VPOS="1396" HPOS="1414"/><String ID="p277_w739" CONTENT="with" HPOS="1433" VPOS="1396" WIDTH="79" HEIGHT="75" STYLEREFS="font0"/><SP WIDTH="17" VPOS="1396" HPOS="1512"/><String ID="p277_w740" CONTENT="the" HPOS="1529" VPOS="1396" WIDTH="55" HEIGHT="75" STYLEREFS="font0"/><SP WIDTH="16" VPOS="1396" HPOS="1584"/><String ID="p277_w741" CONTENT="fecond," HPOS="1600" VPOS="1396" WIDTH="129" HEIGHT="75" STYLEREFS="font0"/><SP WIDTH="25" VPOS="1396" HPOS="1729"/><String ID="p277_w742" CONTENT="gives" HPOS="1754" VPOS="1396" WIDTH="88" HEIGHT="75" STYLEREFS="font0"/><SP WIDTH="16" VPOS="1396" HPOS="1842"/><String ID="p277_w743" CONTENT="fmall" HPOS="1858" VPOS="1396" WIDTH="90" HEIGHT="75" STYLEREFS="font0"/><SP WIDTH="17" VPOS="1396" HPOS="1948"/><String ID="p277_w744" CONTENT="twigs" HPOS="1965" VPOS="1396" WIDTH="94" HEIGHT="75" STYLEREFS="font0"/><SP WIDTH="20" VPOS="1396" HPOS="2059"/><String ID="p277_w745" CONTENT="to" HPOS="2079" VPOS="1396" WIDTH="36" HEIGHT="75" STYLEREFS="font0"/><SP WIDTH="16" VPOS="1396" HPOS="2115"/><String ID="p277_w746" CONTENT="the" HPOS="2131" VPOS="1396" WIDTH="55" HEIGHT="75" STYLEREFS="font0"/><SP WIDTH="16" VPOS="1396" HPOS="2186"/><String ID="p277_w747" CONTENT="cae-" HPOS="2202" VPOS="1396" WIDTH="62" HEIGHT="75" STYLEREFS="font0"/></TextLine><TextLine WIDTH="1028" HEIGHT="75" ID="p277_t96" HPOS="1233" VPOS="1441"><String ID="p277_w748" CONTENT="cum," HPOS="1233" VPOS="1441" WIDTH="83" HEIGHT="75" STYLEREFS="font0"/><SP WIDTH="25" VPOS="1441" HPOS="1316"/><String ID="p277_w749" CONTENT="appendicula" HPOS="1341" VPOS="1441" WIDTH="208" HEIGHT="75" STYLEREFS="font0"/><SP WIDTH="30" VPOS="1441" HPOS="1549"/><String ID="p277_w750" CONTENT="vermiformis," HPOS="1579" VPOS="1441" WIDTH="226" HEIGHT="75" STYLEREFS="font0"/><SP WIDTH="34" VPOS="1441" HPOS="1805"/><String ID="p277_w751" CONTENT="and" HPOS="1839" VPOS="1441" WIDTH="62" HEIGHT="75" STYLEREFS="font0"/><SP WIDTH="27" VPOS="1441" HPOS="1901"/><String ID="p277_w752" CONTENT="extremity" HPOS="1928" VPOS="1441" WIDTH="175" HEIGHT="75" STYLEREFS="font0"/><SP WIDTH="28" VPOS="1441" HPOS="2103"/><String ID="p277_w753" CONTENT="of" HPOS="2131" VPOS="1441" WIDTH="41" HEIGHT="75" STYLEREFS="font0"/><SP WIDTH="33" VPOS="1441" HPOS="2172"/><String ID="p277_w754" CONTENT="the" HPOS="2205" VPOS="1441" WIDTH="56" HEIGHT="75" STYLEREFS="font0"/></TextLine><TextLine WIDTH="108" HEIGHT="75" ID="p277_t97" HPOS="1232" VPOS="1491"><String ID="p277_w755" CONTENT="ileum." HPOS="1232" VPOS="1491" WIDTH="108" HEIGHT="75" STYLEREFS="font0"/></TextLine><TextLine WIDTH="985" HEIGHT="75" ID="p277_t98" HPOS="1278" VPOS="1536"><String ID="p277_w756" CONTENT="The" HPOS="1278" VPOS="1536" WIDTH="76" HEIGHT="75" STYLEREFS="font0"/><SP WIDTH="16" VPOS="1536" HPOS="1354"/><String ID="p277_w757" CONTENT="lower" HPOS="1370" VPOS="1536" WIDTH="100" HEIGHT="75" STYLEREFS="font0"/><SP WIDTH="15" VPOS="1536" HPOS="1470"/><String ID="p277_w758" CONTENT="mefenteric" HPOS="1485" VPOS="1536" WIDTH="186" HEIGHT="75" STYLEREFS="font0"/><SP WIDTH="21" VPOS="1536" HPOS="1671"/><String ID="p277_w759" CONTENT="artery" HPOS="1692" VPOS="1536" WIDTH="107" HEIGHT="75" STYLEREFS="font0"/><SP WIDTH="22" VPOS="1536" HPOS="1799"/><String ID="p277_w760" CONTENT="goes" HPOS="1821" VPOS="1536" WIDTH="77" HEIGHT="75" STYLEREFS="font0"/><SP WIDTH="18" VPOS="1536" HPOS="1898"/><String ID="p277_w761" CONTENT="out" HPOS="1916" VPOS="1536" WIDTH="55" HEIGHT="75" STYLEREFS="font0"/><SP WIDTH="18" VPOS="1536" HPOS="1971"/><String ID="p277_w762" CONTENT="anteriorly" HPOS="1989" VPOS="1536" WIDTH="174" HEIGHT="75" STYLEREFS="font0"/><SP WIDTH="15" VPOS="1536" HPOS="2163"/><String ID="p277_w763" CONTENT="from" HPOS="2178" VPOS="1536" WIDTH="85" HEIGHT="75" STYLEREFS="font0"/></TextLine><TextLine WIDTH="1031" HEIGHT="75" ID="p277_t99" HPOS="1232" VPOS="1583"><String ID="p277_w764" CONTENT="the" HPOS="1232" VPOS="1583" WIDTH="56" HEIGHT="75" STYLEREFS="font0"/><SP WIDTH="24" VPOS="1583" HPOS="1288"/><String ID="p277_w765" CONTENT="aorta" HPOS="1312" VPOS="1583" WIDTH="90" HEIGHT="75" STYLEREFS="font0"/><SP WIDTH="25" VPOS="1583" HPOS="1402"/><String ID="p277_w766" CONTENT="defeendens" HPOS="1427" VPOS="1583" WIDTH="190" HEIGHT="75" STYLEREFS="font0"/><SP WIDTH="25" VPOS="1583" HPOS="1617"/><String ID="p277_w767" CONTENT="inferior," HPOS="1642" VPOS="1583" WIDTH="145" HEIGHT="75" STYLEREFS="font0"/><SP WIDTH="26" VPOS="1583" HPOS="1787"/><String ID="p277_w768" CONTENT="about" HPOS="1813" VPOS="1583" WIDTH="98" HEIGHT="75" STYLEREFS="font0"/><SP WIDTH="25" VPOS="1583" HPOS="1911"/><String ID="p277_w769" CONTENT="a" HPOS="1936" VPOS="1583" WIDTH="18" HEIGHT="75" STYLEREFS="font0"/><SP WIDTH="23" VPOS="1583" HPOS="1954"/><String ID="p277_w770" CONTENT="fingers" HPOS="1977" VPOS="1583" WIDTH="129" HEIGHT="75" STYLEREFS="font0"/><SP WIDTH="21" VPOS="1583" HPOS="2106"/><String ID="p277_w771" CONTENT="breadth" HPOS="2127" VPOS="1583" WIDTH="136" HEIGHT="75" STYLEREFS="font0"/></TextLine><TextLine WIDTH="1031" HEIGHT="75" ID="p277_t100" HPOS="1232" VPOS="1628"><String ID="p277_w772" CONTENT="or" HPOS="1232" VPOS="1628" WIDTH="36" HEIGHT="75" STYLEREFS="font0"/><SP WIDTH="16" VPOS="1628" HPOS="1268"/><String ID="p277_w773" CONTENT="more" HPOS="1284" VPOS="1628" WIDTH="88" HEIGHT="75" STYLEREFS="font0"/><SP WIDTH="18" VPOS="1628" HPOS="1372"/><String ID="p277_w774" CONTENT="above" HPOS="1390" VPOS="1628" WIDTH="100" HEIGHT="75" STYLEREFS="font0"/><SP WIDTH="17" VPOS="1628" HPOS="1490"/><String ID="p277_w775" CONTENT="the" HPOS="1507" VPOS="1628" WIDTH="54" HEIGHT="75" STYLEREFS="font0"/><SP WIDTH="24" VPOS="1628" HPOS="1561"/><String ID="p277_w776" CONTENT="bifurcation," HPOS="1585" VPOS="1628" WIDTH="206" HEIGHT="75" STYLEREFS="font0"/><SP WIDTH="26" VPOS="1628" HPOS="1791"/><String ID="p277_w777" CONTENT="and" HPOS="1817" VPOS="1628" WIDTH="61" HEIGHT="75" STYLEREFS="font0"/><SP WIDTH="25" VPOS="1628" HPOS="1878"/><String ID="p277_w778" CONTENT="below" HPOS="1903" VPOS="1628" WIDTH="104" HEIGHT="75" STYLEREFS="font0"/><SP WIDTH="16" VPOS="1628" HPOS="2007"/><String ID="p277_w779" CONTENT="the" HPOS="2023" VPOS="1628" WIDTH="55" HEIGHT="75" STYLEREFS="font0"/><SP WIDTH="19" VPOS="1628" HPOS="2078"/><String ID="p277_w780" CONTENT="fpermatic" HPOS="2097" VPOS="1628" WIDTH="166" HEIGHT="75" STYLEREFS="font0"/></TextLine><TextLine WIDTH="1030" HEIGHT="75" ID="p277_t101" HPOS="1231" VPOS="1675"><String ID="p277_w781" CONTENT="arteries;" HPOS="1231" VPOS="1675" WIDTH="151" HEIGHT="75" STYLEREFS="font0"/><SP WIDTH="27" VPOS="1675" HPOS="1382"/><String ID="p277_w782" CONTENT="and" HPOS="1409" VPOS="1675" WIDTH="64" HEIGHT="75" STYLEREFS="font0"/><SP WIDTH="23" VPOS="1675" HPOS="1473"/><String ID="p277_w783" CONTENT="having" HPOS="1496" VPOS="1675" WIDTH="118" HEIGHT="75" STYLEREFS="font0"/><SP WIDTH="27" VPOS="1675" HPOS="1614"/><String ID="p277_w784" CONTENT="run" HPOS="1641" VPOS="1675" WIDTH="60" HEIGHT="75" STYLEREFS="font0"/><SP WIDTH="23" VPOS="1675" HPOS="1701"/><String ID="p277_w785" CONTENT="about" HPOS="1724" VPOS="1675" WIDTH="97" HEIGHT="75" STYLEREFS="font0"/><SP WIDTH="28" VPOS="1675" HPOS="1821"/><String ID="p277_w786" CONTENT="the" HPOS="1849" VPOS="1675" WIDTH="55" HEIGHT="75" STYLEREFS="font0"/><SP WIDTH="26" VPOS="1675" HPOS="1904"/><String ID="p277_w787" CONTENT="length" HPOS="1930" VPOS="1675" WIDTH="110" HEIGHT="75" STYLEREFS="font0"/><SP WIDTH="17" VPOS="1675" HPOS="2040"/><String ID="p277_w788" CONTENT="of" HPOS="2057" VPOS="1675" WIDTH="40" HEIGHT="75" STYLEREFS="font0"/><SP WIDTH="19" VPOS="1675" HPOS="2097"/><String ID="p277_w789" CONTENT="an" HPOS="2116" VPOS="1675" WIDTH="38" HEIGHT="75" STYLEREFS="font0"/><SP WIDTH="17" VPOS="1675" HPOS="2154"/><String ID="p277_w790" CONTENT="inch," HPOS="2171" VPOS="1675" WIDTH="90" HEIGHT="75" STYLEREFS="font0"/></TextLine><TextLine WIDTH="1027" HEIGHT="75" ID="p277_t102" HPOS="1229" VPOS="1721"><String ID="p277_w791" CONTENT="or" HPOS="1229" VPOS="1721" WIDTH="37" HEIGHT="75" STYLEREFS="font0"/><SP WIDTH="22" VPOS="1721" HPOS="1266"/><String ID="p277_w792" CONTENT="fomething" HPOS="1288" VPOS="1721" WIDTH="180" HEIGHT="75" STYLEREFS="font0"/><SP WIDTH="26" VPOS="1721" HPOS="1468"/><String ID="p277_w793" CONTENT="more," HPOS="1494" VPOS="1721" WIDTH="101" HEIGHT="75" STYLEREFS="font0"/><SP WIDTH="32" VPOS="1721" HPOS="1595"/><String ID="p277_w794" CONTENT="it" HPOS="1627" VPOS="1721" WIDTH="26" HEIGHT="75" STYLEREFS="font0"/><SP WIDTH="26" VPOS="1721" HPOS="1653"/><String ID="p277_w795" CONTENT="is" HPOS="1679" VPOS="1721" WIDTH="27" HEIGHT="75" STYLEREFS="font0"/><SP WIDTH="33" VPOS="1721" HPOS="1706"/><String ID="p277_w796" CONTENT="divided" HPOS="1739" VPOS="1721" WIDTH="130" HEIGHT="75" STYLEREFS="font0"/><SP WIDTH="27" VPOS="1721" HPOS="1869"/><String ID="p277_w797" CONTENT="into" HPOS="1896" VPOS="1721" WIDTH="69" HEIGHT="75" STYLEREFS="font0"/><SP WIDTH="29" VPOS="1721" HPOS="1965"/><String ID="p277_w798" CONTENT="three" HPOS="1994" VPOS="1721" WIDTH="91" HEIGHT="75" STYLEREFS="font0"/><SP WIDTH="31" VPOS="1721" HPOS="2085"/><String ID="p277_w799" CONTENT="or" HPOS="2116" VPOS="1721" WIDTH="39" HEIGHT="75" STYLEREFS="font0"/><SP WIDTH="27" VPOS="1721" HPOS="2155"/><String ID="p277_w800" CONTENT="four" HPOS="2182" VPOS="1721" WIDTH="74" HEIGHT="75" STYLEREFS="font0"/></TextLine><TextLine WIDTH="167" HEIGHT="75" ID="p277_t103" HPOS="1229" VPOS="1768"><String ID="p277_w801" CONTENT="branches." HPOS="1229" VPOS="1768" WIDTH="167" HEIGHT="75" STYLEREFS="font0"/></TextLine><TextLine WIDTH="984" HEIGHT="75" ID="p277_t104" HPOS="1275" VPOS="1815"><String ID="p277_w802" CONTENT="The" HPOS="1275" VPOS="1815" WIDTH="76" HEIGHT="75" STYLEREFS="font0"/><SP WIDTH="24" VPOS="1815" HPOS="1351"/><String ID="p277_w803" CONTENT="firft:" HPOS="1375" VPOS="1815" WIDTH="65" HEIGHT="75" STYLEREFS="font0"/><SP WIDTH="24" VPOS="1815" HPOS="1440"/><String ID="p277_w804" CONTENT="or" HPOS="1464" VPOS="1815" WIDTH="38" HEIGHT="75" STYLEREFS="font0"/><SP WIDTH="21" VPOS="1815" HPOS="1502"/><String ID="p277_w805" CONTENT="fuperior" HPOS="1523" VPOS="1815" WIDTH="141" HEIGHT="75" STYLEREFS="font0"/><SP WIDTH="23" VPOS="1815" HPOS="1664"/><String ID="p277_w806" CONTENT="branch," HPOS="1687" VPOS="1815" WIDTH="133" HEIGHT="75" STYLEREFS="font0"/><SP WIDTH="26" VPOS="1815" HPOS="1820"/><String ID="p277_w807" CONTENT="about" HPOS="1846" VPOS="1815" WIDTH="98" HEIGHT="75" STYLEREFS="font0"/><SP WIDTH="25" VPOS="1815" HPOS="1944"/><String ID="p277_w808" CONTENT="an" HPOS="1969" VPOS="1815" WIDTH="37" HEIGHT="75" STYLEREFS="font0"/><SP WIDTH="19" VPOS="1815" HPOS="2006"/><String ID="p277_w809" CONTENT="inch" HPOS="2025" VPOS="1815" WIDTH="74" HEIGHT="75" STYLEREFS="font0"/><SP WIDTH="17" VPOS="1815" HPOS="2099"/><String ID="p277_w810" CONTENT="from" HPOS="2116" VPOS="1815" WIDTH="85" HEIGHT="75" STYLEREFS="font0"/><SP WIDTH="15" VPOS="1815" HPOS="2201"/><String ID="p277_w811" CONTENT="its" HPOS="2216" VPOS="1815" WIDTH="43" HEIGHT="75" STYLEREFS="font0"/></TextLine><TextLine WIDTH="1031" HEIGHT="75" ID="p277_t105" HPOS="1229" VPOS="1861"><String ID="p277_w812" CONTENT="origin," HPOS="1229" VPOS="1861" WIDTH="114" HEIGHT="75" STYLEREFS="font0"/><SP WIDTH="26" VPOS="1861" HPOS="1343"/><String ID="p277_w813" CONTENT="divides" HPOS="1369" VPOS="1861" WIDTH="124" HEIGHT="75" STYLEREFS="font0"/><SP WIDTH="25" VPOS="1861" HPOS="1493"/><String ID="p277_w814" CONTENT="into" HPOS="1518" VPOS="1861" WIDTH="69" HEIGHT="75" STYLEREFS="font0"/><SP WIDTH="24" VPOS="1861" HPOS="1587"/><String ID="p277_w815" CONTENT="two" HPOS="1611" VPOS="1861" WIDTH="65" HEIGHT="75" STYLEREFS="font0"/><SP WIDTH="25" VPOS="1861" HPOS="1676"/><String ID="p277_w816" CONTENT="rami;" HPOS="1701" VPOS="1861" WIDTH="101" HEIGHT="75" STYLEREFS="font0"/><SP WIDTH="26" VPOS="1861" HPOS="1802"/><String ID="p277_w817" CONTENT="the" HPOS="1828" VPOS="1861" WIDTH="58" HEIGHT="75" STYLEREFS="font0"/><SP WIDTH="22" VPOS="1861" HPOS="1886"/><String ID="p277_w818" CONTENT="firft" HPOS="1908" VPOS="1861" WIDTH="63" HEIGHT="75" STYLEREFS="font0"/><SP WIDTH="25" VPOS="1861" HPOS="1971"/><String ID="p277_w819" CONTENT="of" HPOS="1996" VPOS="1861" WIDTH="40" HEIGHT="75" STYLEREFS="font0"/><SP WIDTH="18" VPOS="1861" HPOS="2036"/><String ID="p277_w820" CONTENT="which" HPOS="2054" VPOS="1861" WIDTH="104" HEIGHT="75" STYLEREFS="font0"/><SP WIDTH="28" VPOS="1861" HPOS="2158"/><String ID="p277_w821" CONTENT="runs" HPOS="2186" VPOS="1861" WIDTH="74" HEIGHT="75" STYLEREFS="font0"/></TextLine><TextLine WIDTH="1029" HEIGHT="75" ID="p277_t106" HPOS="1230" VPOS="1908"><String ID="p277_w822" CONTENT="along" HPOS="1230" VPOS="1908" WIDTH="94" HEIGHT="75" STYLEREFS="font0"/><SP WIDTH="10" VPOS="1908" HPOS="1324"/><String ID="p277_w823" CONTENT="the" HPOS="1334" VPOS="1908" WIDTH="56" HEIGHT="75" STYLEREFS="font0"/><SP WIDTH="17" VPOS="1908" HPOS="1390"/><String ID="p277_w824" CONTENT="left" HPOS="1407" VPOS="1908" WIDTH="60" HEIGHT="75" STYLEREFS="font0"/><SP WIDTH="25" VPOS="1908" HPOS="1467"/><String ID="p277_w825" CONTENT="portion" HPOS="1492" VPOS="1908" WIDTH="127" HEIGHT="75" STYLEREFS="font0"/><SP WIDTH="25" VPOS="1908" HPOS="1619"/><String ID="p277_w826" CONTENT="of" HPOS="1644" VPOS="1908" WIDTH="41" HEIGHT="75" STYLEREFS="font0"/><SP WIDTH="18" VPOS="1908" HPOS="1685"/><String ID="p277_w827" CONTENT="the" HPOS="1703" VPOS="1908" WIDTH="54" HEIGHT="75" STYLEREFS="font0"/><SP WIDTH="18" VPOS="1908" HPOS="1757"/><String ID="p277_w828" CONTENT="colon." HPOS="1775" VPOS="1908" WIDTH="108" HEIGHT="75" STYLEREFS="font0"/><SP WIDTH="47" VPOS="1908" HPOS="1883"/><String ID="p277_w829" CONTENT="The" HPOS="1930" VPOS="1908" WIDTH="76" HEIGHT="75" STYLEREFS="font0"/><SP WIDTH="18" VPOS="1908" HPOS="2006"/><String ID="p277_w830" CONTENT="fecond" HPOS="2024" VPOS="1908" WIDTH="115" HEIGHT="75" STYLEREFS="font0"/><SP WIDTH="12" VPOS="1908" HPOS="2139"/><String ID="p277_w831" CONTENT="ramus" HPOS="2151" VPOS="1908" WIDTH="108" HEIGHT="75" STYLEREFS="font0"/></TextLine><TextLine WIDTH="1032" HEIGHT="75" ID="p277_t107" HPOS="1228" VPOS="1953"><String ID="p277_w832" CONTENT="having" HPOS="1228" VPOS="1953" WIDTH="117" HEIGHT="75" STYLEREFS="font0"/><SP WIDTH="17" VPOS="1953" HPOS="1345"/><String ID="p277_w833" CONTENT="communicated" HPOS="1362" VPOS="1953" WIDTH="254" HEIGHT="75" STYLEREFS="font0"/><SP WIDTH="17" VPOS="1953" HPOS="1616"/><String ID="p277_w834" CONTENT="with" HPOS="1633" VPOS="1953" WIDTH="80" HEIGHT="75" STYLEREFS="font0"/><SP WIDTH="18" VPOS="1953" HPOS="1713"/><String ID="p277_w835" CONTENT="the" HPOS="1731" VPOS="1953" WIDTH="54" HEIGHT="75" STYLEREFS="font0"/><SP WIDTH="15" VPOS="1953" HPOS="1785"/><String ID="p277_w836" CONTENT="firft," HPOS="1800" VPOS="1953" WIDTH="77" HEIGHT="75" STYLEREFS="font0"/><SP WIDTH="25" VPOS="1953" HPOS="1877"/><String ID="p277_w837" CONTENT="runs" HPOS="1902" VPOS="1953" WIDTH="76" HEIGHT="75" STYLEREFS="font0"/><SP WIDTH="17" VPOS="1953" HPOS="1978"/><String ID="p277_w838" CONTENT="down" HPOS="1995" VPOS="1953" WIDTH="95" HEIGHT="75" STYLEREFS="font0"/><SP WIDTH="16" VPOS="1953" HPOS="2090"/><String ID="p277_w839" CONTENT="upon" HPOS="2106" VPOS="1953" WIDTH="84" HEIGHT="75" STYLEREFS="font0"/><SP WIDTH="14" VPOS="1953" HPOS="2190"/><String ID="p277_w840" CONTENT="the" HPOS="2204" VPOS="1953" WIDTH="56" HEIGHT="75" STYLEREFS="font0"/></TextLine><TextLine WIDTH="479" HEIGHT="75" ID="p277_t108" HPOS="1228" VPOS="2000"><String ID="p277_w841" CONTENT="fame" HPOS="1228" VPOS="2000" WIDTH="83" HEIGHT="75" STYLEREFS="font0"/><SP WIDTH="17" VPOS="2000" HPOS="1311"/><String ID="p277_w842" CONTENT="portion" HPOS="1328" VPOS="2000" WIDTH="125" HEIGHT="75" STYLEREFS="font0"/><SP WIDTH="17" VPOS="2000" HPOS="1453"/><String ID="p277_w843" CONTENT="of" HPOS="1470" VPOS="2000" WIDTH="40" HEIGHT="75" STYLEREFS="font0"/><SP WIDTH="20" VPOS="2000" HPOS="1510"/><String ID="p277_w844" CONTENT="the" HPOS="1530" VPOS="2000" WIDTH="54" HEIGHT="75" STYLEREFS="font0"/><SP WIDTH="16" VPOS="2000" HPOS="1584"/><String ID="p277_w845" CONTENT="colon." HPOS="1600" VPOS="2000" WIDTH="107" HEIGHT="75" STYLEREFS="font0"/></TextLine><TextLine WIDTH="990" HEIGHT="75" ID="p277_t109" HPOS="1275" VPOS="2047"><String ID="p277_w846" CONTENT="The" HPOS="1275" VPOS="2047" WIDTH="76" HEIGHT="75" STYLEREFS="font0"/><SP WIDTH="27" VPOS="2047" HPOS="1351"/><String ID="p277_w847" CONTENT="middle" HPOS="1378" VPOS="2047" WIDTH="121" HEIGHT="75" STYLEREFS="font0"/><SP WIDTH="23" VPOS="2047" HPOS="1499"/><String ID="p277_w848" CONTENT="branch" HPOS="1522" VPOS="2047" WIDTH="121" HEIGHT="75" STYLEREFS="font0"/><SP WIDTH="25" VPOS="2047" HPOS="1643"/><String ID="p277_w849" CONTENT="divides" HPOS="1668" VPOS="2047" WIDTH="124" HEIGHT="75" STYLEREFS="font0"/><SP WIDTH="27" VPOS="2047" HPOS="1792"/><String ID="p277_w850" CONTENT="into" HPOS="1819" VPOS="2047" WIDTH="68" HEIGHT="75" STYLEREFS="font0"/><SP WIDTH="26" VPOS="2047" HPOS="1887"/><String ID="p277_w851" CONTENT="two" HPOS="1913" VPOS="2047" WIDTH="66" HEIGHT="75" STYLEREFS="font0"/><SP WIDTH="22" VPOS="2047" HPOS="1979"/><String ID="p277_w852" CONTENT="rami;" HPOS="2001" VPOS="2047" WIDTH="102" HEIGHT="75" STYLEREFS="font0"/><SP WIDTH="27" VPOS="2047" HPOS="2103"/><String ID="p277_w853" CONTENT="one" HPOS="2130" VPOS="2047" WIDTH="61" HEIGHT="75" STYLEREFS="font0"/><SP WIDTH="31" VPOS="2047" HPOS="2191"/><String ID="p277_w854" CONTENT="of" HPOS="2222" VPOS="2047" WIDTH="43" HEIGHT="75" STYLEREFS="font0"/></TextLine><TextLine WIDTH="1030" HEIGHT="75" ID="p277_t110" HPOS="1229" VPOS="2092"><String ID="p277_w855" CONTENT="which" HPOS="1229" VPOS="2092" WIDTH="105" HEIGHT="75" STYLEREFS="font0"/><SP WIDTH="16" VPOS="2092" HPOS="1334"/><String ID="p277_w856" CONTENT="pafles" HPOS="1350" VPOS="2092" WIDTH="98" HEIGHT="75" STYLEREFS="font0"/><SP WIDTH="16" VPOS="2092" HPOS="1448"/><String ID="p277_w857" CONTENT="upward" HPOS="1464" VPOS="2092" WIDTH="133" HEIGHT="75" STYLEREFS="font0"/><SP WIDTH="16" VPOS="2092" HPOS="1597"/><String ID="p277_w858" CONTENT="on" HPOS="1613" VPOS="2092" WIDTH="41" HEIGHT="75" STYLEREFS="font0"/><SP WIDTH="14" VPOS="2092" HPOS="1654"/><String ID="p277_w859" CONTENT="the" HPOS="1668" VPOS="2092" WIDTH="55" HEIGHT="75" STYLEREFS="font0"/><SP WIDTH="12" VPOS="2092" HPOS="1723"/><String ID="p277_w860" CONTENT="extremity" HPOS="1735" VPOS="2092" WIDTH="174" HEIGHT="75" STYLEREFS="font0"/><SP WIDTH="16" VPOS="2092" HPOS="1909"/><String ID="p277_w861" CONTENT="of" HPOS="1925" VPOS="2092" WIDTH="40" HEIGHT="75" STYLEREFS="font0"/><SP WIDTH="18" VPOS="2092" HPOS="1965"/><String ID="p277_w862" CONTENT="the" HPOS="1983" VPOS="2092" WIDTH="56" HEIGHT="75" STYLEREFS="font0"/><SP WIDTH="11" VPOS="2092" HPOS="2039"/><String ID="p277_w863" CONTENT="colon," HPOS="2050" VPOS="2092" WIDTH="106" HEIGHT="75" STYLEREFS="font0"/><SP WIDTH="14" VPOS="2092" HPOS="2156"/><String ID="p277_w864" CONTENT="com-" HPOS="2170" VPOS="2092" WIDTH="89" HEIGHT="75" STYLEREFS="font0"/></TextLine><TextLine WIDTH="1031" HEIGHT="75" ID="p277_t111" HPOS="1227" VPOS="2139"><String ID="p277_w865" CONTENT="municating" HPOS="1227" VPOS="2139" WIDTH="195" HEIGHT="75" STYLEREFS="font0"/><SP WIDTH="15" VPOS="2139" HPOS="1422"/><String ID="p277_w866" CONTENT="by" HPOS="1437" VPOS="2139" WIDTH="43" HEIGHT="75" STYLEREFS="font0"/><SP WIDTH="17" VPOS="2139" HPOS="1480"/><String ID="p277_w867" CONTENT="arches" HPOS="1497" VPOS="2139" WIDTH="111" HEIGHT="75" STYLEREFS="font0"/><SP WIDTH="17" VPOS="2139" HPOS="1608"/><String ID="p277_w868" CONTENT="with" HPOS="1625" VPOS="2139" WIDTH="79" HEIGHT="75" STYLEREFS="font0"/><SP WIDTH="12" VPOS="2139" HPOS="1704"/><String ID="p277_w869" CONTENT="the" HPOS="1716" VPOS="2139" WIDTH="54" HEIGHT="75" STYLEREFS="font0"/><SP WIDTH="13" VPOS="2139" HPOS="1770"/><String ID="p277_w870" CONTENT="fecond" HPOS="1783" VPOS="2139" WIDTH="116" HEIGHT="75" STYLEREFS="font0"/><SP WIDTH="16" VPOS="2139" HPOS="1899"/><String ID="p277_w871" CONTENT="ramus" HPOS="1915" VPOS="2139" WIDTH="105" HEIGHT="75" STYLEREFS="font0"/><SP WIDTH="17" VPOS="2139" HPOS="2020"/><String ID="p277_w872" CONTENT="of" HPOS="2037" VPOS="2139" WIDTH="40" HEIGHT="75" STYLEREFS="font0"/><SP WIDTH="19" VPOS="2139" HPOS="2077"/><String ID="p277_w873" CONTENT="the" HPOS="2096" VPOS="2139" WIDTH="55" HEIGHT="75" STYLEREFS="font0"/><SP WIDTH="16" VPOS="2139" HPOS="2151"/><String ID="p277_w874" CONTENT="fupe-" HPOS="2167" VPOS="2139" WIDTH="91" HEIGHT="75" STYLEREFS="font0"/></TextLine><TextLine WIDTH="1036" HEIGHT="75" ID="p277_t112" HPOS="1227" VPOS="2185"><String ID="p277_w875" CONTENT="rior" HPOS="1227" VPOS="2185" WIDTH="67" HEIGHT="75" STYLEREFS="font0"/><SP WIDTH="10" VPOS="2185" HPOS="1294"/><String ID="p277_w876" CONTENT="branch;" HPOS="1304" VPOS="2185" WIDTH="142" HEIGHT="75" STYLEREFS="font0"/><SP WIDTH="26" VPOS="2185" HPOS="1446"/><String ID="p277_w877" CONTENT="the" HPOS="1472" VPOS="2185" WIDTH="57" HEIGHT="75" STYLEREFS="font0"/><SP WIDTH="23" VPOS="2185" HPOS="1529"/><String ID="p277_w878" CONTENT="other" HPOS="1552" VPOS="2185" WIDTH="95" HEIGHT="75" STYLEREFS="font0"/><SP WIDTH="15" VPOS="2185" HPOS="1647"/><String ID="p277_w879" CONTENT="runs" HPOS="1662" VPOS="2185" WIDTH="75" HEIGHT="75" STYLEREFS="font0"/><SP WIDTH="27" VPOS="2185" HPOS="1737"/><String ID="p277_w880" CONTENT="down" HPOS="1764" VPOS="2185" WIDTH="98" HEIGHT="75" STYLEREFS="font0"/><SP WIDTH="26" VPOS="2185" HPOS="1862"/><String ID="p277_w881" CONTENT="on" HPOS="1888" VPOS="2185" WIDTH="43" HEIGHT="75" STYLEREFS="font0"/><SP WIDTH="27" VPOS="2185" HPOS="1931"/><String ID="p277_w882" CONTENT="the" HPOS="1958" VPOS="2185" WIDTH="56" HEIGHT="75" STYLEREFS="font0"/><SP WIDTH="17" VPOS="2185" HPOS="2014"/><String ID="p277_w883" CONTENT="extremity" HPOS="2031" VPOS="2185" WIDTH="176" HEIGHT="75" STYLEREFS="font0"/><SP WIDTH="15" VPOS="2185" HPOS="2207"/><String ID="p277_w884" CONTENT="of" HPOS="2222" VPOS="2185" WIDTH="41" HEIGHT="75" STYLEREFS="font0"/></TextLine><TextLine WIDTH="326" HEIGHT="75" ID="p277_t113" HPOS="1226" VPOS="2233"><String ID="p277_w885" CONTENT="the" HPOS="1226" VPOS="2233" WIDTH="56" HEIGHT="75" STYLEREFS="font0"/><SP WIDTH="16" VPOS="2233" HPOS="1282"/><String ID="p277_w886" CONTENT="fame" HPOS="1298" VPOS="2233" WIDTH="82" HEIGHT="75" STYLEREFS="font0"/><SP WIDTH="16" VPOS="2233" HPOS="1380"/><String ID="p277_w887" CONTENT="inteftine." HPOS="1396" VPOS="2233" WIDTH="156" HEIGHT="75" STYLEREFS="font0"/></TextLine><TextLine WIDTH="984" HEIGHT="75" ID="p277_t114" HPOS="1273" VPOS="2278"><String ID="p277_w888" CONTENT="The" HPOS="1273" VPOS="2278" WIDTH="77" HEIGHT="75" STYLEREFS="font0"/><SP WIDTH="16" VPOS="2278" HPOS="1350"/><String ID="p277_w889" CONTENT="lower" HPOS="1366" VPOS="2278" WIDTH="101" HEIGHT="75" STYLEREFS="font0"/><SP WIDTH="16" VPOS="2278" HPOS="1467"/><String ID="p277_w890" CONTENT="branch" HPOS="1483" VPOS="2278" WIDTH="120" HEIGHT="75" STYLEREFS="font0"/><SP WIDTH="16" VPOS="2278" HPOS="1603"/><String ID="p277_w891" CONTENT="goes" HPOS="1619" VPOS="2278" WIDTH="76" HEIGHT="75" STYLEREFS="font0"/><SP WIDTH="27" VPOS="2278" HPOS="1695"/><String ID="p277_w892" CONTENT="to" HPOS="1722" VPOS="2278" WIDTH="34" HEIGHT="75" STYLEREFS="font0"/><SP WIDTH="25" VPOS="2278" HPOS="1756"/><String ID="p277_w893" CONTENT="the" HPOS="1781" VPOS="2278" WIDTH="55" HEIGHT="75" STYLEREFS="font0"/><SP WIDTH="25" VPOS="2278" HPOS="1836"/><String ID="p277_w894" CONTENT="fecond" HPOS="1861" VPOS="2278" WIDTH="117" HEIGHT="75" STYLEREFS="font0"/><SP WIDTH="20" VPOS="2278" HPOS="1978"/><String ID="p277_w895" CONTENT="portion" HPOS="1998" VPOS="2278" WIDTH="127" HEIGHT="75" STYLEREFS="font0"/><SP WIDTH="17" VPOS="2278" HPOS="2125"/><String ID="p277_w896" CONTENT="of" HPOS="2142" VPOS="2278" WIDTH="41" HEIGHT="75" STYLEREFS="font0"/><SP WIDTH="18" VPOS="2278" HPOS="2183"/><String ID="p277_w897" CONTENT="the" HPOS="2201" VPOS="2278" WIDTH="56" HEIGHT="75" STYLEREFS="font0"/></TextLine><TextLine WIDTH="326" HEIGHT="75" ID="p277_t115" HPOS="1226" VPOS="2324"><String ID="p277_w898" CONTENT="colon," HPOS="1226" VPOS="2324" WIDTH="105" HEIGHT="75" STYLEREFS="font0"/><SP WIDTH="25" VPOS="2324" HPOS="1331"/><String ID="p277_w899" CONTENT="or" HPOS="1356" VPOS="2324" WIDTH="38" HEIGHT="75" STYLEREFS="font0"/><SP WIDTH="15" VPOS="2324" HPOS="1394"/><String ID="p277_w900" CONTENT="to" HPOS="1409" VPOS="2324" WIDTH="35" HEIGHT="75" STYLEREFS="font0"/><SP WIDTH="16" VPOS="2324" HPOS="1444"/><String ID="p277_w901" CONTENT="both." HPOS="1460" VPOS="2324" WIDTH="92" HEIGHT="75" STYLEREFS="font0"/></TextLine><TextLine WIDTH="984" HEIGHT="75" ID="p277_t116" HPOS="1272" VPOS="2371"><String ID="p277_w902" CONTENT="It" HPOS="1272" VPOS="2371" WIDTH="33" HEIGHT="75" STYLEREFS="font0"/><SP WIDTH="14" VPOS="2371" HPOS="1305"/><String ID="p277_w903" CONTENT="fends" HPOS="1319" VPOS="2371" WIDTH="93" HEIGHT="75" STYLEREFS="font0"/><SP WIDTH="12" VPOS="2371" HPOS="1412"/><String ID="p277_w904" CONTENT="another" HPOS="1424" VPOS="2371" WIDTH="133" HEIGHT="75" STYLEREFS="font0"/><SP WIDTH="9" VPOS="2371" HPOS="1557"/><String ID="p277_w905" CONTENT="confiderable" HPOS="1566" VPOS="2371" WIDTH="216" HEIGHT="75" STYLEREFS="font0"/><SP WIDTH="17" VPOS="2371" HPOS="1782"/><String ID="p277_w906" CONTENT="branch" HPOS="1799" VPOS="2371" WIDTH="119" HEIGHT="75" STYLEREFS="font0"/><SP WIDTH="13" VPOS="2371" HPOS="1918"/><String ID="p277_w907" CONTENT="downward," HPOS="1931" VPOS="2371" WIDTH="196" HEIGHT="75" STYLEREFS="font0"/><SP WIDTH="25" VPOS="2371" HPOS="2127"/><String ID="p277_w908" CONTENT="called" HPOS="2152" VPOS="2371" WIDTH="104" HEIGHT="75" STYLEREFS="font0"/></TextLine><TextLine WIDTH="1033" HEIGHT="75" ID="p277_t117" HPOS="1224" VPOS="2417"><String ID="p277_w909" CONTENT="arteria" HPOS="1224" VPOS="2417" WIDTH="128" HEIGHT="75" STYLEREFS="font0"/><SP WIDTH="12" VPOS="2417" HPOS="1352"/><String ID="p277_w910" CONTENT="hamorrhoidalis" HPOS="1364" VPOS="2417" WIDTH="273" HEIGHT="75" STYLEREFS="font0"/><SP WIDTH="12" VPOS="2417" HPOS="1637"/><String ID="p277_w911" CONTENT="interna," HPOS="1649" VPOS="2417" WIDTH="146" HEIGHT="75" STYLEREFS="font0"/><SP WIDTH="26" VPOS="2417" HPOS="1795"/><String ID="p277_w912" CONTENT="which" HPOS="1821" VPOS="2417" WIDTH="104" HEIGHT="75" STYLEREFS="font0"/><SP WIDTH="14" VPOS="2417" HPOS="1925"/><String ID="p277_w913" CONTENT="runs" HPOS="1939" VPOS="2417" WIDTH="75" HEIGHT="75" STYLEREFS="font0"/><SP WIDTH="12" VPOS="2417" HPOS="2014"/><String ID="p277_w914" CONTENT="down" HPOS="2026" VPOS="2417" WIDTH="99" HEIGHT="75" STYLEREFS="font0"/><SP WIDTH="11" VPOS="2417" HPOS="2125"/><String ID="p277_w915" CONTENT="behind" HPOS="2136" VPOS="2417" WIDTH="121" HEIGHT="75" STYLEREFS="font0"/></TextLine><TextLine WIDTH="1028" HEIGHT="75" ID="p277_t118" HPOS="1224" VPOS="2463"><String ID="p277_w916" CONTENT="the" HPOS="1224" VPOS="2463" WIDTH="56" HEIGHT="75" STYLEREFS="font0"/><SP WIDTH="15" VPOS="2463" HPOS="1280"/><String ID="p277_w917" CONTENT="inteftinum" HPOS="1295" VPOS="2463" WIDTH="181" HEIGHT="75" STYLEREFS="font0"/><SP WIDTH="24" VPOS="2463" HPOS="1476"/><String ID="p277_w918" CONTENT="redtum," HPOS="1500" VPOS="2463" WIDTH="131" HEIGHT="75" STYLEREFS="font0"/><SP WIDTH="27" VPOS="2463" HPOS="1631"/><String ID="p277_w919" CONTENT="to" HPOS="1658" VPOS="2463" WIDTH="34" HEIGHT="75" STYLEREFS="font0"/><SP WIDTH="25" VPOS="2463" HPOS="1692"/><String ID="p277_w920" CONTENT="which" HPOS="1717" VPOS="2463" WIDTH="105" HEIGHT="75" STYLEREFS="font0"/><SP WIDTH="16" VPOS="2463" HPOS="1822"/><String ID="p277_w921" CONTENT="it" HPOS="1838" VPOS="2463" WIDTH="28" HEIGHT="75" STYLEREFS="font0"/><SP WIDTH="23" VPOS="2463" HPOS="1866"/><String ID="p277_w922" CONTENT="is" HPOS="1889" VPOS="2463" WIDTH="27" HEIGHT="75" STYLEREFS="font0"/><SP WIDTH="25" VPOS="2463" HPOS="1916"/><String ID="p277_w923" CONTENT="diftributed" HPOS="1941" VPOS="2463" WIDTH="188" HEIGHT="75" STYLEREFS="font0"/><SP WIDTH="16" VPOS="2463" HPOS="2129"/><String ID="p277_w924" CONTENT="by" HPOS="2145" VPOS="2463" WIDTH="44" HEIGHT="75" STYLEREFS="font0"/><SP WIDTH="16" VPOS="2463" HPOS="2189"/><String ID="p277_w925" CONTENT="fe-" HPOS="2205" VPOS="2463" WIDTH="47" HEIGHT="75" STYLEREFS="font0"/></TextLine><TextLine WIDTH="338" HEIGHT="75" ID="p277_t119" HPOS="1224" VPOS="2508"><String ID="p277_w926" CONTENT="veral" HPOS="1224" VPOS="2508" WIDTH="84" HEIGHT="75" STYLEREFS="font0"/><SP WIDTH="20" VPOS="2508" HPOS="1308"/><String ID="p277_w927" CONTENT="ramifications." HPOS="1328" VPOS="2508" WIDTH="234" HEIGHT="75" STYLEREFS="font0"/></TextLine><TextLine WIDTH="983" HEIGHT="75" ID="p277_t120" HPOS="1270" VPOS="2554"><String ID="p277_w928" CONTENT="The" HPOS="1270" VPOS="2554" WIDTH="76" HEIGHT="75" STYLEREFS="font0"/><SP WIDTH="25" VPOS="2554" HPOS="1346"/><String ID="p277_w929" CONTENT="renal" HPOS="1371" VPOS="2554" WIDTH="87" HEIGHT="75" STYLEREFS="font0"/><SP WIDTH="24" VPOS="2554" HPOS="1458"/><String ID="p277_w930" CONTENT="arteries," HPOS="1482" VPOS="2554" WIDTH="142" HEIGHT="75" STYLEREFS="font0"/><SP WIDTH="26" VPOS="2554" HPOS="1624"/><String ID="p277_w931" CONTENT="commonly" HPOS="1650" VPOS="2554" WIDTH="183" HEIGHT="75" STYLEREFS="font0"/><SP WIDTH="27" VPOS="2554" HPOS="1833"/><String ID="p277_w932" CONTENT="called" HPOS="1860" VPOS="2554" WIDTH="104" HEIGHT="75" STYLEREFS="font0"/><SP WIDTH="22" VPOS="2554" HPOS="1964"/><String ID="p277_w933" CONTENT="emulgents," HPOS="1986" VPOS="2554" WIDTH="188" HEIGHT="75" STYLEREFS="font0"/><SP WIDTH="25" VPOS="2554" HPOS="2174"/><String ID="p277_w934" CONTENT="are" HPOS="2199" VPOS="2554" WIDTH="54" HEIGHT="75" STYLEREFS="font0"/></TextLine><TextLine WIDTH="1030" HEIGHT="75" ID="p277_t121" HPOS="1223" VPOS="2600"><String ID="p277_w935" CONTENT="ordinarily" HPOS="1223" VPOS="2600" WIDTH="176" HEIGHT="75" STYLEREFS="font0"/><SP WIDTH="16" VPOS="2600" HPOS="1399"/><String ID="p277_w936" CONTENT="two" HPOS="1415" VPOS="2600" WIDTH="65" HEIGHT="75" STYLEREFS="font0"/><SP WIDTH="24" VPOS="2600" HPOS="1480"/><String ID="p277_w937" CONTENT="in" HPOS="1504" VPOS="2600" WIDTH="32" HEIGHT="75" STYLEREFS="font0"/><SP WIDTH="17" VPOS="2600" HPOS="1536"/><String ID="p277_w938" CONTENT="number," HPOS="1553" VPOS="2600" WIDTH="144" HEIGHT="75" STYLEREFS="font0"/><SP WIDTH="25" VPOS="2600" HPOS="1697"/><String ID="p277_w939" CONTENT="and" HPOS="1722" VPOS="2600" WIDTH="61" HEIGHT="75" STYLEREFS="font0"/><SP WIDTH="17" VPOS="2600" HPOS="1783"/><String ID="p277_w940" CONTENT="go" HPOS="1800" VPOS="2600" WIDTH="42" HEIGHT="75" STYLEREFS="font0"/><SP WIDTH="15" VPOS="2600" HPOS="1842"/><String ID="p277_w941" CONTENT="out" HPOS="1857" VPOS="2600" WIDTH="57" HEIGHT="75" STYLEREFS="font0"/><SP WIDTH="17" VPOS="2600" HPOS="1914"/><String ID="p277_w942" CONTENT="laterally" HPOS="1931" VPOS="2600" WIDTH="149" HEIGHT="75" STYLEREFS="font0"/><SP WIDTH="15" VPOS="2600" HPOS="2080"/><String ID="p277_w943" CONTENT="from" HPOS="2095" VPOS="2600" WIDTH="84" HEIGHT="75" STYLEREFS="font0"/><SP WIDTH="18" VPOS="2600" HPOS="2179"/><String ID="p277_w944" CONTENT="the" HPOS="2197" VPOS="2600" WIDTH="56" HEIGHT="75" STYLEREFS="font0"/></TextLine><TextLine WIDTH="1028" HEIGHT="75" ID="p277_t122" HPOS="1224" VPOS="2646"><String ID="p277_w945" CONTENT="inferior" HPOS="1224" VPOS="2646" WIDTH="132" HEIGHT="75" STYLEREFS="font0"/><SP WIDTH="15" VPOS="2646" HPOS="1356"/><String ID="p277_w946" CONTENT="defeending" HPOS="1371" VPOS="2646" WIDTH="189" HEIGHT="75" STYLEREFS="font0"/><SP WIDTH="17" VPOS="2646" HPOS="1560"/><String ID="p277_w947" CONTENT="aorta," HPOS="1577" VPOS="2646" WIDTH="102" HEIGHT="75" STYLEREFS="font0"/><SP WIDTH="25" VPOS="2646" HPOS="1679"/><String ID="p277_w948" CONTENT="immediately" HPOS="1704" VPOS="2646" WIDTH="218" HEIGHT="75" STYLEREFS="font0"/><SP WIDTH="21" VPOS="2646" HPOS="1922"/><String ID="p277_w949" CONTENT="under" HPOS="1943" VPOS="2646" WIDTH="100" HEIGHT="75" STYLEREFS="font0"/><SP WIDTH="16" VPOS="2646" HPOS="2043"/><String ID="p277_w950" CONTENT="the" HPOS="2059" VPOS="2646" WIDTH="55" HEIGHT="75" STYLEREFS="font0"/><SP WIDTH="16" VPOS="2646" HPOS="2114"/><String ID="p277_w951" CONTENT="mefen-" HPOS="2130" VPOS="2646" WIDTH="122" HEIGHT="75" STYLEREFS="font0"/></TextLine><TextLine WIDTH="1029" HEIGHT="75" ID="p277_t123" HPOS="1223" VPOS="2694"><String ID="p277_w952" CONTENT="terica" HPOS="1223" VPOS="2694" WIDTH="99" HEIGHT="75" STYLEREFS="font0"/><SP WIDTH="14" VPOS="2694" HPOS="1322"/><String ID="p277_w953" CONTENT="fuperior," HPOS="1336" VPOS="2694" WIDTH="153" HEIGHT="75" STYLEREFS="font0"/><SP WIDTH="26" VPOS="2694" HPOS="1489"/><String ID="p277_w954" CONTENT="one" HPOS="1515" VPOS="2694" WIDTH="60" HEIGHT="75" STYLEREFS="font0"/><SP WIDTH="29" VPOS="2694" HPOS="1575"/><String ID="p277_w955" CONTENT="to" HPOS="1604" VPOS="2694" WIDTH="34" HEIGHT="75" STYLEREFS="font0"/><SP WIDTH="21" VPOS="2694" HPOS="1638"/><String ID="p277_w956" CONTENT="the" HPOS="1659" VPOS="2694" WIDTH="55" HEIGHT="75" STYLEREFS="font0"/><SP WIDTH="23" VPOS="2694" HPOS="1714"/><String ID="p277_w957" CONTENT="right" HPOS="1737" VPOS="2694" WIDTH="86" HEIGHT="75" STYLEREFS="font0"/><SP WIDTH="17" VPOS="2694" HPOS="1823"/><String ID="p277_w958" CONTENT="hand," HPOS="1840" VPOS="2694" WIDTH="98" HEIGHT="75" STYLEREFS="font0"/><SP WIDTH="24" VPOS="2694" HPOS="1938"/><String ID="p277_w959" CONTENT="the" HPOS="1962" VPOS="2694" WIDTH="58" HEIGHT="75" STYLEREFS="font0"/><SP WIDTH="16" VPOS="2694" HPOS="2020"/><String ID="p277_w960" CONTENT="other" HPOS="2036" VPOS="2694" WIDTH="93" HEIGHT="75" STYLEREFS="font0"/><SP WIDTH="16" VPOS="2694" HPOS="2129"/><String ID="p277_w961" CONTENT="to" HPOS="2145" VPOS="2694" WIDTH="35" HEIGHT="75" STYLEREFS="font0"/><SP WIDTH="17" VPOS="2694" HPOS="2180"/><String ID="p277_w962" CONTENT="the" HPOS="2197" VPOS="2694" WIDTH="55" HEIGHT="75" STYLEREFS="font0"/></TextLine><TextLine WIDTH="73" HEIGHT="75" ID="p277_t124" HPOS="1220" VPOS="2740"><String ID="p277_w963" CONTENT="left." HPOS="1220" VPOS="2740" WIDTH="73" HEIGHT="75" STYLEREFS="font0"/></TextLine><TextLine WIDTH="981" HEIGHT="75" ID="p277_t125" HPOS="1269" VPOS="2786"><String ID="p277_w964" CONTENT="They" HPOS="1269" VPOS="2786" WIDTH="99" HEIGHT="75" STYLEREFS="font0"/><SP WIDTH="17" VPOS="2786" HPOS="1368"/><String ID="p277_w965" CONTENT="run" HPOS="1385" VPOS="2786" WIDTH="58" HEIGHT="75" STYLEREFS="font0"/><SP WIDTH="18" VPOS="2786" HPOS="1443"/><String ID="p277_w966" CONTENT="commonly" HPOS="1461" VPOS="2786" WIDTH="181" HEIGHT="75" STYLEREFS="font0"/><SP WIDTH="13" VPOS="2786" HPOS="1642"/><String ID="p277_w967" CONTENT="without" HPOS="1655" VPOS="2786" WIDTH="137" HEIGHT="75" STYLEREFS="font0"/><SP WIDTH="11" VPOS="2786" HPOS="1792"/><String ID="p277_w968" CONTENT="divifion," HPOS="1803" VPOS="2786" WIDTH="145" HEIGHT="75" STYLEREFS="font0"/><SP WIDTH="18" VPOS="2786" HPOS="1948"/><String ID="p277_w969" CONTENT="and" HPOS="1966" VPOS="2786" WIDTH="62" HEIGHT="75" STYLEREFS="font0"/><SP WIDTH="13" VPOS="2786" HPOS="2028"/><String ID="p277_w970" CONTENT="almoft" HPOS="2041" VPOS="2786" WIDTH="109" HEIGHT="75" STYLEREFS="font0"/><SP WIDTH="12" VPOS="2786" HPOS="2150"/><String ID="p277_w971" CONTENT="hori-" HPOS="2162" VPOS="2786" WIDTH="88" HEIGHT="75" STYLEREFS="font0"/></TextLine><TextLine WIDTH="1026" HEIGHT="75" ID="p277_t126" HPOS="1224" VPOS="2833"><String ID="p277_w972" CONTENT="zontally" HPOS="1224" VPOS="2833" WIDTH="143" HEIGHT="75" STYLEREFS="font0"/><SP WIDTH="19" VPOS="2833" HPOS="1367"/><String ID="p277_w973" CONTENT="to" HPOS="1386" VPOS="2833" WIDTH="35" HEIGHT="75" STYLEREFS="font0"/><SP WIDTH="24" VPOS="2833" HPOS="1421"/><String ID="p277_w974" CONTENT="the" HPOS="1445" VPOS="2833" WIDTH="56" HEIGHT="75" STYLEREFS="font0"/><SP WIDTH="24" VPOS="2833" HPOS="1501"/><String ID="p277_w975" CONTENT="kidneys," HPOS="1525" VPOS="2833" WIDTH="147" HEIGHT="75" STYLEREFS="font0"/><SP WIDTH="27" VPOS="2833" HPOS="1672"/><String ID="p277_w976" CONTENT="into" HPOS="1699" VPOS="2833" WIDTH="68" HEIGHT="75" STYLEREFS="font0"/><SP WIDTH="24" VPOS="2833" HPOS="1767"/><String ID="p277_w977" CONTENT="the" HPOS="1791" VPOS="2833" WIDTH="57" HEIGHT="75" STYLEREFS="font0"/><SP WIDTH="25" VPOS="2833" HPOS="1848"/><String ID="p277_w978" CONTENT="depreffions" HPOS="1873" VPOS="2833" WIDTH="186" HEIGHT="75" STYLEREFS="font0"/><SP WIDTH="26" VPOS="2833" HPOS="2059"/><String ID="p277_w979" CONTENT="of" HPOS="2085" VPOS="2833" WIDTH="41" HEIGHT="75" STYLEREFS="font0"/><SP WIDTH="18" VPOS="2833" HPOS="2126"/><String ID="p277_w980" CONTENT="which" HPOS="2144" VPOS="2833" WIDTH="106" HEIGHT="75" STYLEREFS="font0"/></TextLine><TextLine WIDTH="1031" HEIGHT="75" ID="p277_t127" HPOS="1218" VPOS="2880"><String ID="p277_w981" CONTENT="they" HPOS="1218" VPOS="2880" WIDTH="81" HEIGHT="75" STYLEREFS="font0"/><SP WIDTH="16" VPOS="2880" HPOS="1299"/><String ID="p277_w982" CONTENT="enter" HPOS="1315" VPOS="2880" WIDTH="90" HEIGHT="75" STYLEREFS="font0"/><SP WIDTH="16" VPOS="2880" HPOS="1405"/><String ID="p277_w983" CONTENT="by" HPOS="1421" VPOS="2880" WIDTH="43" HEIGHT="75" STYLEREFS="font0"/><SP WIDTH="16" VPOS="2880" HPOS="1464"/><String ID="p277_w984" CONTENT="feveral" HPOS="1480" VPOS="2880" WIDTH="116" HEIGHT="75" STYLEREFS="font0"/><SP WIDTH="13" VPOS="2880" HPOS="1596"/><String ID="p277_w985" CONTENT="branches," HPOS="1609" VPOS="2880" WIDTH="168" HEIGHT="75" STYLEREFS="font0"/><SP WIDTH="25" VPOS="2880" HPOS="1777"/><String ID="p277_w986" CONTENT="which" HPOS="1802" VPOS="2880" WIDTH="105" HEIGHT="75" STYLEREFS="font0"/><SP WIDTH="18" VPOS="2880" HPOS="1907"/><String ID="p277_w987" CONTENT="form" HPOS="1925" VPOS="2880" WIDTH="84" HEIGHT="75" STYLEREFS="font0"/><SP WIDTH="13" VPOS="2880" HPOS="2009"/><String ID="p277_w988" CONTENT="arches" HPOS="2022" VPOS="2880" WIDTH="110" HEIGHT="75" STYLEREFS="font0"/><SP WIDTH="17" VPOS="2880" HPOS="2132"/><String ID="p277_w989" CONTENT="in" HPOS="2149" VPOS="2880" WIDTH="33" HEIGHT="75" STYLEREFS="font0"/><SP WIDTH="13" VPOS="2880" HPOS="2182"/><String ID="p277_w990" CONTENT="the" HPOS="2195" VPOS="2880" WIDTH="54" HEIGHT="75" STYLEREFS="font0"/></TextLine><TextLine WIDTH="573" HEIGHT="75" ID="p277_t128" HPOS="1221" VPOS="2926"><String ID="p277_w991" CONTENT="inner" HPOS="1221" VPOS="2926" WIDTH="89" HEIGHT="75" STYLEREFS="font0"/><SP WIDTH="15" VPOS="2926" HPOS="1310"/><String ID="p277_w992" CONTENT="fubftance" HPOS="1325" VPOS="2926" WIDTH="159" HEIGHT="75" STYLEREFS="font0"/><SP WIDTH="16" VPOS="2926" HPOS="1484"/><String ID="p277_w993" CONTENT="of" HPOS="1500" VPOS="2926" WIDTH="41" HEIGHT="75" STYLEREFS="font0"/><SP WIDTH="17" VPOS="2926" HPOS="1541"/><String ID="p277_w994" CONTENT="thefe" HPOS="1558" VPOS="2926" WIDTH="89" HEIGHT="75" STYLEREFS="font0"/><SP WIDTH="16" VPOS="2926" HPOS="1647"/><String ID="p277_w995" CONTENT="vifeera." HPOS="1663" VPOS="2926" WIDTH="131" HEIGHT="75" STYLEREFS="font0"/></TextLine><TextLine WIDTH="980" HEIGHT="75" ID="p277_t129" HPOS="1268" VPOS="2975"><String ID="p277_w996" CONTENT="From" HPOS="1268" VPOS="2975" WIDTH="97" HEIGHT="75" STYLEREFS="font0"/><SP WIDTH="27" VPOS="2975" HPOS="1365"/><String ID="p277_w997" CONTENT="thefe" HPOS="1392" VPOS="2975" WIDTH="88" HEIGHT="75" STYLEREFS="font0"/><SP WIDTH="29" VPOS="2975" HPOS="1480"/><String ID="p277_w998" CONTENT="arches," HPOS="1509" VPOS="2975" WIDTH="123" HEIGHT="75" STYLEREFS="font0"/><SP WIDTH="26" VPOS="2975" HPOS="1632"/><String ID="p277_w999" CONTENT="numerous" HPOS="1658" VPOS="2975" WIDTH="170" HEIGHT="75" STYLEREFS="font0"/><SP WIDTH="25" VPOS="2975" HPOS="1828"/><String ID="p277_w1000" CONTENT="fmall" HPOS="1853" VPOS="2975" WIDTH="89" HEIGHT="75" STYLEREFS="font0"/><SP WIDTH="29" VPOS="2975" HPOS="1942"/><String ID="p277_w1001" CONTENT="rami" HPOS="1971" VPOS="2975" WIDTH="78" HEIGHT="75" STYLEREFS="font0"/><SP WIDTH="17" VPOS="2975" HPOS="2049"/><String ID="p277_w1002" CONTENT="go" HPOS="2066" VPOS="2975" WIDTH="42" HEIGHT="75" STYLEREFS="font0"/><SP WIDTH="17" VPOS="2975" HPOS="2108"/><String ID="p277_w1003" CONTENT="out" HPOS="2125" VPOS="2975" WIDTH="56" HEIGHT="75" STYLEREFS="font0"/><SP WIDTH="18" VPOS="2975" HPOS="2181"/><String ID="p277_w1004" CONTENT="to-" HPOS="2199" VPOS="2975" WIDTH="49" HEIGHT="75" STYLEREFS="font0"/></TextLine><TextLine WIDTH="77" HEIGHT="75" ID="p277_t130" HPOS="1705" VPOS="3035"><String ID="p277_w1005" CONTENT="3" HPOS="1705" VPOS="3035" WIDTH="15" HEIGHT="75" STYLEREFS="font0"/><SP WIDTH="28" VPOS="3035" HPOS="1720"/><String ID="p277_w1006" CONTENT="N" HPOS="1748" VPOS="3035" WIDTH="34" HEIGHT="75" STYLEREFS="font0"/></TextLine><TextLine WIDTH="90" HEIGHT="75" ID="p277_t131" HPOS="2163" VPOS="3035"><String ID="p277_w1007" CONTENT="ward" HPOS="2163" VPOS="3035" WIDTH="90" HEIGHT="75" STYLEREFS="font0"/></TextLine><TextLine WIDTH="13" HEIGHT="75" ID="p277_t132" HPOS="92" VPOS="3149"><String ID="p277_w1008" CONTENT="I" HPOS="92" VPOS="3149" WIDTH="13" HEIGHT="75" STYLEREFS="font0"/></TextLine></PrintSpace></Page></Layout></alto>